1884 2922
604 229 646 251 Ds.
672 230 701 252 S.

65 301 104 329 μα
130 290 215 319 πάντα
236 291 307 329 Θεῷ.
323 290 443 329 Σήμερον
458 293 471 319 ὁ
490 290 526 318 ὢν
551 292 682 327 τίκτεται,
706 291 750 320 καὶ
766 293 779 320 ὁ
794 290 829 320 ὧν

63 336 163 373 γίνεται
174 336 239 375 ὅπερ
251 337 298 365 οὐκ
311 332 353 370 ἦν·
368 337 403 364 ὢν
419 335 469 375 γὰρ
483 336 560 372 Θεὸς,
574 336 674 375 γίνεται
686 337 831 376 ἄνθρωπος,

63 383 111 410 οὐκ
129 382 224 414 ἐκστὰς
238 385 282 410 τοῦ
301 377 368 410 εἶναι
387 382 463 415 Θεός.
478 383 548 411 Οὔτε
562 383 613 422 γὰρ
635 384 692 411 κατ’
708 382 830 412 ἔκστασιν

64 428 184 463 θεότητος
197 428 300 467 γέγονεν
324 428 475 468 ἅνθρωπος,
490 428 548 457 οὔτε
564 429 632 458 κατὰ
646 428 781 467 προκοπὴν
806 429 832 462 ἐξ

66 473 203 513 ἀνθρώπου
217 473 306 512 γέγονε
315 475 390 507 Θεὸς,
406 473 473 503 ἀλλὰ
483 474 567 513 Λόγος
576 474 611 503 ὢν
621 474 663 503 διὰ
679 475 708 503 τὸ
725 474 831 510 ἀπαθὲς,

64 520 129 558 σὰρξ
151 520 270 558 ἐγένετο,
292 520 479 558 &thaumasto-s
505 521 633 558 μενούσης
652 523 700 555 τῆς
722 520 832 559 φύσεως.

63 565 117 594 Καὶ
137 566 300 604 προσεπάγει
322 566 434 598 τούτοις·
459 567 472 594 ὁ
494 566 537 595 ἐπὶ
560 566 649 606 θρόνου
671 568 772 605 ὑψηλοῦ
788 566 833 595 καὶ

63 612 211 650 ἐπηρμένου
234 611 396 648 καθήμενος,
419 613 446 639 ἒν
470 612 553 650 φάτνῃ
577 612 718 640 τίθεται·ὁ
734 611 833 650 ἀναφὴς

64 658 108 687 καὶ
122 658 220 690 ἁπλοῦς
238 658 282 686 καὶ
299 658 439 695 ἀσώματος
454 658 545 697 χερτὶν
563 658 737 697 ἀνθρωπίναις
755 658 833 686 εἱλίσ-

731 228 863 252 JOANNE
891 228 1073 251 CHRYSOST.

883 291 972 318 omnia
985 290 1034 318 Dei
1051 295 1145 317 nutum
1160 294 1317 327 sequuntur.
1334 288 1421 317 Hodie
1434 289 1481 327 qui
1504 295 1560 318 erat

1557 219 1624 250 53,

1585 300 1630 328 gl·

885 336 1028 374 guitot-501
1050 335 1097 373 qui
1120 342 1172 369 est,
1188 335 1214 363 id
1239 335 1312 373 quod
1336 345 1388 363 non
1410 342 1466 363 erat
1490 335 1629 363 efficitur:

853 386 870 408 B
888 394 948 411 nam
966 393 1025 411 cum
1041 383 1113 410 Deus
1135 388 1217 418 esset,
1232 382 1262 410 fit
1281 382 1376 416 hoino,
1392 392 1439 410 nec
1455 381 1554 410 desinit
1576 392 1632 410 esse

888 429 972 456 Deus.
986 429 1077 466 Neque
1093 427 1162 456 enim
1178 438 1239 456 cum
1251 426 1358 456 deitatis
1369 427 1475 466 jactura
1488 427 1577 455 factus
1593 434 1632 455 est

887 475 985 512 homo,
1002 486 1087 514 neque
1114 486 1162 514 per
1181 475 1374 503 incrementum
1397 486 1431 504 ex
1456 475 1565 504 homine
1589 475 1632 503 fa—

887 528 947 549 ctus
967 528 1005 549 est
1028 522 1118 558 Deus;
1133 521 1178 549 sed
1202 532 1263 549 cum
1285 521 1400 549 verbum
1420 528 1505 556 esset,
1523 527 1633 560 propter

888 567 1133 606 impatibilitatem,
1159 578 1219 595 caro
1243 567 1344 596 sactum
1371 574 1423 601 est,
1440 578 1487 595 sua
1511 573 1634 595 manente

888 612 1051 641 immutabili
1067 620 1171 643 natura.
1193 614 1265 642 Hoec
1279 614 1383 641 deinde
1396 614 1499 652 adjicit
1510 626 1519 642 .-
1535 613 1590 648 Qui
1605 613 1633 641 in

889 658 955 686 solio
970 659 1074 687 excelso
1089 658 1251 696 sublimique
1266 659 1339 687 sedet
1351 682 1357 692 ,
1372 659 1398 687 in
1413 659 1543 698 praesepio
1553 659 1634 698 poni-

66 714 148 733 σεται·
160 703 217 733 ὁτὰ
236 706 282 738 τῆς
298 704 428 743 ἁμαρτίας
447 705 570 732 ἀνασπῶν
598 703 698 743 δεσμὰ,
716 703 834 743 vitup-foi·
889 709 933 731 tur
950 704 1017 742 :qui
1042 704 1224 743 impalpabilis
1238 727 1245 737 ,
1273 705 1388 743 simplex
1411 711 1435 733 et
1462 705 1633 744 incorporeus

889 756 941 785 cst,
954 749 1079 778 humanis
1096 750 1221 778 manibus
1241 750 1390 779 involvitur
1409 761 1416 777 z
1441 751 1486 787 qui
1512 758 1633 790 peecato-

897 806 959 823 rum
973 796 1082 824 vincula
1096 795 1194 832 solvit,
1209 796 1295 824 fasciis
1311 796 1512 835 constringitur.

66 762 118 783 νοις
132 749 304 789 ἐμπλέκεται.

198 1007 322 1035 Sanctus
336 1006 520 1046 Augustinus
533 1007 569 1035 de
584 1007 700 1035 Natura
711 1012 738 1035 et
756 1005 860 1035 Gratia
872 1013 973 1035 contra
987 1006 1156 1046 Pelagium,
1176 1008 1204 1035 T.
1218 1008 1255 1036 X.
1270 1017 1295 1036 e.
1311 1008 1360 1036 64.
1372 1018 1400 1047 p.
1415 1008 1482 1036 159.
1499 1009 1525 1037 b.

105 1105 171 1132 Item
185 1105 300 1134 Joannes
312 1105 619 1144 Constantinopolitanus
634 1105 789 1144 episcopus,
805 1106 881 1144 cujus
896 1105 985 1144 posuit
1006 1106 1249 1142 sententiam‚(lieit
1269 1114 1407 1146 peccatum
1423 1117 1473 1136 non
1489 1118 1545 1136 esse
1560 1107 1628 1137 sub—

65 1151 201 1187 stantiam,
211 1151 257 1180 sed
269 1159 357 1180 actum
371 1152 527 1191 malignum.
542 1153 609 1187 Quis
620 1152 670 1181 hoc
682 1153 779 1191 negat?
791 1160 816 1181 et
831 1153 891 1191 quia
908 1163 960 1181 non
974 1161 1012 1182 est
1024 1154 1157 1189 naturale,
1171 1154 1231 1183 ideo
1245 1162 1335 1183 contra
1349 1155 1417 1183 illud
1432 1155 1517 1194 legem
1533 1155 1614 1183 latam
1627 1177 1634 1191 ,

65 1206 91 1227 et
106 1199 179 1237 quod
193 1201 227 1228 de
240 1199 346 1227 arbitrii
361 1199 481 1228 libertate
493 1199 640 1228 descendit.
658 1200 747 1228 Etiam
762 1200 813 1228 hoc
827 1200 886 1238 quis
902 1201 999 1239 negat?
1015 1200 1070 1230 Sed
1086 1211 1157 1230 nunc
1171 1202 1260 1240 agitur
1274 1202 1307 1231 de
1319 1203 1437 1231 humana
1451 1209 1626 1241 natura,quae

68 1246 161 1275 vitiata
175 1254 228 1283 est3
242 1247 331 1286 agitur
345 1246 378 1275 de
394 1247 479 1286 gratia
492 1248 556 1282 Dei,
574 1258 626 1286 qua
641 1255 749 1276 sanatur
764 1259 811 1287 per
821 1248 956 1277 medicum
971 1249 1119 1285 Christum,
1133 1260 1187 1287 quo
1201 1260 1252 1278 non
1265 1250 1413 1289 indigeret,
1427 1251 1449 1279 si
1461 1262 1525 1279 sana
1541 1258 1625 1285 esset,

68 1304 127 1332 quae
139 1294 173 1322 ab
194 1293 243 1322 isto
266 1300 403 1332 tamquam
415 1304 488 1331 sana,
501 1294 545 1323 vel
567 1301 703 1332 tamquam
724 1294 775 1322 sibi
792 1295 940 1323 sufiicieute
959 1295 1105 1324 voluntatis
1127 1296 1253 1332 arbitrio,
1269 1308 1346 1336 posse
1368 1307 1420 1325 non
1442 1308 1553 1336 peccare
1576 1297 1628 1326 de—

69 1340 197 1369 fenditur.

242 1441 381 1480 Ejusdem
396 1447 498 1470 contra
511 1442 666 1470 Iulianum
681 1442 889 1481 Pelagianztrn,
904 1443 934 1470 T.
948 1443 987 1471 X.
1004 1443 1065 1472 Lib.
1079 1444 1106 1470 1.
1120 1453 1146 1471 c.
1164 1444 1193 1472 G.
1208 1454 1236 1482 p.
1250 1443 1307 1472 509
1324 1450 1349 1471 el
1368 1443 1433 1472 510.
1445 1456 1471 1472 a.

109 1532 182 1568 Itane
197 1539 247 1567 ista
262 1538 342 1567 verba
357 1539 441 1568 sancti
455 1539 565 1568 Joanuis
585 1539 704 1578 episcopi
719 1539 800 1568 audes
816 1547 953 1577 tamquam
967 1550 982 1568 e
993 1541 1127 1569 contrario
1144 1547 1182 1569 tot
1199 1541 1348 1579 taliumque
1362 1542 1499 1570 sententiis
1515 1542 1631 1581 collega-

67 1597 128 1617 rum
137 1587 194 1625 ejus
204 1597 467 1625 opponere,eumque
479 1586 514 1614 ab
529 1586 637 1614 illorum
650 1586 857 1615 concordissima
869 1587 991 1615 societate
1002 1587 1151 1625 sejungere,
1168 1594 1193 1616 et
1207 1588 1243 1616 eis
1256 1588 1441 1616 adversarium
1454 1589 1633 1618 constituere?

69 1635 163 1670 Absit,
178 1634 249 1662 absit
270 1634 322 1662 hoc
345 1633 445 1662 malum
468 1633 502 1662 de
523 1640 596 1662 tanto
620 1634 678 1662 viro
701 1634 807 1662 credere
827 1641 873 1662 aut
895 1634 993 1663 dicere.
1015 1635 1105 1670 Absit,
1121 1635 1247 1673 inquam,
1264 1643 1293 1663 ut
1316 1636 1628 1675 Constantinopolitanus

69 1683 184 1711 Joannes
198 1681 232 1710 de
246 1681 406 1720 baptismate
426 1681 617 1720 parvulorum,
633 1692 778 1720 eorumque
792 1693 805 1709 a
820 1689 929 1720 paterno
947 1682 1127 1721 chirographo
1141 1683 1299 1711 liberatione
1313 1694 1360 1722 per
1375 1683 1513 1712 Christum
1524 1706 1530 1718 ,
1545 1691 1583 1712 tot
1599 1695 1629 1712 ac

70 1728 151 1757 tantis
170 1727 332 1767 coepiscopis
347 1727 416 1763 suis,
431 1728 599 1766 maximeque
614 1729 735 1756 Romano
752 1728 906 1756 Innocentio
919 1751 926 1763 ,
942 1728 1156 1766 Carthaginiensi
1179 1729 1332 1768 Cypriane,
1348 1729 1500 1768 Cappadoci
1515 1729 1628 1763 Basilio,

70 1776 236 1804 Nazianzeno
248 1775 395 1814 Gregorio,
410 1775 491 1804 Gallo
511 1775 633 1811 Hilario,
651 1775 843 1804 Mediolanensi
861 1776 964 1804 resistat
981 1776 1135 1814 Ambrosio,
1153 1783 1202 1805 etc.
1220 1778 1327 1805 Postea
1342 1778 1475 1815 quaedam
1489 1777 1582 1815 affert
1594 1787 1630 1805 ea:

72 1825 133 1863 ejus
144 1823 270 1862 epistola
280 1823 324 1852 ad
341 1823 546 1862 Olympiadem
561 1830 589 1852 et
600 1834 636 1852 ea:
647 1833 778 1852 sermone
790 1824 825 1851 de
838 1824 963 1852 Lazaro.

242 1947 383 1986 Ejusdem
397 1949 428 1975 in
441 1957 524 1986 opere
539 1949 706 1987 imperfecto
721 1954 824 1977 contra
835 1949 990 1978 Jalianum
999 1971 1008 1988 7
1026 1950 1057 1978 T.
1068 1950 1105 1978 X.
1116 1959 1180 1988 cap.
1193 1949 1220 1978 7.
1229 1960 1258 1987 p.
1271 1951 1282 1977 1
1290 1950 1348 1978 Ξ96
1360 1956 1386 1977 et
1399 1950 1487 1978 1297.

110 2047 147 2076 Et
164 2046 232 2075 mihi
244 2046 340 2086 objicis
355 2048 456 2087 peccati
467 2047 548 2087 primi
562 2048 680 2077 hominis
694 2049 883 2087 granditatem,
899 2059 958 2087 quae
973 2049 1040 2077 tanti
1055 2049 1118 2077 mali
1132 2049 1273 2077 hominum
1286 2048 1407 2077 omnium
1418 2049 1520 2077 exstitit
1534 2059 1624 2083 causa,

71 2093 148 2131 quasi
158 2093 212 2137 hoc
223 2104 272 2132 ego
286 2093 359 2122 solus
372 2094 415 2122 vel
430 2094 533 2133 primus
545 2094 681 2124 dixerim?
695 2095 769 2124 Audi
784 2096 913 2125 Joannem
929 2095 1254 2134 Constantinopolitanum
1268 2095 1421 2124 excellentis
1433 2096 1524 2134 gloriae
1535 2107 1542 2125 ι
1553 2098 1630 2125 Pec-

69 2140 163 2174 cavit,
177 2140 281 2179 inquit,
297 2140 400 2168 Adam
420 2141 497 2169 illud
516 2142 628 2180 grande
645 2149 798 2180 peccalum
808 2163 817 2175 ,
835 2149 862 2170 et
873 2152 956 2170 omne
969 2152 1060 2180 genus
1080 2143 1227 2170 hominum
1249 2144 1280 2170 in
1295 2152 1446 2171 commune
1461 2144 1625 2172 damnavit.

70 2186 144 2215 Audi
153 2187 234 2216 etiam
244 2187 272 2216 in
284 2187 378 2216 Lazari
390 2188 590 2216 resuscitatione
604 2189 671 2227 quid
685 2189 768 2224 dicat,
780 2196 808 2218 ut
822 2189 955 2228 intelligas
971 2189 1090 2228 corporis
1104 2196 1215 2217 mortem
1231 2188 1264 2217 de
1281 2189 1327 2218 illo
1339 2189 1433 2227 grandi
1446 2190 1549 2219 venisse
1561 2202 1627 2230 pec-

71 2241 150 2262 cato:
166 2235 289 2270 Flebat,
307 2234 414 2273 inquit,
437 2235 585 2272 Christus,
609 2236 687 2275 quod
704 2246 751 2265 eos
771 2237 821 2275 qai
841 2236 1019 2265 immortales
1044 2246 1104 2265 esse
1124 2242 1279 2274 potuerant
1292 2258 1300 2271 ‚
1320 2237 1456 2265 diabolus
1471 2237 1551 2277 feeit
1570 2248 1632 2267 esse

70 2281 222 2317 mortales,
233 2288 281 2309 etc.

66 2379 1196 2394 m.

451 2471 610 2499 Cassianus
624 2471 660 2499 de
674 2472 880 2501 Incarnatione
894 2473 1033 2508 Domini,
1051 2473 1112 2500 Lib.
1129 2473 1158 2510 7,
1175 2483 1198 2502 c.
1213 2473 1262 2501 50.

111 2572 224 2600 Joaunes
239 2570 597 2610 Constantinopolitanorum
619 2572 768 2600 antistitum
792 2572 873 2602 decus
884 2596 891 2610 ‚
914 2573 991 2612 cujus
1006 2573 1131 2602 sanctitas
1147 2573 1246 2612 absque
1261 2573 1315 2602 ulla
1332 2573 1473 2613 gentilitize
1488 2585 1632 2614 persequu-

72 2617 150 2646 tionis
163 2616 276 2655 procella
290 2617 323 2645 ad
339 2617 462 2656 martyrii
478 2617 569 2646 merita
584 2618 722 2656 pervenit,
737 2626 790 2647 etc.
