1884 2922
732 219 833 243 INDEX
862 221 989 244 RERUM.

131 279 236 318 Rapina
257 285 296 308 est
314 279 395 307 etiam
414 288 465 307 11011
481 279 619 318 impertire
642 290 688 308 sua
710 282 837 320 pauperi-

96 323 154 351 bus.
170 329 190 351 Ι.
203 327 268 350 897.
285 332 312 350 Ε.

130 366 280 394 Emmaus
299 365 433 394 bonorum
447 366 554 394 bellum
567 366 702 395 internum
717 368 837 396 circum-

88 410 188 438 ferunt.
212 416 246 438 Y.
268 413 314 438 31.
334 420 362 437 1).
387 411 544 439 Innumeros
569 411 698 440 sustinent
719 412 832 444 laboies,

90 460 138 482 lx.
153 458 218 481 609.
237 464 261 482 c.
277 454 385 489 Quanto
404 454 537 493 supplicio
550 454 673 483 obnoxii.
690 463 710 483 Ι.
728 461 792 484 897.
807 467 834 484 1).

92 497 259 537 Carpuntur‚
278 503 322 525 XI.
339 502 403 527 580.
424 509 450 525 r.

130 542 222 569 Rirxo
232 541 349 569 humana
361 548 446 580 potest
457 542 546 570 omnia
558 542 624 571 vitia
637 542 757 578 domare,
768 554 836 582 quo-

89 585 180 614 modo.
198 592 244 613 IV.
263 590 325 614 105.
346 596 372 613 Ε.
389 586 496 615 Rationi
513 587 636 615 humanze
651 597 702 615 non
716 588 833 616 inniten-

89 629 156 657 dum
172 629 199 657 in
210 629 290 657 rebus
304 628 418 658 divinis.
435 637 467 660 V.
485 635 548 659 370.
563 641 591 661 E.
608 631 656 659 Dei
671 642 752 670 opera
766 642 834 661 asse-

89 673 136 711 qui
151 683 204 701 non
221 680 318 712 potest.
338 681 383 702 IV.
401 679 447 703 67.
464 685 492 704 Ε.

129 716 208 745 Ratio
230 720 287 746 Deo
308 717 443 746 reddenda
467 718 569 757 accepti
587 724 613 746 et
635 719 755 758 expensi.
782 727 828 750 ΙΙΙ.

89 765 116 790 9.
134 771 161 788 A.
180 760 260 789 etiam
275 761 309 789 de
329 761 549 800 cogitationibus.
567 769 612 792 III.
630 768 675 791 11.
690 774 714 791 B.
730 763 831 793 Ratioa

87 804 145 833 Deo
156 815 207 833 non
224 805 367 843 poscenda.
384 812 417 836 V,
435 810 500 835 513.
518 817 541 834 13.
554 815 600 834 nec
611 806 741 845 exigenda
751 806 784 835 de
799 808 831 836 iis

87 858 147 886 quae
158 849 230 877 facit.
244 856 288 877 XI.
300 853 363 878 412.
377 861 402 878 c.
418 851 485 878 Non
497 851 664 888 quaerenda,
676 861 739 879 cum
751 852 830 880 Dens

87 899 230 930 operatur.
246 900 279 921 v.
295 897 360 921 712.
378 904 406 923 n.

126 936 307 965 munem-11
323 937 478 965 mortalium
491 938 587 966 timida
597 960 605 973 ,
622 938 650 967 id
664 945 702 967 est
716 938 826 967 incerta.

86 986 106 1007 I.
128 984 192 1009 662.
211 992 239 1008 A.
254 979 413 1008 Ratiociniis
427 991 456 1008 ea
472 991 531 1018 quae
544 981 607 1010 fidei
625 989 686 1010 sunt
700 992 772 1021 saepe
786 982 827 1010 la—

85 1022 260 1052 befactantur.
285 1030 316 1051 x.
334 1028 377 1051 27.
395 1035 420 1053 B.
437 1024 595 1053 Ratiociniis
612 1025 640 1053 in
662 1025 742 1054 rebus
764 1026 827 1054 fidei

86 1067 173 1095 omnia
192 1067 354 1106 permittere,
370 1074 501 1105 quantum
521 1069 634 1098 malum.
656 1077 688 1098 Χ.
703 1074 728 1098 2.
745 1080 770 1098 1ῖ.
787 1071 826 1099 Ea

85 1111 172 1150 rejicit
184 1111 261 1140 fides.
278 1119 324 1140 XI.
340 1116 405 1140 417.
423 1123 450 1140 ε.
468 1113 618 1141 Ratiocinia
635 1113 743 1152 pariunt
757 1125 825 1142 nau-

84 1154 213 1193 fragium5
229 1155 294 1183 fides
306 1162 344 1183 est
355 1155 431 1183 navis
445 1155 586 1184 tutissima.
601 1164 644 1185 XI.
655 1162 720 1186 656.
738 1169 764 1186 E.

122 1200 263 1228 Raucae
274 1200 446 1233 continentia,
463 1199 592 1228 modestia
609 1208 636 1229 et
647 1201 825 1240 hospitalitas.

87 1250 135 1272 111.
149 1248 215 1274 267.
227 1255 249 1272 Β.
263 1248 379 1272 1v.560.
395 1254 421 1271 ,1.
435 1246 492 1272 Cur
501 1244 620 1273 Rebecca
634 1246 733 1274 sterilis
746 1247 826 1275 fuerit

84 1294 131 1315 ΙΙΙ.
149 1292 214 1316 425.
239 1299 268 1317 A.
291 1288 394 1316 Fax-ens
408 1288 508 1317 Jacobo
525 1288 698 1318 ministrabat
716 1290 825 1319 oraculo

82 1330 185 1360 divino.
207 1339 252 1360 IV.
268 1336 332 1360 595.
347 1343 372 1360 c.
394 1331 520 1360 Rebeccae
535 1343 633 1361 moeror
651 1344 698 1372 pro
718 1334 783 1362 filio.
800 1342 821 1364 Ι.

82 1379 148 1404 241.
168 1387 195 1403 A.
219 1375 285 1414 Ejus
303 1375 444 1404 consilium
466 1375 552 1404 simile
576 1376 679 1406 Christi
701 1378 822 1407 consilio.

82 1426 127 1448 IV.
145 1424 210 1449 607.
227 1431 253 1448 B.

122 1463 268 1492 Recufflm
282 1463 342 1493 filii.
362 1471 420 1493 VII.
439 1468 502 1492 520.
518 1475 543 1494 13.

120 1507 266 1536 RECIPI-:RE
279 1507 354 1536 aliud
365 1518 446 1545 quam
457 1518 558 1547 capere.
575 1515 596 1537 Ι.
617 1513 680 1537 962.
697 1519 721 1537 c.

119 1551 352 1580 Recoxcmu‘rlo
367 1552 520 1580 cumfratre
530 1559 590 1580 ante
608 1552 713 1581 aditum
727 1552 762 1581 ad
777 1553 820 1581 al-

79 1602 135 1623 tare
145 1595 300 1624 necessaria.
317 1603 337 1623 Ι.
360 1601 421 1624 154.
439 1607 462 1624 c.
480 1597 664 1625 Reconciliare
676 1607 704 1625 se
718 1604 821 1636 oportet

79 1649 142 1667 cum
153 1639 272 1675 inituim,
284 1646 309 1667 et
319 1640 437 1678 priorem
447 1640 581 1670 accedere.
594 1648 627 1668 ΙΙ.
640 1645 704 1670 241.
719 1654 745 1669 A.
759 1651 820 1670 cum

77 1693 107 1711 eo
122 1683 168 1721 qui
178 1689 397 1720 quantacumque
410 1683 507 1711 damna
523 1683 654 1712 intulerit.
671 1691 703 1713 II.
719 1689 782 1713 245.
793 1696 818 1713 B.

74 1736 136 1754 cum
154 1736 286 1761 inimicis,
309 1737 367 1755 sive
387 1728 465 1764 jure,
488 1727 544 1755 sive
562 1727 661 1766 injuria
676 1729 729 1756 sint
744 1729 817 1758 irati.

75 1777 120 1799 III.
142 1775 206 1799 204.
231 1781 258 1798 D.
275 1771 531 1799 Reconciliationem
548 1781 609 1800 cum
625 1771 752 1808 inimicis,
771 1773 820 1801 etsi

74 1824 184 1852 gravem
202 1821 227 1842 et
239 1814 392 1849 difficilem,
412 1814 506 1843 suadet
521 1815 629 1843 Paulus.
648 1822 693 1843 ΙΙΙ.
709 1821 772 1844 199.
790 1827 817 1846 E.

72 1858 216 1893 Quomodo
228 1858 261 1886 sit
276 1859 434 1896 quaerenda.
449 1866 494 1887 lx.
514 1864 611 1888 424.n.
629 1859 696 1897 Ejus
710 1859 816 1888 modus.

75 1909 110 1931 ΙΙ.
128 1907 192 1932 245.
210 1909 256 1931 XI.
274 1907 338 1931 125.
364 1903 561 1931 Reconciliatio
577 1913 639 1932 cum
654 1903 735 1931 fratre
753 1914 815 1932 vere

76 1946 237 1975 sacrificium
253 1953 301 1976 est.
323 1954 380 1975 VII.
396 1951 461 1975 247.
478 1957 505 1975 1).
525 1948 630 1983 Quanta
645 1946 679 1975 sit
693 1947 750 1986 ejus
764 1958 815 1976 vo—

74 1990 174 2029 luptas.
189 1998 248 2019 VII.
265 1996 327 2019 862.
343 2002 370 2019 B.
387 1998 411 2019 et
426 2001 536 2020 mereeS.
550 1999 584 2020 II.
595 1996 659 2020 245.
674 2002 703 2019 1).
718 1992 817 2020 Recon-

76 2034 169 2063 ciliare
182 2034 351 2070 dissidentes,
365 2042 498 2073 quantum
511 2035 545 2063 sit
557 2045 635 2075 opus.
652 2043 699 2064 IX.
717 2041 783 2065 315.
800 2048 818 2064 1)

116 2079 304 2107 RECORDATIO
315 2085 485 2118 peccatorum
502 2079 588 2107 utilis.
606 2087 651 2108 ΙΙΙ.
671 2085 716 2109 15.
730 2092 756 2108 Δ.
772 2081 817 2109 Fit

76 2122 236 2151 remedium.
253 2129 312 2151 XII.
327 2127 390 2151 412.
410 2134 435 2151 Β.
451 2122 644 2151 Recordatione
656 2123 817 2162 injuriarum

76 2166 146 2194 nihil
168 2166 296 2195 deterius.
324 2174 382 2196 VII.
410 2170 474 2196 694.
503 2178 528 2195 Β.
556 2167 663 2196 Glacies
690 2174 738 2197 est.
768 2175 814 2197 XI.

79 2214 144 2238 531.
166 2220 192 2238 ε.

117 2253 278 2282 Rncmnm
289 2264 340 2282 non
354 2254 463 2291 babere,
477 2255 579 2283 malum
591 2262 638 2284 est.
651 2261 781 2286 XII.442.
791 2269 814 2286 A·

117 2297 328 2325 Rmnsnnino
349 2308 473 2335 quaenam
492 2309 555 2327 vere
572 2299 616 2327 sit.
635 2307 680 2328 ΧΙ.
703 2305 767 2329 826.
788 2311 814 2329 Β.

77 2340 294 2378 Regenerationis
308 2340 458 2370 lavacrum.
473 2349 507 2371 V.
521 2347 586 2371 630.
601 2353 626 2370 1³.
643 2343 817 2381 Regeneratio

77 2393 110 2411 ex
121 2383 218 2422 spiritu
233 2390 259 2412 et
269 2394 348 2421 aqua.
368 2391 437 2413 VIII.
454 2389 517 2413 167.

116 2428 220 2456 Rzmffi
229 2427 298 2455 aulae
313 2427 389 2456 vitia.
406 2435 452 2457 XI.
470 2433 534 2459 185.
551 2439 575 2456 E.

118 2471 232 2499 Ramisi
244 2471 335 2499 Austri
348 2470 456 2500 Judaeos
471 2471 619 2501 damnabit.
635 2479 694 2502 VII.
712 2478 777 2502 519.
787 2484 816 2502 D.

118 2514 249 2542 REGNUM
268 2525 361 2542 verum
380 2515 528 2553 quodnam.
551 2523 597 2546 Iv.
623 2521 689 2545 250.
712 2528 739 2545 n.
763 2518 817 2546 Re-

79 2568 162 2596 gnum
181 2557 318 2593 caelorum,
339 2568 391 2587 non
411 2569 524 2598 regnum
542 2559 672 2599 paradisi,
694 2561 817 2599 promisit

78 2601 156 2629 nobis
167 2604 250 2630 Deus.
264 2608 309 2630 IV.
327 2607 389 2631 789.
409 2613 434 2632 1³.
454 2603 575 2643 Regnum
590 2603 714 2633 caelorum
729 2604 815 2633 homi—

199 2662 280 2685 ΤΟΜ.
307 2663 377 2686 ΧῙΙΙ.

893 283 971 312 nibus
988 283 1148 321 deputatur,
1171 283 1289 322 gehenna
1312 284 1382 322 ignis
1405 284 1583 314 dromonibus.
1612 292 1633 315 Ι.

894 331 937 356 13.
959 339 985 356 Α.
1009 327 1097 366 Hujus
1115 327 1189 366 regni
1212 327 1310 365 gradus
1331 328 1399 357 varii
1414 340 1421 364 ;
1439 329 1485 366 qui
1505 328 1633 367 majorem

891 372 995 409 nequit,
1021 372 1151 400 minorem
1172 372 1293 410 attingat.
1318 379 1340 402 Ι.
1366 378 1412 401 41.
1434 384 1461 401 A.
1488 373 1632 408 Quomodo

891 416 1052 453 acquiratur.
1071 423 1107 444 x.
1125 420 1189 445 141.
1214 427 1241 443 c.
1262 417 1322 444 Non
1344 416 1493 454 acquiritur
1514 417 1566 446 nisi
1582 428 1630 457 per

890 469 1006 489 erucem.
1030 467 1075 488 lx.
1098 464 1162 488 269.
1185 470 1210 488 n.
1235 459 1328 497 Longo
1350 460 1437 499 spatio
1453 460 1564 489 distata
1585 471 1632 489 ne-

889 502 1065 541 gligentibus,
1080 513 1162 542 prope
1173 509 1211 531 est
1223 502 1359 531 studiosis.
1373 510 1431 532 VII.
1446 509 1490 532 19.
1505 515 1531 532 c.
1544 505 1630 543 Regni

888 548 999 576 caelestis
1018 558 1078 586 spes
1098 557 1189 575 omnes
1211 547 1294 585 hujus
1315 547 1377 575 vitae
1403 558 1535 577 [erumnas
1558 548 1629 577 leves

887 591 988 619 reddit.
1003 598 1022 620 I.
1041 596 1104 620 250.
1124 602 1149 620 c.
1170 591 1255 629 Regni
1271 591 1382 619 caelestis
1396 590 1550 630 descriptio.
1568 599 1625 620 VII.

887 640 935 665 22.
952 640 1016 665 624.
1038 646 1067 665 1).
1088 642 1113 664 et
1127 635 1249 664 felicitas.
1271 642 1330 663 XII.
1353 641 1399 665 97.
1420 646 1447 666 C.
1465 637 1487 664 A
1502 636 1589 664 livore
1603 643 1629 665 et

885 678 988 707 invidia
1000 689 1098 718 purum
1108 686 1156 708 cst.
1169 686 1225 707 VII.
1239 683 1304 707 719.
1318 689 1346 707 1).
1359 679 1402 707 Ibi
1413 690 1475 718 pax,
1483 679 1549 716 vita,
1560 690 1627 718 gau-

886 723 972 759 dium,
989 723 1090 751 laetitia.
1114 731 1161 752 XI.
1180 728 1243 751 305.
1259 734 1286 752 Α.
1301 724 1386 762 Regni
1403 724 1529 753 caelorum
1541 724 1626 753 amis-

884 768 923 796 sio
937 768 1055 807 gehenna
1068 767 1263 796 intolerabilior
1276 774 1324 796 est.
1343 775 1388 797 XI.
1407 773 1453 797 24.
1468 780 1494 798 A.
1513 773 1578 797 347.
1597 779 1622 795 c.

924 817 1052 855 Regnum
1076 818 1134 845 Dei
1146 818 1217 856 quid
1235 819 1283 848 sit.
1297 824 1342 847 VI.
1366 822 1428 846 810.
1452 828 1476 846 13.
1494 818 1625 854 Regnum

885 856 1019 884 ccelorum
1030 857 1168 885 dicuntur
1180 857 1341 895 Scriplurae.
1355 864 1399 885 VI.
1414 861 1479 885 927.
1494 867 1524 885 D.

924 906 1088 943 Regnorum
1108 912 1235 943 quatuor
1256 905 1392 933 Danielis
1412 907 1622 943 interpretatio.

883 955 916 976 II.
935 953 999 976 959.
1016 959 1043 977 D.

921 996 1057 1025 Rmt'ncs
1071 1006 1120 1024 cur
1133 997 1171 1028 sic
1184 996 1379 1036 appellabatur.
1395 1004 1461 1025 VIII.
1473 1002 1538 1026 235.
1553 1011 1579 1026 Α.

921 1045 1097 1074 erffloscs
1110 1056 1187 1074 nemo
1199 1045 1357 1085 despicitur.
1371 1053 1418 1074 IX.
1434 1051 1496 1074 199.
1513 1057 1540 1074 r..

921 1093 1073 1127 qumffi
1084 1093 1206 1131 quaedam
1219 1100 1371 1122 sanctorum
1383 1101 1533 1133 martyrum
1544 1102 1621 1123 certae

880 1144 904 1165 et
921 1137 1031 1165 minime
1045 1137 1143 1165 dubiae.
1164 1144 1209 1165 III.
1233 1142 1298 1165 810.
1318 1147 1344 1166 E.
1361 1137 1549 1174 Reliquiarum
1566 1138 1620 1166 uti-

882 1181 951 1209 litas.
972 1188 1004 1209 II.
1023 1185 1088 1209 822..
1113 1192 1142 1209 A.
1167 1180 1296 1218 Reliquiae
1317 1187 1465 1219 martyrum
1480 1182 1621 1220 praesentia

879 1235 926 1254 sua
947 1225 1013 1263 quid
1032 1225 1160 1253 efficiant.
1187 1232 1219 1253 II.
1241 1229 1306 1252 779.
1331 1235 1360 1252 A.
1381 1224 1619 1254 Benedictionibus

879 1276 989 1298 scatent.
1005 1277 1039 1300 ΙΙ.
1053 1274 1119 1297 799.
1138 1281 1165 1298 A.
1184 1268 1286 1297 Earum
1302 1275 1458 1307 conspectus
1472 1268 1506 1297 ad
1527 1270 1619 1298 virtu-

879 1320 932 1342 tem
950 1313 1051 1341 incitat.
1067 1320 1099 1342 11.
1115 1318 1178 1341 818.
1195 1323 1221 1340 E.
1241 1311 1295 1340 Eas
1312 1312 1406 1340 timent
1418 1312 1563 1341 daemones.
1583 1321 1617 1342 ΙΙ.

879 1361 943 1385 590.
956 1368 980 1385 Β.
998 1356 1130 1394 Reliquiae
1143 1363 1295 1384 sanctorum
1311 1355 1389 1383 urbes
1401 1355 1569 1384 custodiunt.
1583 1363 1616 1384 ΙΙ.

877 1406 940 1429 834.
955 1411 980 1429 e.
999 1400 1184 1438 Reliquiarum
1199 1399 1298 1428 cultus.
1318 1407 1351 1429 ΙΙ.
1369 1403 1432 1428 662.
1449 1410 1475 1428 B.
1495 1401 1561 1428 Ante
1575 1410 1618 1428 eas

876 1444 1113 1484 procumbebatur.
1132 1451 1165 1472 ΙΙ.
1185 1448 1250 1471 770.
1269 1454 1294 1471 c.

916 1494 1054 1521 Remum
1073 1498 1164 1520 contra
1183 1490 1247 1519 vitia
1262 1501 1295 1519 ex
1311 1491 1460 1530 Scriptus-is
1474 1493 1614 1521 sumenda.

877 1544 922 1565 Ix.
940 1541 1003 1565 253.
1019 1548 1045 1566 Α.
1060 1536 1143 1564 Caute
1157 1533 1318 1563 adhibenda.
1330 1542 1351 1563 Ι.
1370 1540 1433 1564 458.

915 1586 1057 1613 Rmnssto
1069 1589 1248 1622 peccatorum,
1260 1589 1340 1622 caput
1351 1583 1493 1619 bonorum,
1507 1594 1554 1622 per
1565 1584 1615 1612 ha—

874 1629 1003 1668 ptismum
1018 1628 1158 1667 accipitur.
1177 1634 1222 1655 IX.
1239 1631 1304 1656 339.
1319 1638 1345 1655 Α.
1364 1627 1454 1656 Etiam
1469 1635 1529 1667 post
1541 1628 1615 1657 lava-

873 1683 949 1701 crum
964 1672 1053 1701 datur.
1071 1679 1130 1700 ΥΙΙ.
1148 1675 1213 1700 287.
1230 1681 1256 1699 c.
1272 1671 1301 1699 In
1318 1671 1472 1699 remissione
1490 1679 1614 1710 peccato—

873 1727 933 1745 rum
944 1716 1076 1756 principia
1090 1726 1104 1743 a
1117 1714 1192 1744 nobis
1204 1721 1340 1753 petuntur.
1356 1721 1414 1743 VII.
1432 1720 1496 1743 323.
1514 1726 1538 1743 Β.
1551 1716 1614 1744 Bre-

873 1760 901 1789 vi
916 1767 1036 1799 tempore
1049 1766 1135 1798 potest
1147 1758 1310 1787 delictorum
1326 1758 1449 1787 remissio
1462 1758 1610 1797 impetrari.

872 1811 917 1833 IV.
940 1809 1002 1832 619.
1026 1814 1053 1834 E,
1090 1814 1123 1832 ex
1146 1810 1312 1831 accusatione
1348 1813 1399 1831 sui.
1425 1810 1470 1832 IV.
1493 1808 1558 1832 897.
1582 1815 1610 1832 n.

871 1849 931 1877 Non
946 1849 975 1876 fit
987 1848 1021 1882 ei,
1031 1847 1078 1886 qui
1091 1858 1176 1885 neque
1191 1847 1332 1875 confitetur
1346 1856 1373 1875 se
1385 1857 1516 1885 peccasse,
1529 1858 1614 1886 neque

871 1891 981 1921 ducitur
995 1891 1157 1931 poenitentia.
1171 1899 1204 1921 V.
1220 1896 1283 1920 281.
1295 1903 1320 1920 A.

910 1941 1105 1970 Remissionem
1121 1946 1290 1978 peccatorum
1308 1939 1341 1967 ad
1358 1939 1555 1978 impetrandam
1569 1940 1613 1968 via

870 1985 968 2021 facilis,
983 1985 1143 2023 injuriarum
1153 1984 1266 2012 oblivio.
1283 1990 1339 2012 VII.
1352 1987 1416 2012 692.
1435 1994 1462 2011 Ε.
1480 1984 1612 2012 Remissio

870 2029 973 2068 peccati
994 2029 1119 2068 proximo
1138 2028 1205 2056 facta
1222 2027 1310 2056 omnia
1332 2034 1438 2066 peccata
1459 2027 1534 2056 cluit.
1566 2034 1613 2056 IV.

872 2077 934 2101 906.
952 2083 978 2100 c.
998 2079 1052 2100 VII.
1065 2076 1129 2100 291.
1140 2083 1166 2100 A.
1181 2071 1209 2100 Si
1223 2081 1350 2099 conservo
1362 2070 1512 2104 remiseris,
1525 2081 1540 2098 a
1556 2071 1611 2099 Deo

871 2127 962 2156 parem
978 2116 1073 2144 referes
1086 2116 1210 2154 gratiam.
1228 2122 1284 2144 VII.
1303 2119 1367 2144 288.
1384 2126 1410 2143 B.
1426 2115 1463 2143 Ut
1479 2114 1612 2143 remissio-

871 2171 932 2189 nem
950 2160 1082 2195 obfineas,
1095 2160 1219 2199 proximo
1232 2159 1314 2188 solve.
1332 2165 1364 2186 II.
1382 2162 1446 2186 413.
1462 2168 1490 2186 1).
1507 2158 1611 2186 Remis-

872 2205 973 2233 sionem
985 2214 1037 2232 non
1051 2203 1203 2231 obtinemus
1215 2225 1222 2238 ‚
1237 2202 1288 2230 nisi
1303 2201 1472 2230 remittamus
1487 2202 1559 2230 aliis.
1575 2209 1608 2231 II.

872 2252 936 2277 240.
959 2259 982 2276 n.
1003 2247 1134 2275 Remissio
1155 2256 1208 2274 non
1229 2245 1374 2282 obtinetur,
1391 2256 1452 2273 cum
1473 2245 1536 2274 dolo
1554 2245 1612 2274 haec

873 2292 1015 2320 Dominica
1028 2291 1110 2319 verba
1124 2291 1151 2318 in
1167 2290 1286 2318 oratione
1301 2296 1470 2324 truncantur,
1486 2290 1566 2318 Sicut
1584 2296 1611 2317 et

873 2342 925 2360 nos
941 2332 1125 2359 dimittimus.
1145 2337 1178 2359 Il.
1203 2333 1267 2358 246.
1290 2340 1314 2358 n.
1338 2329 1469 2357 Remissio
1490 2335 1610 2368 peccato—

872 2387 932 2404 rum
951 2382 1011 2404 sunt
1026 2374 1154 2403 beneficia
1170 2373 1285 2402 inimicis
1298 2374 1426 2412 pt·aestita.
1440 2380 1485 2403 IV.
1508 2377 1572 2401 906.
1584 2383 1610 2400 c.

872 2419 1003 2447 Remissio
1016 2425 1041 2447 et
1059 2418 1161 2447 oblivio
1175 2417 1336 2456 injuriarum
1353 2416 1380 2444 in
1394 2416 1547 2445 Christiano
1561 2416 1612 2443 de-

870 2463 1013 2492 sideratur.
1024 2469 1082 2491 VII.
1097 2467 1163 2491 861.
1175 2473 1200 2489 n.

911 2510 1043 2539 Remissio
1056 2516 1081 2538 et
1096 2508 1200 2538 deliciae
1214 2508 1242 2537 in
1257 2508 1396 2547 segnitiem
1414 2507 1555 2536 inducunt.
1574 2514 1607 2535 ΙΙ.

872 2559 918 2584 58.
937 2565 964 2583 Α.

911 2603 1006 2632 ΒῑΝεε
1021 2601 1117 2631 mentis
1132 2611 1226 2629 areana
1240 2601 1403 2640 significant.
1421 2607 1452 2628 V.
1464 2605 1510 2630 78.
1531 2611 1557 2628 ε.

1475 2658 1513 2687 24
