1910 2907
568 205 656 227 NUNC
684 204 814 227 PRIMUM
843 200 1041 227 ADORNATM

44 264 137 303 guitur
150 265 220 293 hanc
240 265 378 293 homiliam
394 275 482 294 mense
497 266 626 295 Januario
648 266 710 294 anni
728 267 787 295 399

44 311 145 340 dictam
158 311 247 339 fuisse.
264 311 437 340 Theodosius
450 318 538 340 autem
553 323 621 340 anno
637 313 693 341 595
709 312 787 340 obie-

44 363 94 385 rat.
110 356 188 384 Hunc
203 357 393 396 Imperatorem
407 357 522 386 celebrat
537 358 582 386 ille
597 369 610 386 a
624 358 720 397 pietate
734 365 759 386 et
773 369 786 386 a

45 402 181 437 victoriis,
197 413 260 440 quas
275 403 424 442 opitulante
440 404 494 431 Deo
510 404 599 432 retulit
614 403 647 431 de
666 403 787 442 tyrannis

44 447 167 476 Maximo
186 455 210 476 et
235 448 363 487 Eugenio.
387 450 462 484 Quas
478 449 522 477 illc
550 450 677 478 victorias
709 450 788 477 tacito

42 500 217 532 tyrannorum
232 495 338 523 nomine
353 495 387 522 ita
404 495 492 529 refert,
513 502 541 523 ut
553 495 587 523 ab
602 495 662 523 aliis
674 496 789 534 scripto-

43 540 119 568 ribus
142 548 295 571 narrantur.
314 541 430 568 Homilia
452 551 516 569 vero
538 542 629 570 isthaec
651 542 677 569 in
701 541 788 569 medio

43 596 140 625 magna
156 587 196 615 sui
212 594 287 626 parte
302 587 396 614 mutila
411 594 464 622 est,
488 588 523 615 ita
541 595 569 615 ut
590 587 788 626 quamplurima

41 642 133 660 eorum
145 655 153 669 ,
179 644 237 670 quae
257 640 346 661 contra
363 633 492 662 Catharos
506 645 550 662 seu
566 634 729 662 Novationos
744 633 789 661 di-

43 679 187 713 cebantur,
209 679 359 707 exciderint
374 690 403 707 ac
418 680 554 718 perierint.
571 679 716 708 Novationi
735 690 786 707 au-

44 731 96 753 tem
119 731 183 752 tunc
201 725 432 764 Constantinopoli
453 736 549 764 magno
571 736 680 754 numero
694 732 766 753 erant
779 747 786 761 ,

43 770 197 808 episcopum
211 781 264 798 sum
276 777 351 798 secta·
365 770 524 809 peculiarem
537 771 680 805 habebant,
693 782 722 799 ac
734 781 789 799 sese

43 815 172 854 καθαρούς
184 839 190 849 ,
204 827 249 844 seu
269 827 349 855 puros
361 839 368 851 ‚
389 817 559 855 appellabant
575 829 580 844 ε
597 828 647 855 qua
663 817 696 846 de
710 828 787 846 caus-'1

0 865 33 885 154
45 860 104 888 illos
119 861 248 889 acerrime
261 862 416 901 perstringit
427 863 644 902 Chrysostomus,
654 870 682 891 ut
695 863 721 891 in
737 863 786 891 ho-

0 1570 29 1585 l2.

43 907 124 935 miliae
139 908 192 936 sine
210 907 309 936 videas.

83 954 133 982 Hic
145 964 207 982 vcro
219 955 341 992 quaedam
354 953 593 983 animadvertenda
604 961 677 991 sunt,
692 965 786 994 nempe

43 1000 183 1028 homiliam
199 1000 273 1028 illam
292 1000 442 1029 breviorem
463 1000 560 1036 fuisse,
572 1001 634 1038 quia
650 1007 708 1039 post
721 1000 788 1029 duas

43 1046 109 1074 alias
125 1056 140 1074 a
154 1045 260 1074 duobus
280 1046 411 1085 episcopis
428 1046 525 1075 eodem
548 1046 592 1074 die
609 1053 634 1075 et
653 1047 679 1075 iu
695 1047 787 1075 eadem

43 1092 105 1121 sede
118 1093 201 1122 dictas
215 1093 306 1122 habita
320 1094 370 1122 fuit
384 1106 390 1121 ε
404 1094 522 1123 secundo
537 1101 596 1133 post
610 1094 679 1123 hanc
695 1094 786 1123 homi-

42 1137 107 1167 liam
131 1139 227 1168 multas
253 1139 326 1169 haud
350 1139 434 1168 dubie
455 1140 520 1168 alias
541 1140 646 1169 habitas
667 1141 749 1169 fuisse
772 1152 787 1169 a

43 1195 133 1213 mense
146 1186 272 1214 Januario
287 1185 320 1214 ad
337 1186 438 1214 Pascha
454 1187 517 1215 anni
533 1187 602 1221 599,
619 1197 672 1224 quo
689 1187 732 1215 die
746 1187 788 1215 di-

42 1238 82 1259 cta
106 1232 156 1260 fuit
171 1232 262 1260 concio
278 1243 388 1270 sequens
402 1244 408 1259 t
424 1244 481 1271 quae
497 1233 615 1261 homiliae
634 1234 675 1261 vel
696 1234 786 1272 perie-

44 1285 117 1312 runt,
135 1278 176 1306 vel
192 1278 212 1306 si
227 1278 316 1307 adhuc
331 1279 400 1307 inter
414 1279 497 1307 editas
513 1279 664 1318 supersint,
681 1280 784 1308 nullam

43 1324 86 1352 vel
101 1323 155 1352 dici
170 1324 213 1352 vel
229 1324 290 1352 anni
311 1332 398 1353 notam
415 1336 467 1364 prae
483 1336 510 1353 se
527 1326 623 1354 ferunt.

83 1370 146 1397 Post
159 1369 301 1398 homiliam
318 1370 401 1408 igitur
418 1370 492 1398 illam
508 1377 598 1399 contra
616 1371 745 1399 Catharos
760 1371 786 1400 in

44 1415 143 1444 Codice
160 1415 287 1445 Vaticano
301 1416 421 1453 sequitur
437 1416 557 1451 homilia,
575 1417 653 1455 cujus
668 1417 763 1445 titulus
775 1440 783 1453 ,

43 1463 107 1501 πρὸς
123 1462 182 1495 τοὺς
194 1466 353 1501 θεωροῦντας
370 1463 532 1502 ἱπποδρόμια
547 1465 592 1492 καὶ
606 1464 712 1504 θέατρα,
722 1465 788 1492 Ad-

43 1519 137 1537 versus
155 1519 216 1543 eos,
241 1512 290 1547 qui
306 1510 347 1537 ad
362 1510 544 1548 hippodromi
561 1516 589 1538 et
605 1511 787 1538 theatrorum

43 1555 211 1594 spectacula
229 1565 257 1583 se
283 1556 439 1593 conferunt
462 1567 471 1582 ,-
494 1555 571 1594 cujus
593 1555 701 1584 initium
725 1562 784 1592 est,

42 1605 123 1630 ταῦτα
135 1601 247 1637 ἀνεκτᾶ;
262 1604 344 1629 ταῦτα
357 1602 476 1641 :popu-rost
491 1604 552 1639 ὑμῖν
564 1602 615 1641 γὰρ
627 1604 713 1634 αὐτοῖς
725 1604 784 1631 καθ’

42 1649 115 1685 ὑμῶν
142 1647 227 1675 αὐτῶν
247 1648 364 1686 ἐντυχεῖν
383 1648 526 1686 βῡύλομαι,
542 1659 621 1686 quam
650 1648 785 1677 edidimus

43 1694 76 1721 T.
91 1694 121 1727 6,
137 1703 164 1732 p.
179 1694 238 1721 &72
253 1703 259 1721 t
274 1692 385 1731 ideoque
399 1694 473 1721 illam
488 1694 514 1722 in
527 1694 594 1722 serie
606 1695 720 1723 aliarum
734 1696 787 1725 Va-

42 1739 192 1768 ticanarum
204 1739 459 1778 praetermittendam
474 1741 614 1771 duximus.

83 1784 153 1818 Quia
168 1795 231 1813 vero
247 1785 271 1813 in
289 1785 407 1813 homiliae
422 1797 497 1814 nonae
513 1786 648 1824 sequentis
666 1787 745 1816 titulo
760 1794 786 1816 et

43 1830 70 1858 in
95 1832 151 1870 ipsa
173 1831 284 1859 homilia
304 1842 371 1859 nona
394 1833 479 1860 multa
498 1832 649 1869 habentur,
671 1844 729 1871 quae
751 1833 786 1862 ad

44 1876 184 1904 historiam
203 1876 272 1905 hanc
286 1877 385 1905 clarius
398 1884 423 1905 et
438 1878 552 1913 certius,
578 1889 657 1916 quam
673 1879 699 1907 in
722 1880 788 1907 Mo-

44 1922 99 1950 nito
113 1921 252 1959 diximus,
269 1922 435 1951 referendam
447 1924 560 1962 juvant,
575 1923 620 1952 hic
633 1935 690 1953 rem
705 1931 786 1953 totam

44 1969 101 1996 sine
114 1967 206 2006 lapsus
220 1968 340 2007 periculo
356 1969 536 1998 narrabimus.

84 2014 160 2041 Anno
172 2014 241 2048 599,
259 2021 399 2052 postquam
416 2025 498 2043 unum
508 2016 565 2054 jam
577 2026 677 2044 annum
692 2015 717 2044 in
732 2016 788 2056 epi-

44 2066 153 2098 scopatu
175 2070 298 2088 emensus
320 2067 377 2089 erat
402 2061 628 2100 Chrysostomus,
648 2061 787 2090 ordinatus

44 2116 137 2145 nempe
157 2116 226 2134 anno
251 2107 324 2142 598,
348 2108 384 2135 26
409 2107 549 2135 Februarii
563 2119 571 2144 ;
598 2108 663 2136 feria
689 2114 786 2146 quarta

44 2150 234 2188 hebdomadae,
255 2163 313 2190 quae
328 2162 396 2180 anno
412 2153 472 2181 599
484 2153 621 2181 incidebat
635 2153 661 2181 in
682 2160 786 2182 sextam

44 2197 167 2236 Aprilis,
191 2204 245 2225 tam
270 2197 362 2236 ingens
387 2199 479 2237 pluvia
505 2199 626 2235 decidit,
648 2206 677 2227 ut
700 2206 788 2229 metus

44 2251 111 2273 esset
126 2255 158 2273 ne
173 2245 230 2283 agri
247 2245 465 2281 devastarentur,
490 2256 639 2284 messesque
653 2257 743 2274 omnes
760 2246 786 2274 in

45 2290 188 2328 perniciem
213 2297 328 2319 ruerent.
346 2291 416 2319 Hinc
437 2302 542 2330 preces,
559 2292 767 2331 supplicationes
779 2314 786 2327 ‚

44 2342 70 2363 et
84 2337 230 2373 λιτανεῖαι,
252 2347 297 2364 seu
317 2337 513 2375 processiones,
535 2338 659 2377 episcopo
679 2337 747 2366 duce
762 2344 787 2366 et

45 2387 100 2409 toto
124 2389 296 2410 concurrente
312 2382 412 2421 populo
427 2382 462 2410 ad
483 2383 621 2412 ecclesiam
645 2383 786 2422 Apostolo-

45 2437 113 2456 rum.
135 2427 198 2455 Post
213 2427 268 2455 haec
284 2427 370 2456 imbre
390 2436 509 2457 cessante
522 2451 529 2465 ,
549 2429 663 2457 necdum
682 2429 788 2457 sublata

45 2471 207 2508 formidine,
228 2473 337 2511 trajecto
364 2474 478 2502 navibus
504 2475 638 2513 Bosporo,
658 2474 692 2502 ad
705 2475 789 2503 eccle-

47 2517 113 2545 siam
135 2518 184 2546 SS.
208 2518 278 2546 Petri
295 2525 319 2546 et
335 2519 428 2553 Pauli,
456 2520 481 2547 in
498 2521 620 2559 opposita
643 2520 726 2549 maris
742 2532 786 2549 ora

47 2564 142 2598 sitam,
167 2574 229 2593 cum
250 2565 376 2604 episcopo
393 2572 463 2594 totus
477 2574 559 2595 coetus
581 2567 707 2596 accurrit.
731 2568 787 2596 Hoc

47 2610 178 2649 perfuncti
201 2611 322 2651 periculo
346 2612 630 2653 Constantinopolitani
647 2614 785 2654 plerique,

1519 190 1582 239 157

842 276 895 294 una
916 273 1021 295 tantum
1041 264 1198 305 interposita
1221 262 1283 301 die,
1301 273 1395 303 nempe
1411 264 1476 293 seria
1492 265 1585 302 quinta

843 312 870 341 in
886 313 966 341 Coena
984 311 1110 347 Domini,
1128 321 1189 339 cum
1206 311 1233 339 in
1248 311 1392 339 Parasceve
1424 310 1482 338 ludi
1505 321 1586 348 eque-

843 359 1090 397 stresagitarentur,
1100 357 1166 385 nihil
1179 364 1299 385 curantes
1308 356 1378 384 diem
1390 356 1464 384 illam
1475 367 1588 391 sacram,

843 405 878 434 ad
892 406 941 433 hoc
956 405 1136 443 spectaculum
1150 409 1337 438 accurrerunt,
1353 403 1458 430 interim
1474 402 1587 439 ingenii-

843 457 930 479 scente
953 450 1079 488 domique
1102 449 1208 478 sedente
1223 449 1414 488 Chrysostomo
1439 448 1585 487 episcopo:

844 497 897 524 imo
912 496 956 524 die
966 503 1102 534 sequente,
1118 506 1212 534 nempe
1224 495 1334 524 sabbato
1347 501 1454 530 sancto,
1468 493 1503 521 ad
1517 494 1589 522 thea-

844 543 923 571 trales
938 542 1015 571 ludos
1030 553 1056 571 se
1071 542 1240 571 contulerunt
1254 565 1261 578 ,
1282 542 1328 570 ubi
1345 542 1493 570 meretricia
1514 547 1589 569 erant

844 588 1011 627 spectacula,
1037 599 1095 625 quae
1118 588 1273 626 singulatim
1298 594 1322 615 et
1343 587 1448 625 egregie
1466 586 1588 625 depingit

844 635 1068 673 Chrysostomus,
1086 633 1112 662 in
1128 635 1268 668 concione,
1287 643 1368 671 quam
1387 632 1431 660 die
1448 632 1586 661 paschaiis

843 680 949 716 habuit,
967 682 1014 710 ubi
1031 681 1057 708 in
1072 679 1289 719 praevaricuores
1307 678 1463 717 hujusmodi
1480 678 1588 716 gravis-

844 727 911 756 sime
925 728 1061 756 invehitur
1077 738 1083 756 :
1098 725 1261 762 demumque
1275 725 1302 753 in
1323 725 1382 752 illos
1397 725 1589 753 excommuni-

844 774 955 802 cationis
969 772 1125 802 sententiam
1140 770 1311 810 pronuntiat,
1335 770 1380 798 scd
1400 770 1589 799 comminando

844 826 961 854 tantum,
976 826 1004 847 ut
1017 825 1094 858 puto,
1111 824 1137 846 ct
1152 823 1181 845 ut
1196 817 1222 844 in
1237 816 1331 845 eodem
1344 815 1448 844 Monito
1463 816 1590 854 pluribus

843 865 912 894 dixi.

880 912 964 940 Circa
977 911 1061 946 diem,
1076 921 1128 948 qua
1144 909 1202 938 haec
1215 909 1305 937 concio
1321 909 1391 937 dicta
1408 908 1472 943 fuit,
1487 908 1590 946 aliquid

843 957 1013 986 difficultatis
1036 956 1103 984 mihi
1119 955 1207 984 offerri
1232 955 1382 983 videbatur.
1405 954 1482 982 Dixit
1503 955 1547 982 ille
1562 954 1589 982 in

843 1004 987 1040 concione,
1014 1009 1082 1031 ante
1099 1009 1155 1030 tres
1179 1002 1240 1030 dies
1260 1003 1350 1029 imber
1365 1003 1476 1039 iugens.
1499 1001 1590 1029 Imber

842 1050 889 1079 ille
909 1050 973 1079 seria
988 1056 1084 1088 quarta
1108 1047 1216 1086 majoris
1230 1047 1406 1075 hebdomadae
1422 1047 1522 1075 decidit
1535 1059 1540 1074 z
1552 1047 1589 1075 fe-

842 1096 882 1124 ria
896 1096 991 1134 quinta
1006 1095 1073 1123 nihil
1087 1100 1247 1123 memoratur
1265 1093 1409 1128 incidisse3
1433 1093 1495 1121 feria
1514 1100 1587 1121 sexta

842 1142 869 1170 in
886 1143 1031 1172 Parasceve
1045 1141 1079 1170 ad
1093 1140 1169 1169 ludos
1182 1140 1322 1175 circenses,
1340 1139 1451 1167 sabbato
1464 1139 1498 1168 ad
1515 1140 1589 1168 thea-

842 1189 919 1217 tralia
941 1187 1092 1228 spectacula
1109 1187 1176 1215 itum
1201 1193 1238 1214 est
1254 1198 1259 1213 ε
1275 1186 1310 1214 ita
1327 1193 1355 1214 ut
1382 1186 1493 1214 homilia
1516 1186 1589 1214 istaec

842 1235 950 1263 omnino
966 1234 1037 1262 dicta
1053 1233 1134 1262 fuisse
1156 1232 1282 1261 videatur
1299 1231 1441 1260 Dominica
1458 1233 1587 1260 Resurre-

843 1280 937 1308 ctionis
952 1280 1074 1308 Domini.
1098 1278 1266 1317 [Matthaeius
1279 1278 1389 1306 sabbato
1404 1284 1464 1306 ante
1484 1278 1588 1306 Pascha

844 1326 964 1354 habitam
982 1328 1093 1363 censet.]
1108 1327 1209 1354 Verum
1226 1331 1288 1352 tunc
1301 1324 1373 1363 apud
1387 1335 1429 1352 me
1443 1324 1564 1352 dicebam
1579 1337 1586 1353 z

844 1373 915 1407 Cur,
942 1373 963 1401 si
979 1372 1038 1400 dies
1051 1371 1188 1400 Paschatis
1203 1378 1258 1399 erat
1270 1393 1277 1406 ,
1300 1381 1332 1398 ne
1346 1370 1458 1398 verbum
1477 1370 1589 1408 quidem

844 1418 877 1447 de
902 1419 1031 1448 Paschate
1056 1417 1147 1446 dicit?
1171 1419 1275 1447 Verum
1300 1423 1442 1456 postquam
1464 1416 1589 1445 homilias

843 1465 921 1494 hasce
935 1466 1100 1500 deteximus,
1122 1463 1193 1492 nulla
1207 1463 1262 1502 jam
1280 1462 1426 1490 difficultas
1448 1469 1588 1501 superest,

841 1523 902 1541 cum
922 1513 948 1540 in
965 1511 1041 1540 titulo
1058 1509 1175 1538 homiliae
1191 1519 1264 1537 nonae
1279 1508 1430 1545 sequentis,
1449 1515 1473 1536 ct
1489 1509 1514 1536 in
1536 1508 1589 1536 ho-

842 1559 916 1587 milia
933 1558 989 1597 ipsa
1006 1557 1129 1592 dicatur,
1155 1554 1227 1583 diem
1249 1554 1322 1582 illam
1339 1554 1364 1582 in
1384 1565 1435 1592 qua
1450 1561 1504 1582 tam
1525 1565 1590 1593 gra-

841 1605 910 1634 viter
922 1604 983 1632 illos
996 1601 1155 1631 circensium
1169 1608 1194 1629 et
1207 1600 1376 1629 theatralium
1393 1600 1518 1628 ludorum
1532 1611 1590 1639 spe-

842 1657 954 1678 ctatores
974 1649 1118 1677 insectatus
1139 1653 1197 1682 est,
1219 1645 1389 1674 Dominicam
1409 1646 1491 1674 fuisse
1510 1653 1589 1682 atque

841 1696 907 1725 adeo
919 1696 990 1724 diem
1003 1692 1216 1723 Resurrectionis
1228 1692 1354 1727 Domini,
1370 1703 1449 1730 quam
1464 1692 1523 1720 ideo
1537 1703 1588 1721 non

842 1741 1061 1771 commemoravit
1082 1740 1307 1778 Cliiysostomus,
1326 1737 1397 1776 quod
1417 1745 1508 1766 contra
1529 1749 1588 1777 sse-

841 1795 953 1817 ctatores
967 1787 1027 1816 illos
1042 1785 1161 1825 graviter
1176 1795 1329 1821 succensuS,
1348 1795 1403 1813 rem
1420 1784 1494 1812 illam
1511 1785 1588 1813 unice

842 1834 983 1872 cogitaret.

882 1879 999 1908 Homilia
1015 1878 1128 1918 septima
1148 1877 1174 1906 in
1190 1876 1298 1906 ecclesia
1314 1883 1411 1904 sanctae
1438 1876 1585 1905 Anastasiae

840 1925 933 1954 habita
947 1925 1012 1961 fuit,
1027 1924 1074 1952 ubi
1087 1923 1208 1952 modicus
1223 1929 1288 1957 erat,
1302 1922 1390 1960 inquit
1404 1922 1459 1959 ille,
1479 1922 1587 1951 audito-

840 1982 901 2000 rum
913 1980 1039 1999 numerus
1053 1982 1059 1998 :
1072 1978 1157 2006 neque
1168 1975 1255 1996 tamen
1268 1967 1327 1996 ideo
1340 1967 1528 2005 conqueritur,
1539 1968 1587 1997 sed

840 2015 994 2054 exemplum
1013 2013 1187 2043 Samaritana?
1207 2013 1305 2048 affert3
1325 2022 1406 2049 quam
1428 2011 1491 2040 licet
1507 2022 1587 2041 unam

840 2065 959 2094 tantum,
986 2057 1050 2096 quia
1072 2063 1158 2085 tamen
1184 2055 1311 2084 audiendi
1331 2054 1420 2084 studio
1444 2056 1586 2091 fervebat,

841 2104 920 2143 longo
944 2111 1064 2142 tempore
1089 2103 1244 2140 alloquutus
1266 2108 1305 2129 est
1328 2101 1460 2130 Christus.
1484 2101 1588 2131 Deinde

841 2161 903 2179 vero
916 2150 1039 2190 pluribus
1050 2149 1167 2187 explicat
1179 2147 1243 2185 quid
1257 2147 1309 2175 sibi
1322 2147 1386 2175 velit
1400 2147 1510 2184 Paulus,
1525 2158 1586 2176 cum

841 2197 890 2232 ait,
906 2198 942 2225 de
958 2196 1177 2234 confirmatione
1193 2194 1368 2232 Evangelii,
1387 2200 1412 2221 et
1427 2193 1453 2221 in
1469 2193 1512 2222 his
1525 2205 1587 2222 ora-

842 2244 939 2272 tionem
959 2242 1070 2270 claudit.

878 2289 955 2318 Dicta
969 2288 1051 2316 fuisse
1062 2286 1171 2315 videtur
1183 2286 1239 2314 haec
1253 2285 1365 2314 homilia
1379 2285 1405 2314 in
1419 2285 1586 2314 hebdomada

842 2334 979 2364 Paschatis
992 2345 997 2361 :
1010 2344 1071 2361 nam
1093 2333 1139 2371 qui
1156 2332 1280 2360 homilias
1295 2332 1373 2360 hasce
1391 2331 1418 2360 in
1439 2332 1497 2371 ipso
1519 2338 1586 2360 tem-

841 2392 906 2421 pore
920 2380 1072 2419 colligebat,
1088 2390 1102 2407 a
1120 2378 1257 2407 Paschatis
1272 2385 1403 2417 tempore,
1418 2385 1447 2406 ut
1465 2389 1499 2406 ex
1517 2378 1586 2406 titu-

841 2429 874 2457 lis
889 2429 1047 2456 concionum
1063 2425 1280 2465 deprehenditur,
1299 2424 1345 2452 illo
1360 2434 1412 2462 quo
1428 2424 1587 2452 dicebantur

841 2474 934 2503 ordine
945 2484 988 2502 eas
999 2472 1149 2511 descripsit.
1167 2474 1235 2500 Ante
1249 2470 1349 2499 Pascha
1362 2470 1443 2503 enim,
1461 2477 1490 2498 ut
1504 2480 1585 2509 supra

841 2519 973 2553 diximus,
991 2529 1024 2547 ex
1038 2518 1129 2546 multis
1146 2517 1264 2546 homiliis
1280 2527 1377 2555 paucas
1391 2516 1528 2553 collegisse
1542 2516 1584 2543 vi-

841 2566 930 2595 detur.
958 2566 1017 2594 Non
1034 2565 1207 2602 conqueritur
1227 2570 1316 2591 autem
1334 2562 1540 2601 Chrysostomus
1556 2561 1583 2589 in

841 2612 891 2641 hac
903 2611 1036 2649 concione,
1052 2609 1123 2649 quod
1136 2610 1216 2650 pauci
1230 2609 1365 2638 auditores
1375 2609 1507 2646 adessent,
1520 2610 1583 2646 quia
