<?xml version="1.0" encoding="UTF-8"?>
<!DOCTYPE html PUBLIC "-//W3C//DTD XHTML 1.0 Transitional//EN"
    "http://www.w3.org/TR/xhtml1/DTD/xhtml1-transitional.dtd">
<html xmlns="http://www.w3.org/1999/xhtml" xml:lang="en" lang="en">
 <head>
  <title>
</title>
<meta http-equiv="Content-Type" content="text/html;charset=utf-8" />
  <meta name='ocr-system' content='tesseract 3.04.00' />
  <meta name='ocr-capabilities' content='ocr_page ocr_carea ocr_par ocr_line ocrx_word'/>
</head>
<body>
  <div class='ocr_page' id='page_1' title='image "./operaomniaquaeex13johnuoft_0869.png"; bbox 0 0 1884 2922; ppageno 0'>
   <div class='ocr_carea' id='block_1_1' title="bbox 813 204 1069 229">
    <p class='ocr_par' dir='ltr' id='par_1_1' title="bbox 813 204 1069 229">
     <span class='ocr_line' id='line_1_1' title="bbox 813 204 1069 229; baseline 0.004 -3"><span class='ocrx_word' id='word_1_1' title='bbox 813 204 916 228; x_wconf 58' lang='lat' dir='ltr'>txnlzx</span> <span class='ocrx_word' id='word_1_2' title='bbox 945 206 1069 229; x_wconf 56' lang='lat' dir='ltr'>RERUM.</span> 
     </span>
    </p>
   </div>
   <div class='ocr_carea' id='block_1_2' title="bbox 161 263 911 2285">
    <p class='ocr_par' dir='ltr' id='par_1_2' title="bbox 167 263 911 1177">
     <span class='ocr_line' id='line_1_2' title="bbox 174 263 910 304; baseline 0.004 -12"><span class='ocrx_word' id='word_1_3' title='bbox 174 275 202 294; x_wconf 75' lang='grc' dir='ltr'>Α.</span> <span class='ocrx_word' id='word_1_4' title='bbox 219 275 243 292; x_wconf 67' lang='grc' dir='ltr'>Β.</span> <span class='ocrx_word' id='word_1_5' title='bbox 255 264 283 293; x_wconf 82' lang='lat' dir='ltr'>lu</span> <span class='ocrx_word' id='word_1_6' title='bbox 301 263 435 292; x_wconf 75' lang='lat' dir='ltr'>voluntate</span> <span class='ocrx_word' id='word_1_7' title='bbox 449 264 565 293; x_wconf 68' lang='lat' dir='ltr'>huminffs</span> <span class='ocrx_word' id='word_1_8' title='bbox 592 266 709 304; x_wconf 85' lang='lat' dir='ltr'>positum</span> <span class='ocrx_word' id='word_1_9' title='bbox 725 274 762 295; x_wconf 80' lang='lat' dir='ltr'>est</span> <span class='ocrx_word' id='word_1_10' title='bbox 776 267 815 294; x_wconf 76' lang='lat' dir='ltr'>vel</span> <span class='ocrx_word' id='word_1_11' title='bbox 829 268 910 302; x_wconf 72' lang='lat' dir='ltr'>mali-</span> 
     </span>
     <span class='ocr_line' id='line_1_3' title="bbox 173 308 909 347; baseline 0.005 -12"><span class='ocrx_word' id='word_1_12' title='bbox 173 308 236 335; x_wconf 82' lang='lat' dir='ltr'>tiam</span> <span class='ocrx_word' id='word_1_13' title='bbox 260 308 302 336; x_wconf 77' lang='lat' dir='ltr'>vel</span> <span class='ocrx_word' id='word_1_14' title='bbox 328 309 455 336; x_wconf 81' lang='lat' dir='ltr'>virtutem</span> <span class='ocrx_word' id='word_1_15' title='bbox 474 309 580 347; x_wconf 81' lang='lat' dir='ltr'>eligere.</span> <span class='ocrx_word' id='word_1_16' title='bbox 602 316 647 337; x_wconf 81' lang='lat' dir='ltr'>tv.</span> <span class='ocrx_word' id='word_1_17' title='bbox 669 314 733 338; x_wconf 78' lang='grc'>228.</span> <span class='ocrx_word' id='word_1_18' title='bbox 763 322 786 339; x_wconf 84' lang='lat' dir='ltr'>c.</span> <span class='ocrx_word' id='word_1_19' title='bbox 804 322 828 339; x_wconf 88' lang='lat' dir='ltr'>n.</span> <span class='ocrx_word' id='word_1_20' title='bbox 845 316 909 339; x_wconf 90' lang='lat'>229.</span> 
     </span>
     <span class='ocr_line' id='line_1_4' title="bbox 174 351 911 390; baseline 0.005 -11"><span class='ocrx_word' id='word_1_21' title='bbox 174 351 307 379; x_wconf 74' lang='lat' dir='ltr'>Voluntas</span> <span class='ocrx_word' id='word_1_22' title='bbox 316 362 368 380; x_wconf 89' lang='lat' dir='ltr'>non</span> <span class='ocrx_word' id='word_1_23' title='bbox 380 352 507 390; x_wconf 78' lang='lat' dir='ltr'>alligatur</span> <span class='ocrx_word' id='word_1_24' title='bbox 518 360 617 381; x_wconf 77' lang='lat' dir='ltr'>naturae</span> <span class='ocrx_word' id='word_1_25' title='bbox 630 354 760 389; x_wconf 85' lang='lat' dir='ltr'>terminis,</span> <span class='ocrx_word' id='word_1_26' title='bbox 775 354 821 383; x_wconf 87' lang='lat' dir='ltr'>sed</span> <span class='ocrx_word' id='word_1_27' title='bbox 832 355 911 384; x_wconf 85' lang='lat' dir='ltr'>liber·</span> 
     </span>
     <span class='ocr_line' id='line_1_5' title="bbox 173 395 911 427; baseline 0.005 -4"><span class='ocrx_word' id='word_1_28' title='bbox 173 401 225 423; x_wconf 78' lang='lat' dir='ltr'>tate</span> <span class='ocrx_word' id='word_1_29' title='bbox 245 395 350 424; x_wconf 87' lang='lat' dir='ltr'>arbitrii</span> <span class='ocrx_word' id='word_1_30' title='bbox 365 396 494 424; x_wconf 74' lang='lat' dir='ltr'>honorata</span> <span class='ocrx_word' id='word_1_31' title='bbox 512 397 571 426; x_wconf 81' lang='lat' dir='ltr'>suit.</span> <span class='ocrx_word' id='word_1_32' title='bbox 595 404 653 425; x_wconf 71' lang='lat' dir='ltr'>vu.</span> <span class='ocrx_word' id='word_1_33' title='bbox 679 402 742 426; x_wconf 87' lang='grc'>392.</span> <span class='ocrx_word' id='word_1_34' title='bbox 766 399 839 426; x_wconf 91' lang='lat' dir='ltr'>Deus</span> <span class='ocrx_word' id='word_1_35' title='bbox 860 409 911 427; x_wconf 87' lang='lat' dir='ltr'>non</span> 
     </span>
     <span class='ocr_line' id='line_1_6' title="bbox 172 439 911 480; baseline 0.005 -13"><span class='ocrx_word' id='word_1_36' title='bbox 172 439 300 477; x_wconf 84' lang='lat' dir='ltr'>praevenit</span> <span class='ocrx_word' id='word_1_37' title='bbox 316 446 417 468; x_wconf 85' lang='lat' dir='ltr'>nostras</span> <span class='ocrx_word' id='word_1_38' title='bbox 439 441 598 474; x_wconf 73' lang='lat' dir='ltr'>voluntates,</span> <span class='ocrx_word' id='word_1_39' title='bbox 622 451 654 469; x_wconf 85' lang='lat' dir='ltr'>ne</span> <span class='ocrx_word' id='word_1_40' title='bbox 674 441 768 480; x_wconf 85' lang='lat' dir='ltr'>perdat</span> <span class='ocrx_word' id='word_1_41' title='bbox 791 449 911 471; x_wconf 89' lang='lat' dir='ltr'>nostrum</span> 
     </span>
     <span class='ocr_line' id='line_1_7' title="bbox 172 484 910 521; baseline 0.005 -9"><span class='ocrx_word' id='word_1_42' title='bbox 172 484 288 513; x_wconf 89' lang='lat' dir='ltr'>liberum</span> <span class='ocrx_word' id='word_1_43' title='bbox 303 485 456 514; x_wconf 88' lang='lat' dir='ltr'>arbitrium.</span> <span class='ocrx_word' id='word_1_44' title='bbox 480 493 537 515; x_wconf 80' lang='lat' dir='ltr'>XII.</span> <span class='ocrx_word' id='word_1_45' title='bbox 564 491 627 514; x_wconf 90' lang='grc'>177.</span> <span class='ocrx_word' id='word_1_46' title='bbox 649 497 676 514; x_wconf 85' lang='lat' dir='ltr'>D.</span> <span class='ocrx_word' id='word_1_47' title='bbox 693 486 808 521; x_wconf 77' lang='lat' dir='ltr'>Quando</span> <span class='ocrx_word' id='word_1_48' title='bbox 822 495 910 516; x_wconf 85' lang='lat' dir='ltr'>autem</span> 
     </span>
     <span class='ocr_line' id='line_1_8' title="bbox 170 529 910 567; baseline 0.004 -11"><span class='ocrx_word' id='word_1_49' title='bbox 170 538 218 557; x_wconf 88' lang='lat' dir='ltr'>nos</span> <span class='ocrx_word' id='word_1_50' title='bbox 227 529 394 567; x_wconf 75' lang='lat' dir='ltr'>elegerimus.</span> <span class='ocrx_word' id='word_1_51' title='bbox 405 536 461 557; x_wconf 90' lang='lat' dir='ltr'>tum</span> <span class='ocrx_word' id='word_1_52' title='bbox 470 530 546 557; x_wconf 87' lang='lat' dir='ltr'>nobis</span> <span class='ocrx_word' id='word_1_53' title='bbox 558 529 671 557; x_wconf 91' lang='lat' dir='ltr'>multum</span> <span class='ocrx_word' id='word_1_54' title='bbox 681 530 757 558; x_wconf 80' lang='lat' dir='ltr'>asseri</span> <span class='ocrx_word' id='word_1_55' title='bbox 767 531 910 559; x_wconf 77' lang='lat' dir='ltr'>auxilium.</span> 
     </span>
     <span class='ocr_line' id='line_1_9' title="bbox 171 573 906 615; baseline 0.005 -15"><span class='ocrx_word' id='word_1_56' title='bbox 171 574 216 601; x_wconf 82' lang='lat' dir='ltr'>lb.</span> <span class='ocrx_word' id='word_1_57' title='bbox 240 584 263 601; x_wconf 79' lang='lat' dir='ltr'>c.</span> <span class='ocrx_word' id='word_1_58' title='bbox 280 583 306 603; x_wconf 89' lang='lat' dir='ltr'>D.</span> <span class='ocrx_word' id='word_1_59' title='bbox 324 573 402 602; x_wconf 66' lang='lat' dir='ltr'>Velle</span> <span class='ocrx_word' id='word_1_60' title='bbox 424 574 500 612; x_wconf 67' lang='lat' dir='ltr'>cujus</span> <span class='ocrx_word' id='word_1_61' title='bbox 514 574 558 602; x_wconf 86' lang='lat' dir='ltr'>sit.</span> <span class='ocrx_word' id='word_1_62' title='bbox 586 581 631 602; x_wconf 71' lang='lat' dir='ltr'>Xt.</span> <span class='ocrx_word' id='word_1_63' title='bbox 650 576 711 602; x_wconf 71' lang='grc'>293,</span> <span class='ocrx_word' id='word_1_64' title='bbox 729 585 754 603; x_wconf 83' lang='lat' dir='ltr'>e.</span> <span class='ocrx_word' id='word_1_65' title='bbox 771 586 830 615; x_wconf 83' lang='lat' dir='ltr'>sqq.</span> <span class='ocrx_word' id='word_1_66' title='bbox 850 583 906 606; x_wconf 76' lang='grc' dir='ltr'>ΧΠ,</span> 
     </span>
     <span class='ocr_line' id='line_1_10' title="bbox 175 617 909 657; baseline 0.005 -13"><span class='ocrx_word' id='word_1_67' title='bbox 175 621 235 646; x_wconf 82' lang='grc'>177,</span> <span class='ocrx_word' id='word_1_68' title='bbox 260 627 284 645; x_wconf 87' lang='lat' dir='ltr'>c.</span> <span class='ocrx_word' id='word_1_69' title='bbox 303 627 367 654; x_wconf 85' lang='lat' dir='ltr'>sqq.</span> <span class='ocrx_word' id='word_1_70' title='bbox 391 618 463 645; x_wconf 84' lang='lat' dir='ltr'>Deus</span> <span class='ocrx_word' id='word_1_71' title='bbox 478 617 554 646; x_wconf 88' lang='lat' dir='ltr'>nobis</span> <span class='ocrx_word' id='word_1_72' title='bbox 570 617 722 646; x_wconf 78' lang='lat' dir='ltr'>volentibus</span> <span class='ocrx_word' id='word_1_73' title='bbox 737 626 863 657; x_wconf 79' lang='lat' dir='ltr'>operatur</span> <span class='ocrx_word' id='word_1_74' title='bbox 883 621 909 648; x_wconf 87' lang='lat' dir='ltr'>in</span> 
     </span>
     <span class='ocr_line' id='line_1_11' title="bbox 170 660 911 700; baseline 0.007 -13"><span class='ocrx_word' id='word_1_75' title='bbox 170 660 255 688; x_wconf 87' lang='lat' dir='ltr'>nobis.</span> <span class='ocrx_word' id='word_1_76' title='bbox 270 667 316 688; x_wconf 80' lang='lat' dir='ltr'>Xt.</span> <span class='ocrx_word' id='word_1_77' title='bbox 331 665 395 688; x_wconf 80' lang='grc'>296.</span> <span class='ocrx_word' id='word_1_78' title='bbox 420 671 446 688; x_wconf 88' lang='lat' dir='ltr'>D.</span> <span class='ocrx_word' id='word_1_79' title='bbox 463 661 522 699; x_wconf 80' lang='lat' dir='ltr'>Ipse</span> <span class='ocrx_word' id='word_1_80' title='bbox 537 668 561 689; x_wconf 88' lang='lat' dir='ltr'>et</span> <span class='ocrx_word' id='word_1_81' title='bbox 583 662 786 700; x_wconf 73' lang='lat' dir='ltr'>propensionem</span> <span class='ocrx_word' id='word_1_82' title='bbox 799 662 844 691; x_wconf 87' lang='lat' dir='ltr'>dat</span> <span class='ocrx_word' id='word_1_83' title='bbox 861 675 911 692; x_wconf 82' lang='lat' dir='ltr'>vo-</span> 
     </span>
     <span class='ocr_line' id='line_1_12' title="bbox 170 703 909 746; baseline 0.007 -15"><span class='ocrx_word' id='word_1_84' title='bbox 170 703 280 732; x_wconf 89' lang='lat' dir='ltr'>luntatis</span> <span class='ocrx_word' id='word_1_85' title='bbox 294 710 318 732; x_wconf 90' lang='lat' dir='ltr'>et</span> <span class='ocrx_word' id='word_1_86' title='bbox 332 705 522 742; x_wconf 75' lang='lat' dir='ltr'>operationem.</span> <span class='ocrx_word' id='word_1_87' title='bbox 541 713 586 733; x_wconf 81' lang='lat' dir='ltr'>XI.</span> <span class='ocrx_word' id='word_1_88' title='bbox 604 710 667 734; x_wconf 83' lang='lat'>296.</span> <span class='ocrx_word' id='word_1_89' title='bbox 687 717 715 737; x_wconf 82' lang='lat' dir='ltr'>D.</span> <span class='ocrx_word' id='word_1_90' title='bbox 735 717 799 746; x_wconf 85' lang='lat' dir='ltr'>sqq.</span> <span class='ocrx_word' id='word_1_91' title='bbox 817 708 846 736; x_wconf 92' lang='lat' dir='ltr'>Si</span> <span class='ocrx_word' id='word_1_92' title='bbox 860 719 909 736; x_wconf 79' lang='lat' dir='ltr'>vo-</span> 
     </span>
     <span class='ocr_line' id='line_1_13' title="bbox 169 747 910 789; baseline 0.008 -15"><span class='ocrx_word' id='word_1_93' title='bbox 169 747 309 783; x_wconf 87' lang='lat' dir='ltr'>luerimus,</span> <span class='ocrx_word' id='word_1_94' title='bbox 333 755 395 777; x_wconf 91' lang='lat' dir='ltr'>tune</span> <span class='ocrx_word' id='word_1_95' title='bbox 419 748 574 787; x_wconf 72' lang='lat' dir='ltr'>operabitur</span> <span class='ocrx_word' id='word_1_96' title='bbox 591 756 618 777; x_wconf 88' lang='lat' dir='ltr'>ut</span> <span class='ocrx_word' id='word_1_97' title='bbox 636 749 763 786; x_wconf 75' lang='lat' dir='ltr'>velimus;</span> <span class='ocrx_word' id='word_1_98' title='bbox 783 759 910 789; x_wconf 73' lang='lat' dir='ltr'>operatur</span> 
     </span>
     <span class='ocr_line' id='line_1_14' title="bbox 168 790 908 832; baseline 0.009 -14"><span class='ocrx_word' id='word_1_99' title='bbox 168 790 257 829; x_wconf 83' lang='lat' dir='ltr'>ipsum</span> <span class='ocrx_word' id='word_1_100' title='bbox 269 791 382 826; x_wconf 83' lang='lat' dir='ltr'>bonum,</span> <span class='ocrx_word' id='word_1_101' title='bbox 397 799 521 831; x_wconf 81' lang='lat' dir='ltr'>operatur</span> <span class='ocrx_word' id='word_1_102' title='bbox 531 803 578 831; x_wconf 88' lang='lat' dir='ltr'>per</span> <span class='ocrx_word' id='word_1_103' title='bbox 590 793 678 832; x_wconf 86' lang='lat' dir='ltr'>ipsum</span> <span class='ocrx_word' id='word_1_104' title='bbox 693 794 771 822; x_wconf 85' lang='lat' dir='ltr'>etiam</span> <span class='ocrx_word' id='word_1_105' title='bbox 780 796 908 825; x_wconf 50' lang='lat' dir='ltr'>venesi.</span> 
     </span>
     <span class='ocr_line' id='line_1_15' title="bbox 169 835 908 875; baseline 0.009 -13"><span class='ocrx_word' id='word_1_106' title='bbox 169 838 234 864; x_wconf 81' lang='lat'>296.</span> <span class='ocrx_word' id='word_1_107' title='bbox 253 845 280 863; x_wconf 86' lang='lat'>1).</span> <span class='ocrx_word' id='word_1_108' title='bbox 302 835 372 871; x_wconf 86' lang='lat' dir='ltr'>Quia</span> <span class='ocrx_word' id='word_1_109' title='bbox 392 835 464 873; x_wconf 89' lang='lat' dir='ltr'>quod</span> <span class='ocrx_word' id='word_1_110' title='bbox 486 843 524 864; x_wconf 85' lang='lat' dir='ltr'>est</span> <span class='ocrx_word' id='word_1_111' title='bbox 549 837 676 875; x_wconf 85' lang='lat' dir='ltr'>amplius⁷</span> <span class='ocrx_word' id='word_1_112' title='bbox 697 845 736 866; x_wconf 86' lang='lat' dir='ltr'>est</span> <span class='ocrx_word' id='word_1_113' title='bbox 757 839 824 873; x_wconf 82' lang='lat' dir='ltr'>Dei;</span> <span class='ocrx_word' id='word_1_114' title='bbox 850 840 908 869; x_wconf 82' lang='lat' dir='ltr'>ideo</span> 
     </span>
     <span class='ocr_line' id='line_1_16' title="bbox 170 878 907 919; baseline 0.011 -14"><span class='ocrx_word' id='word_1_115' title='bbox 170 878 269 906; x_wconf 86' lang='lat' dir='ltr'>Paulus</span> <span class='ocrx_word' id='word_1_116' title='bbox 280 885 365 907; x_wconf 88' lang='lat' dir='ltr'>totum</span> <span class='ocrx_word' id='word_1_117' title='bbox 376 879 512 908; x_wconf 88' lang='lat' dir='ltr'>illiusesse</span> <span class='ocrx_word' id='word_1_118' title='bbox 525 880 602 917; x_wconf 86' lang='lat' dir='ltr'>dicit,</span> <span class='ocrx_word' id='word_1_119' title='bbox 620 881 730 919; x_wconf 85' lang='lat' dir='ltr'>loquens</span> <span class='ocrx_word' id='word_1_120' title='bbox 745 884 907 913; x_wconf 80' lang='lat' dir='ltr'>convenien-</span> 
     </span>
     <span class='ocr_line' id='line_1_17' title="bbox 169 923 908 959; baseline 0.011 -8"><span class='ocrx_word' id='word_1_121' title='bbox 169 923 338 953; x_wconf 80' lang='lat' dir='ltr'>terhumanae</span> <span class='ocrx_word' id='word_1_122' title='bbox 350 925 545 956; x_wconf 84' lang='lat' dir='ltr'>consuetudini.</span> <span class='ocrx_word' id='word_1_123' title='bbox 557 933 615 955; x_wconf 83' lang='lat' dir='ltr'>XII.</span> <span class='ocrx_word' id='word_1_124' title='bbox 634 932 696 955; x_wconf 86' lang='grc'>178.</span> <span class='ocrx_word' id='word_1_125' title='bbox 710 928 840 958; x_wconf 75' lang='lat' dir='ltr'>Voluntas</span> <span class='ocrx_word' id='word_1_126' title='bbox 852 931 908 959; x_wconf 79' lang='lat' dir='ltr'>sine</span> 
     </span>
     <span class='ocr_line' id='line_1_18' title="bbox 168 968 904 1008; baseline 0.011 -13"><span class='ocrx_word' id='word_1_127' title='bbox 168 968 254 1006; x_wconf 84' lang='lat' dir='ltr'>gratia</span> <span class='ocrx_word' id='word_1_128' title='bbox 269 979 319 997; x_wconf 87' lang='lat' dir='ltr'>non</span> <span class='ocrx_word' id='word_1_129' title='bbox 331 969 397 1007; x_wconf 81' lang='lat' dir='ltr'>agit,</span> <span class='ocrx_word' id='word_1_130' title='bbox 412 976 440 998; x_wconf 86' lang='lat' dir='ltr'>ut</span> <span class='ocrx_word' id='word_1_131' title='bbox 453 980 501 998; x_wconf 82' lang='lat' dir='ltr'>nec</span> <span class='ocrx_word' id='word_1_132' title='bbox 515 972 600 1008; x_wconf 80' lang='lat' dir='ltr'>gratia</span> <span class='ocrx_word' id='word_1_133' title='bbox 616 971 674 999; x_wconf 90' lang='lat' dir='ltr'>sine</span> <span class='ocrx_word' id='word_1_134' title='bbox 689 973 833 1002; x_wconf 83' lang='lat' dir='ltr'>voluntate.</span> <span class='ocrx_word' id='word_1_135' title='bbox 847 981 904 1003; x_wconf 64' lang='lat' dir='ltr'>vn.</span> 
     </span>
     <span class='ocr_line' id='line_1_19' title="bbox 168 1013 907 1053; baseline 0.009 -13"><span class='ocrx_word' id='word_1_136' title='bbox 168 1017 232 1040; x_wconf 77' lang='lat'>888.</span> <span class='ocrx_word' id='word_1_137' title='bbox 251 1024 278 1042; x_wconf 71' lang='lat' dir='ltr'>A.</span> <span class='ocrx_word' id='word_1_138' title='bbox 295 1024 319 1041; x_wconf 75' lang='grc' dir='ltr'>Β.</span> <span class='ocrx_word' id='word_1_139' title='bbox 336 1013 527 1042; x_wconf 71' lang='lat' dir='ltr'>Praedictiones</span> <span class='ocrx_word' id='word_1_140' title='bbox 537 1015 780 1053; x_wconf 57' lang='lat' dir='ltr'>voluntati2nostrze</span> <span class='ocrx_word' id='word_1_141' title='bbox 796 1019 907 1047; x_wconf 84' lang='lat' dir='ltr'>necessi-</span> 
     </span>
     <span class='ocr_line' id='line_1_20' title="bbox 169 1056 906 1092; baseline 0.012 -10"><span class='ocrx_word' id='word_1_142' title='bbox 169 1062 248 1084; x_wconf 85' lang='lat' dir='ltr'>tatem</span> <span class='ocrx_word' id='word_1_143' title='bbox 257 1056 357 1084; x_wconf 87' lang='lat' dir='ltr'>nullam</span> <span class='ocrx_word' id='word_1_144' title='bbox 368 1056 492 1085; x_wconf 58' lang='lat' dir='ltr'>inferunt.</span> <span class='ocrx_word' id='word_1_145' title='bbox 503 1065 560 1086; x_wconf 70' lang='lat' dir='ltr'>Vll.</span> <span class='ocrx_word' id='word_1_146' title='bbox 571 1064 636 1087; x_wconf 67' lang='lat'>840.</span> <span class='ocrx_word' id='word_1_147' title='bbox 645 1071 670 1087; x_wconf 75' lang='lat' dir='ltr'>A.</span> <span class='ocrx_word' id='word_1_148' title='bbox 678 1061 812 1090; x_wconf 79' lang='lat' dir='ltr'>Voluntas</span> <span class='ocrx_word' id='word_1_149' title='bbox 823 1062 906 1092; x_wconf 83' lang='lat' dir='ltr'>libera</span> 
     </span>
     <span class='ocr_line' id='line_1_21' title="bbox 167 1099 906 1135; baseline 0.012 -9"><span class='ocrx_word' id='word_1_150' title='bbox 167 1099 298 1127; x_wconf 86' lang='lat' dir='ltr'>bonorum</span> <span class='ocrx_word' id='word_1_151' title='bbox 310 1099 398 1129; x_wconf 74' lang='lat' dir='ltr'>radix.</span> <span class='ocrx_word' id='word_1_152' title='bbox 417 1107 474 1129; x_wconf 74' lang='lat' dir='ltr'>vlt.</span> <span class='ocrx_word' id='word_1_153' title='bbox 491 1107 554 1130; x_wconf 81' lang='lat'>537.</span> <span class='ocrx_word' id='word_1_154' title='bbox 576 1113 602 1130; x_wconf 90' lang='lat' dir='ltr'>D.</span> <span class='ocrx_word' id='word_1_155' title='bbox 619 1114 645 1131; x_wconf 80' lang='lat' dir='ltr'>E.</span> <span class='ocrx_word' id='word_1_156' title='bbox 668 1104 812 1134; x_wconf 80' lang='lat' dir='ltr'>Voluntate</span> <span class='ocrx_word' id='word_1_157' title='bbox 823 1106 906 1135; x_wconf 89' lang='lat' dir='ltr'>libera</span> 
     </span>
     <span class='ocr_line' id='line_1_22' title="bbox 167 1143 786 1177; baseline 0.011 -7"><span class='ocrx_word' id='word_1_158' title='bbox 167 1143 231 1171; x_wconf 91' lang='lat' dir='ltr'>boni</span> <span class='ocrx_word' id='word_1_159' title='bbox 250 1143 392 1172; x_wconf 82' lang='lat' dir='ltr'>efficimur.</span> <span class='ocrx_word' id='word_1_160' title='bbox 418 1151 448 1172; x_wconf 90' lang='lat'>11.</span> <span class='ocrx_word' id='word_1_161' title='bbox 463 1150 527 1173; x_wconf 79' lang='grc'>608.</span> <span class='ocrx_word' id='word_1_162' title='bbox 549 1150 613 1176; x_wconf 83' lang='grc'>319.</span> <span class='ocrx_word' id='word_1_163' title='bbox 633 1151 696 1175; x_wconf 70' lang='grc'>462.</span> <span class='ocrx_word' id='word_1_164' title='bbox 715 1158 740 1175; x_wconf 73' lang='grc' dir='ltr'>Ε.</span> <span class='ocrx_word' id='word_1_165' title='bbox 757 1160 786 1177; x_wconf 65' lang='grc' dir='ltr'>Α.</span> 
     </span>
    </p>

    <p class='ocr_par' dir='ltr' id='par_1_3' title="bbox 163 1187 906 1624">
     <span class='ocr_line' id='line_1_23' title="bbox 207 1187 906 1231; baseline 0.013 -18"><span class='ocrx_word' id='word_1_166' title='bbox 207 1187 368 1221; x_wconf 82' lang='lat' dir='ltr'>Voluntati,</span> <span class='ocrx_word' id='word_1_167' title='bbox 394 1197 445 1215; x_wconf 91' lang='lat' dir='ltr'>non</span> <span class='ocrx_word' id='word_1_168' title='bbox 473 1189 548 1227; x_wconf 87' lang='lat' dir='ltr'>operi</span> <span class='ocrx_word' id='word_1_169' title='bbox 558 1189 719 1228; x_wconf 55' lang='lat' dir='ltr'>{completm</span> <span class='ocrx_word' id='word_1_170' title='bbox 748 1203 853 1231; x_wconf 80' lang='lat' dir='ltr'>poenam</span> <span class='ocrx_word' id='word_1_171' title='bbox 881 1202 906 1223; x_wconf 84' lang='lat' dir='ltr'>et</span> 
     </span>
     <span class='ocr_line' id='line_1_24' title="bbox 168 1230 906 1267; baseline 0.014 -10"><span class='ocrx_word' id='word_1_172' title='bbox 168 1230 317 1258; x_wconf 82' lang='lat' dir='ltr'>mercedem</span> <span class='ocrx_word' id='word_1_173' title='bbox 329 1231 422 1259; x_wconf 83' lang='lat' dir='ltr'>statuit</span> <span class='ocrx_word' id='word_1_174' title='bbox 434 1232 567 1262; x_wconf 83' lang='lat' dir='ltr'>Christus.</span> <span class='ocrx_word' id='word_1_175' title='bbox 587 1241 643 1262; x_wconf 81' lang='lat' dir='ltr'>VII.</span> <span class='ocrx_word' id='word_1_176' title='bbox 659 1239 724 1264; x_wconf 83' lang='grc'>279.</span> <span class='ocrx_word' id='word_1_177' title='bbox 742 1247 766 1266; x_wconf 78' lang='lat'>13.</span> <span class='ocrx_word' id='word_1_178' title='bbox 784 1237 827 1266; x_wconf 84' lang='lat' dir='ltr'>Ad</span> <span class='ocrx_word' id='word_1_179' title='bbox 836 1239 906 1267; x_wconf 86' lang='lat' dir='ltr'>salu-</span> 
     </span>
     <span class='ocr_line' id='line_1_25' title="bbox 167 1277 904 1320; baseline 0.014 -19"><span class='ocrx_word' id='word_1_180' title='bbox 167 1281 220 1302; x_wconf 87' lang='lat' dir='ltr'>tem</span> <span class='ocrx_word' id='word_1_181' title='bbox 233 1285 284 1302; x_wconf 89' lang='lat' dir='ltr'>non</span> <span class='ocrx_word' id='word_1_182' title='bbox 296 1285 362 1313; x_wconf 86' lang='lat' dir='ltr'>opus</span> <span class='ocrx_word' id='word_1_183' title='bbox 377 1282 415 1303; x_wconf 90' lang='lat' dir='ltr'>est</span> <span class='ocrx_word' id='word_1_184' title='bbox 428 1277 596 1315; x_wconf 65' lang='lat' dir='ltr'>multis‡‚‘scd</span> <span class='ocrx_word' id='word_1_185' title='bbox 608 1280 707 1307; x_wconf 78' lang='lat' dir='ltr'>sufficit</span> <span class='ocrx_word' id='word_1_186' title='bbox 720 1281 807 1309; x_wconf 89' lang='lat' dir='ltr'>solum</span> <span class='ocrx_word' id='word_1_187' title='bbox 821 1282 904 1320; x_wconf 81' lang='lat' dir='ltr'>velle,</span> 
     </span>
     <span class='ocr_line' id='line_1_26' title="bbox 166 1319 901 1355; baseline 0.014 -10"><span class='ocrx_word' id='word_1_188' title='bbox 166 1325 192 1346; x_wconf 89' lang='lat' dir='ltr'>et</span> <span class='ocrx_word' id='word_1_189' title='bbox 206 1324 289 1346; x_wconf 90' lang='lat' dir='ltr'>toturn</span> <span class='ocrx_word' id='word_1_190' title='bbox 305 1319 427 1348; x_wconf 71' lang='lat' dir='ltr'>effectum</span> <span class='ocrx_word' id='word_1_191' title='bbox 448 1328 496 1349; x_wconf 84' lang='lat' dir='ltr'>est.</span> <span class='ocrx_word' id='word_1_192' title='bbox 513 1328 570 1350; x_wconf 74' lang='lat' dir='ltr'>VH.</span> <span class='ocrx_word' id='word_1_193' title='bbox 589 1327 654 1351; x_wconf 80' lang='grc'>572.</span> <span class='ocrx_word' id='word_1_194' title='bbox 677 1335 700 1352; x_wconf 78' lang='grc' dir='ltr'>Β.</span> <span class='ocrx_word' id='word_1_195' title='bbox 719 1331 763 1353; x_wconf 76' lang='grc' dir='ltr'>ΧΙ.</span> <span class='ocrx_word' id='word_1_196' title='bbox 789 1330 853 1354; x_wconf 72' lang='grc'>846.</span> <span class='ocrx_word' id='word_1_197' title='bbox 875 1339 901 1355; x_wconf 72' lang='grc' dir='ltr'>Α.</span> 
     </span>
     <span class='ocr_line' id='line_1_27' title="bbox 166 1362 903 1409; baseline 0.012 -20"><span class='ocrx_word' id='word_1_198' title='bbox 166 1362 245 1390; x_wconf 88' lang='lat' dir='ltr'>Unus</span> <span class='ocrx_word' id='word_1_199' title='bbox 257 1363 303 1400; x_wconf 89' lang='lat' dir='ltr'>qni</span> <span class='ocrx_word' id='word_1_200' title='bbox 316 1363 483 1392; x_wconf 81' lang='lat' dir='ltr'>voluntatem</span> <span class='ocrx_word' id='word_1_201' title='bbox 496 1365 802 1404; x_wconf 36' lang='lat' dir='ltr'>Deissfaciat&#39;ssexeentis</span> <span class='ocrx_word' id='word_1_202' title='bbox 813 1369 903 1409; x_wconf 86' lang='lat' dir='ltr'>impiis</span> 
     </span>
     <span class='ocr_line' id='line_1_28' title="bbox 163 1406 902 1451; baseline 0.012 -17"><span class='ocrx_word' id='word_1_203' title='bbox 163 1406 260 1435; x_wconf 86' lang='lat' dir='ltr'>melior</span> <span class='ocrx_word' id='word_1_204' title='bbox 271 1414 320 1436; x_wconf 86' lang='lat' dir='ltr'>est.</span> <span class='ocrx_word' id='word_1_205' title='bbox 335 1415 355 1438; x_wconf 89' lang='grc' dir='ltr'>Ι.</span> <span class='ocrx_word' id='word_1_206' title='bbox 372 1413 383 1436; x_wconf 89' lang='grc'>1</span> <span class='ocrx_word' id='word_1_207' title='bbox 398 1419 422 1437; x_wconf 76' lang='grc' dir='ltr'>Β.</span> <span class='ocrx_word' id='word_1_208' title='bbox 439 1409 574 1438; x_wconf 84' lang='lat' dir='ltr'>Voluntas</span> <span class='ocrx_word' id='word_1_209' title='bbox 582 1409 829 1451; x_wconf 57' lang='lat' dir='ltr'>depravatafpotest</span> <span class='ocrx_word' id='word_1_210' title='bbox 840 1424 902 1442; x_wconf 88' lang='lat' dir='ltr'>cor-</span> 
     </span>
     <span class='ocr_line' id='line_1_29' title="bbox 165 1449 901 1494; baseline 0.011 -16"><span class='ocrx_word' id='word_1_211' title='bbox 165 1449 228 1489; x_wconf 84' lang='lat' dir='ltr'>rigi.</span> <span class='ocrx_word' id='word_1_212' title='bbox 246 1459 292 1481; x_wconf 84' lang='lat'>111.</span> <span class='ocrx_word' id='word_1_213' title='bbox 320 1456 382 1480; x_wconf 75' lang='lat'>257.</span> <span class='ocrx_word' id='word_1_214' title='bbox 404 1462 429 1481; x_wconf 81' lang='grc' dir='ltr'>Ε.</span> <span class='ocrx_word' id='word_1_215' title='bbox 446 1454 544 1491; x_wconf 87' lang='lat' dir='ltr'>Opera,</span> <span class='ocrx_word' id='word_1_216' title='bbox 559 1455 780 1494; x_wconf 52' lang='lat' dir='ltr'>praesertim&#39;quae</span> <span class='ocrx_word' id='word_1_217' title='bbox 797 1467 848 1485; x_wconf 90' lang='lat' dir='ltr'>non</span> <span class='ocrx_word' id='word_1_218' title='bbox 869 1468 901 1486; x_wconf 83' lang='lat' dir='ltr'>cx</span> 
     </span>
     <span class='ocr_line' id='line_1_30' title="bbox 165 1494 902 1539; baseline 0.011 -17"><span class='ocrx_word' id='word_1_219' title='bbox 165 1494 290 1523; x_wconf 86' lang='lat' dir='ltr'>mandato</span> <span class='ocrx_word' id='word_1_220' title='bbox 304 1502 350 1523; x_wconf 87' lang='lat' dir='ltr'>aut</span> <span class='ocrx_word' id='word_1_221' title='bbox 359 1495 450 1524; x_wconf 87' lang='lat' dir='ltr'>debito</span> <span class='ocrx_word' id='word_1_222' title='bbox 458 1519 467 1531; x_wconf 87' lang='lat'><em>,</em></span> <span class='ocrx_word' id='word_1_223' title='bbox 481 1497 528 1525; x_wconf 86' lang='lat' dir='ltr'>sed</span> <span class='ocrx_word' id='word_1_224' title='bbox 539 1508 573 1525; x_wconf 82' lang='lat' dir='ltr'>ex</span> <span class='ocrx_word' id='word_1_225' title='bbox 585 1498 721 1527; x_wconf 87' lang='lat' dir='ltr'>voluntate</span> <span class='ocrx_word' id='word_1_226' title='bbox 731 1507 755 1528; x_wconf 84' lang='lat' dir='ltr'>et</span> <span class='ocrx_word' id='word_1_227' title='bbox 766 1502 902 1539; x_wconf 82' lang='lat' dir='ltr'>proposito</span> 
     </span>
     <span class='ocr_line' id='line_1_31' title="bbox 164 1537 900 1578; baseline 0.012 -13"><span class='ocrx_word' id='word_1_228' title='bbox 164 1537 247 1574; x_wconf 83' lang='lat' dir='ltr'>fiunt,</span> <span class='ocrx_word' id='word_1_229' title='bbox 268 1538 376 1577; x_wconf 86' lang='lat' dir='ltr'>pariunt</span> <span class='ocrx_word' id='word_1_230' title='bbox 404 1539 562 1578; x_wconf 82' lang='lat' dir='ltr'>splendidas</span> <span class='ocrx_word' id='word_1_231' title='bbox 580 1551 701 1570; x_wconf 86' lang='lat' dir='ltr'>coronas.</span> <span class='ocrx_word' id='word_1_232' title='bbox 728 1550 761 1571; x_wconf 90' lang='lat' dir='ltr'>ll.</span> <span class='ocrx_word' id='word_1_233' title='bbox 783 1547 846 1572; x_wconf 86' lang='grc'>379.</span> <span class='ocrx_word' id='word_1_234' title='bbox 874 1557 900 1575; x_wconf 82' lang='grc' dir='ltr'>Λ.</span> 
     </span>
     <span class='ocr_line' id='line_1_32' title="bbox 164 1582 800 1624; baseline 0.006 -14"><span class='ocrx_word' id='word_1_235' title='bbox 164 1582 277 1611; x_wconf 87' lang='lat' dir='ltr'>Scutum</span> <span class='ocrx_word' id='word_1_236' title='bbox 285 1582 361 1611; x_wconf 80' lang='lat' dir='ltr'>bonae</span> <span class='ocrx_word' id='word_1_237' title='bbox 375 1583 519 1612; x_wconf 85' lang='lat' dir='ltr'>voluntatis</span> <span class='ocrx_word' id='word_1_238' title='bbox 531 1585 607 1623; x_wconf 88' lang='lat' dir='ltr'>quid.</span> <span class='ocrx_word' id='word_1_239' title='bbox 626 1593 659 1614; x_wconf 80' lang='lat' dir='ltr'>V.</span> <span class='ocrx_word' id='word_1_240' title='bbox 674 1591 761 1624; x_wconf 52' lang='lat'>452⁸-</span> <span class='ocrx_word' id='word_1_241' title='bbox 774 1597 800 1615; x_wconf 67' lang='lat' dir='ltr'>c.</span> 
     </span>
    </p>

    <p class='ocr_par' dir='ltr' id='par_1_4' title="bbox 166 1626 902 1708">
     <span class='ocr_line' id='line_1_33' title="bbox 207 1626 902 1668; baseline 0.01 -15"><span class='ocrx_word' id='word_1_242' title='bbox 207 1626 379 1655; x_wconf 78' lang='lat' dir='ltr'>Voluntaria</span> <span class='ocrx_word' id='word_1_243' title='bbox 394 1628 541 1666; x_wconf 78' lang='lat' dir='ltr'>sacrificia</span> <span class='ocrx_word' id='word_1_244' title='bbox 551 1629 819 1668; x_wconf 5' lang='lat' dir='ltr'>ea&#39;quoegexqanimi</span> <span class='ocrx_word' id='word_1_245' title='bbox 832 1631 902 1660; x_wconf 79' lang='lat' dir='ltr'>libe-</span> 
     </span>
     <span class='ocr_line' id='line_1_34' title="bbox 166 1670 727 1708; baseline 0.009 -11"><span class='ocrx_word' id='word_1_246' title='bbox 166 1670 284 1698; x_wconf 77' lang='lat' dir='ltr'>ralitate</span> <span class='ocrx_word' id='word_1_247' title='bbox 293 1671 506 1708; x_wconf 80' lang='lat' dir='ltr'>offerebantur.</span> <span class='ocrx_word' id='word_1_248' title='bbox 525 1679 558 1701; x_wconf 73' lang='lat' dir='ltr'>v.</span> <span class='ocrx_word' id='word_1_249' title='bbox 578 1678 643 1702; x_wconf 90' lang='grc'>878.</span> <span class='ocrx_word' id='word_1_250' title='bbox 661 1685 688 1704; x_wconf 77' lang='lat' dir='ltr'>A.</span> <span class='ocrx_word' id='word_1_251' title='bbox 704 1685 727 1702; x_wconf 72' lang='lat' dir='ltr'>B.</span> 
     </span>
    </p>

    <p class='ocr_par' dir='ltr' id='par_1_5' title="bbox 163 1714 902 1884">
     <span class='ocr_line' id='line_1_35' title="bbox 204 1714 898 1749; baseline 0.012 -8"><span class='ocrx_word' id='word_1_252' title='bbox 204 1714 337 1742; x_wconf 81' lang='lat' dir='ltr'>Voluntas</span> <span class='ocrx_word' id='word_1_253' title='bbox 362 1715 448 1743; x_wconf 85' lang='lat' dir='ltr'>Patris</span> <span class='ocrx_word' id='word_1_254' title='bbox 473 1723 499 1744; x_wconf 86' lang='lat' dir='ltr'>et</span> <span class='ocrx_word' id='word_1_255' title='bbox 512 1717 576 1744; x_wconf 88' lang='lat' dir='ltr'>Filii</span> <span class='ocrx_word' id='word_1_256' title='bbox 591 1717 694 1745; x_wconf 80' lang='lat' dir='ltr'>eadem.</span> <span class='ocrx_word' id='word_1_257' title='bbox 717 1719 856 1749; x_wconf 54' lang='lat'>5&#39;115339.</span> <span class='ocrx_word' id='word_1_258' title='bbox 874 1730 898 1748; x_wconf 71' lang='grc' dir='ltr'>Β.</span> 
     </span>
     <span class='ocr_line' id='line_1_36' title="bbox 164 1761 902 1802; baseline 0.011 -18"><span class='ocrx_word' id='word_1_259' title='bbox 164 1768 226 1785; x_wconf 88' lang='lat' dir='ltr'>una.</span> <span class='ocrx_word' id='word_1_260' title='bbox 249 1765 293 1786; x_wconf 84' lang='grc' dir='ltr'>ΙΙΙ.</span> <span class='ocrx_word' id='word_1_261' title='bbox 315 1762 359 1786; x_wconf 84' lang='grc'>26.</span> <span class='ocrx_word' id='word_1_262' title='bbox 376 1763 421 1788; x_wconf 88' lang='grc'>30,</span> <span class='ocrx_word' id='word_1_263' title='bbox 448 1771 499 1789; x_wconf 87' lang='lat' dir='ltr'>una</span> <span class='ocrx_word' id='word_1_264' title='bbox 514 1761 600 1789; x_wconf 90' lang='lat' dir='ltr'>Patris</span> <span class='ocrx_word' id='word_1_265' title='bbox 615 1768 639 1789; x_wconf 89' lang='lat' dir='ltr'>ct</span> <span class='ocrx_word' id='word_1_266' title='bbox 657 1761 720 1790; x_wconf 89' lang='lat' dir='ltr'>Filii</span> <span class='ocrx_word' id='word_1_267' title='bbox 745 1770 770 1790; x_wconf 85' lang='lat' dir='ltr'>ct</span> <span class='ocrx_word' id='word_1_268' title='bbox 784 1763 902 1802; x_wconf 86' lang='lat' dir='ltr'>Spiritus</span> 
     </span>
     <span class='ocr_line' id='line_1_37' title="bbox 163 1802 902 1836; baseline 0.009 -7"><span class='ocrx_word' id='word_1_269' title='bbox 163 1802 257 1830; x_wconf 75' lang='lat' dir='ltr'>saneti.</span> <span class='ocrx_word' id='word_1_270' title='bbox 284 1809 353 1830; x_wconf 82' lang='lat' dir='ltr'>vm.</span> <span class='ocrx_word' id='word_1_271' title='bbox 378 1807 440 1831; x_wconf 83' lang='lat'>529.</span> <span class='ocrx_word' id='word_1_272' title='bbox 463 1815 490 1832; x_wconf 73' lang='lat' dir='ltr'>A.</span> <span class='ocrx_word' id='word_1_273' title='bbox 510 1805 650 1834; x_wconf 78' lang='lat' dir='ltr'>Voluntas</span> <span class='ocrx_word' id='word_1_274' title='bbox 671 1816 733 1834; x_wconf 86' lang='lat' dir='ltr'>una</span> <span class='ocrx_word' id='word_1_275' title='bbox 751 1807 851 1835; x_wconf 81' lang='lat' dir='ltr'>Patris</span> <span class='ocrx_word' id='word_1_276' title='bbox 874 1814 902 1836; x_wconf 82' lang='lat' dir='ltr'>et</span> 
     </span>
     <span class='ocr_line' id='line_1_38' title="bbox 165 1846 678 1884; baseline 0.008 -10"><span class='ocrx_word' id='word_1_277' title='bbox 165 1846 237 1874; x_wconf 82' lang='lat' dir='ltr'>Filii</span> <span class='ocrx_word' id='word_1_278' title='bbox 255 1853 283 1874; x_wconf 84' lang='lat' dir='ltr'>et</span> <span class='ocrx_word' id='word_1_279' title='bbox 296 1847 418 1884; x_wconf 79' lang='lat' dir='ltr'>Spiritus</span> <span class='ocrx_word' id='word_1_280' title='bbox 436 1851 536 1876; x_wconf 83' lang='lat' dir='ltr'>sancti.</span> <span class='ocrx_word' id='word_1_281' title='bbox 550 1856 595 1878; x_wconf 80' lang='lat' dir='ltr'>VI.</span> <span class='ocrx_word' id='word_1_282' title='bbox 614 1854 678 1878; x_wconf 79' lang='lat'>563.</span> 
     </span>
    </p>

    <p class='ocr_par' dir='ltr' id='par_1_6' title="bbox 163 1890 902 2101">
     <span class='ocr_line' id='line_1_39' title="bbox 203 1890 898 1932; baseline 0.012 -15"><span class='ocrx_word' id='word_1_283' title='bbox 203 1890 364 1919; x_wconf 72' lang='lat' dir='ltr'>voluntates</span> <span class='ocrx_word' id='word_1_284' title='bbox 376 1891 436 1919; x_wconf 79' lang='lat' dir='ltr'>duae</span> <span class='ocrx_word' id='word_1_285' title='bbox 452 1892 477 1919; x_wconf 91' lang='lat' dir='ltr'>in</span> <span class='ocrx_word' id='word_1_286' title='bbox 499 1893 679 1932; x_wconf 44' lang='lat' dir='ltr'>Christogltt.</span> <span class='ocrx_word' id='word_1_287' title='bbox 696 1897 742 1925; x_wconf 73' lang='lat'>25.</span> <span class='ocrx_word' id='word_1_288' title='bbox 758 1895 836 1925; x_wconf 48' lang='lat' dir='ltr'>vcfn.</span> <span class='ocrx_word' id='word_1_289' title='bbox 853 1900 898 1925; x_wconf 83' lang='grc'>26.</span> 
     </span>
     <span class='ocr_line' id='line_1_40' title="bbox 163 1934 901 1978; baseline 0.007 -16"><span class='ocrx_word' id='word_1_290' title='bbox 163 1934 308 1972; x_wconf 88' lang='lat' dir='ltr'>quomodo.</span> <span class='ocrx_word' id='word_1_291' title='bbox 334 1942 403 1965; x_wconf 72' lang='lat' dir='ltr'>VIII.</span> <span class='ocrx_word' id='word_1_292' title='bbox 422 1941 484 1965; x_wconf 74' lang='lat'>268.</span> <span class='ocrx_word' id='word_1_293' title='bbox 513 1937 672 1966; x_wconf 85' lang='lat' dir='ltr'>Voluntates</span> <span class='ocrx_word' id='word_1_294' title='bbox 695 1937 755 1967; x_wconf 83' lang='lat' dir='ltr'>duae</span> <span class='ocrx_word' id='word_1_295' title='bbox 778 1939 836 1978; x_wconf 73' lang='lat' dir='ltr'>per}</span> <span class='ocrx_word' id='word_1_296' title='bbox 846 1939 901 1968; x_wconf 82' lang='lat' dir='ltr'>haec</span> 
     </span>
     <span class='ocr_line' id='line_1_41' title="bbox 164 1978 899 2019; baseline 0.01 -14"><span class='ocrx_word' id='word_1_297' title='bbox 164 1978 256 2013; x_wconf 74' lang='lat' dir='ltr'>verba,</span> <span class='ocrx_word' id='word_1_298' title='bbox 271 1979 338 2007; x_wconf 87' lang='lat' dir='ltr'>Non</span> <span class='ocrx_word' id='word_1_299' title='bbox 349 1981 423 2008; x_wconf 77' lang='lat' dir='ltr'>sicut</span> <span class='ocrx_word' id='word_1_300' title='bbox 440 1990 490 2019; x_wconf 82' lang='lat' dir='ltr'>ego</span> <span class='ocrx_word' id='word_1_301' title='bbox 504 1981 586 2017; x_wconf 84' lang='lat' dir='ltr'>volo,</span> <span class='ocrx_word' id='word_1_302' title='bbox 600 1982 781 2019; x_wconf 38' lang='lat' dir='ltr'>sed-sicut&#39;cu</span> <span class='ocrx_word' id='word_1_303' title='bbox 790 2005 798 2019; x_wconf 84' lang='lat'><em>‚</em></span> <span class='ocrx_word' id='word_1_304' title='bbox 811 1993 899 2011; x_wconf 88' lang='lat' dir='ltr'>enun-</span> 
     </span>
     <span class='ocr_line' id='line_1_42' title="bbox 164 2023 902 2061; baseline 0.007 -10"><span class='ocrx_word' id='word_1_305' title='bbox 164 2023 274 2056; x_wconf 87' lang='lat' dir='ltr'>tiantur,</span> <span class='ocrx_word' id='word_1_306' title='bbox 287 2024 339 2053; x_wconf 87' lang='lat' dir='ltr'>alia</span> <span class='ocrx_word' id='word_1_307' title='bbox 346 2025 444 2061; x_wconf 87' lang='lat' dir='ltr'>Patris,</span> <span class='ocrx_word' id='word_1_308' title='bbox 458 2025 510 2052; x_wconf 82' lang='lat' dir='ltr'>alia</span> <span class='ocrx_word' id='word_1_309' title='bbox 522 2024 596 2061; x_wconf 70' lang='lat' dir='ltr'>Filii,</span> <span class='ocrx_word' id='word_1_310' title='bbox 612 2025 759 2054; x_wconf 88' lang='lat' dir='ltr'>secundum</span> <span class='ocrx_word' id='word_1_311' title='bbox 774 2026 902 2056; x_wconf 86' lang='lat' dir='ltr'>humani-</span> 
     </span>
     <span class='ocr_line' id='line_1_43' title="bbox 165 2075 372 2101; baseline 0.019 -4"><span class='ocrx_word' id='word_1_312' title='bbox 165 2075 253 2100; x_wconf 83' lang='lat' dir='ltr'>tatem.</span> <span class='ocrx_word' id='word_1_313' title='bbox 272 2077 292 2099; x_wconf 91' lang='lat'>1.</span> <span class='ocrx_word' id='word_1_314' title='bbox 307 2075 372 2101; x_wconf 82' lang='grc'>625.</span> 
     </span>
    </p>

    <p class='ocr_par' dir='ltr' id='par_1_7' title="bbox 161 2109 899 2285">
     <span class='ocr_line' id='line_1_44' title="bbox 203 2109 898 2152; baseline 0.01 -16"><span class='ocrx_word' id='word_1_315' title='bbox 203 2109 356 2138; x_wconf 69' lang='lat' dir='ltr'>vompus</span> <span class='ocrx_word' id='word_1_316' title='bbox 366 2111 442 2148; x_wconf 90' lang='lat' dir='ltr'>quid.</span> <span class='ocrx_word' id='word_1_317' title='bbox 460 2119 480 2140; x_wconf 92' lang='lat'>1.</span> <span class='ocrx_word' id='word_1_318' title='bbox 494 2117 529 2141; x_wconf 80' lang='lat'>89</span> <span class='ocrx_word' id='word_1_319' title='bbox 554 2124 576 2141; x_wconf 78' lang='grc' dir='ltr'>Β.</span> <span class='ocrx_word' id='word_1_320' title='bbox 590 2123 713 2142; x_wconf 86' lang='lat' dir='ltr'>sensuum</span> <span class='ocrx_word' id='word_1_321' title='bbox 725 2124 794 2152; x_wconf 87' lang='lat' dir='ltr'>quae.</span> <span class='ocrx_word' id='word_1_322' title='bbox 809 2116 853 2142; x_wconf 88' lang='lat' dir='ltr'>lb.</span> <span class='ocrx_word' id='word_1_323' title='bbox 875 2127 898 2143; x_wconf 76' lang='grc' dir='ltr'>Α.</span> 
     </span>
     <span class='ocr_line' id='line_1_45' title="bbox 161 2153 899 2196; baseline 0.009 -16"><span class='ocrx_word' id='word_1_324' title='bbox 161 2153 304 2181; x_wconf 83' lang='lat' dir='ltr'>Sensibilis</span> <span class='ocrx_word' id='word_1_325' title='bbox 315 2154 362 2181; x_wconf 91' lang='lat' dir='ltr'>illa</span> <span class='ocrx_word' id='word_1_326' title='bbox 375 2165 455 2192; x_wconf 82' lang='lat' dir='ltr'>qnam</span> <span class='ocrx_word' id='word_1_327' title='bbox 469 2155 568 2184; x_wconf 84' lang='lat' dir='ltr'>brevis.</span> <span class='ocrx_word' id='word_1_328' title='bbox 582 2163 600 2184; x_wconf 85' lang='lat'>1.</span> <span class='ocrx_word' id='word_1_329' title='bbox 617 2162 660 2185; x_wconf 84' lang='lat'>89.</span> <span class='ocrx_word' id='word_1_330' title='bbox 681 2168 706 2185; x_wconf 79' lang='lat' dir='ltr'>n.</span> <span class='ocrx_word' id='word_1_331' title='bbox 720 2168 783 2196; x_wconf 86' lang='lat' dir='ltr'>sqq.</span> <span class='ocrx_word' id='word_1_332' title='bbox 802 2158 899 2187; x_wconf 77' lang='lat' dir='ltr'>Brevis</span> 
     </span>
     <span class='ocr_line' id='line_1_46' title="bbox 161 2198 898 2240; baseline 0.009 -16"><span class='ocrx_word' id='word_1_333' title='bbox 161 2203 186 2224; x_wconf 86' lang='lat' dir='ltr'>et</span> <span class='ocrx_word' id='word_1_334' title='bbox 201 2198 360 2237; x_wconf 85' lang='lat' dir='ltr'>temporaria</span> <span class='ocrx_word' id='word_1_335' title='bbox 372 2210 380 2235; x_wconf 82' lang='lat'>3</span> <span class='ocrx_word' id='word_1_336' title='bbox 394 2198 473 2227; x_wconf 86' lang='lat' dir='ltr'>dolor</span> <span class='ocrx_word' id='word_1_337' title='bbox 489 2207 577 2228; x_wconf 83' lang='lat' dir='ltr'>autem</span> <span class='ocrx_word' id='word_1_338' title='bbox 589 2203 858 2240; x_wconf 63' lang='lat' dir='ltr'>perpetutis.{l.’3887.</span> <span class='ocrx_word' id='word_1_339' title='bbox 872 2215 898 2230; x_wconf 70' lang='lat' dir='ltr'>A.</span> 
     </span>
     <span class='ocr_line' id='line_1_47' title="bbox 163 2242 896 2285; baseline 0.005 -16"><span class='ocrx_word' id='word_1_340' title='bbox 163 2247 209 2269; x_wconf 78' lang='lat' dir='ltr'>lv,</span> <span class='ocrx_word' id='word_1_341' title='bbox 224 2246 250 2270; x_wconf 93' lang='grc'>9.</span> <span class='ocrx_word' id='word_1_342' title='bbox 263 2252 289 2269; x_wconf 91' lang='lat' dir='ltr'>D.</span> <span class='ocrx_word' id='word_1_343' title='bbox 308 2242 441 2282; x_wconf 88' lang='lat' dir='ltr'>Voluptas</span> <span class='ocrx_word' id='word_1_344' title='bbox 451 2244 510 2272; x_wconf 80' lang='lat' dir='ltr'>vitii</span> <span class='ocrx_word' id='word_1_345' title='bbox 522 2244 613 2274; x_wconf 76' lang='lat' dir='ltr'>brevis</span> <span class='ocrx_word' id='word_1_346' title='bbox 624 2252 649 2273; x_wconf 88' lang='lat' dir='ltr'>et</span> <span class='ocrx_word' id='word_1_347' title='bbox 662 2252 839 2285; x_wconf 84' lang='lat' dir='ltr'>temporanea.</span> <span class='ocrx_word' id='word_1_348' title='bbox 853 2254 896 2275; x_wconf 66' lang='lat' dir='ltr'>tv.</span> 
     </span>
    </p>
   </div>
   <div class='ocr_carea' id='block_1_3' title="bbox 955 195 1703 2226">
    <p class='ocr_par' dir='ltr' id='par_1_8' title="bbox 964 195 1703 735">
     <span class='ocr_line' id='line_1_48' title="bbox 1640 195 1702 234; baseline 0 -6"><span class='ocrx_word' id='word_1_349' title='bbox 1640 195 1676 234; x_wconf 65' lang='lat'>4‘1</span> <span class='ocrx_word' id='word_1_350' title='bbox 1694 208 1702 228; x_wconf 83' lang='lat'>1</span> 
     </span>
     <span class='ocr_line' id='line_1_49' title="bbox 969 268 1699 308; baseline 0.001 -13"><span class='ocrx_word' id='word_1_351' title='bbox 969 272 1030 296; x_wconf 61' lang='lat'>8117.</span> <span class='ocrx_word' id='word_1_352' title='bbox 1049 280 1074 296; x_wconf 67' lang='lat' dir='ltr'>A.</span> <span class='ocrx_word' id='word_1_353' title='bbox 1090 273 1150 297; x_wconf 73' lang='lat'>858.</span> <span class='ocrx_word' id='word_1_354' title='bbox 1168 269 1237 308; x_wconf 78' lang='lat' dir='ltr'>parit</span> <span class='ocrx_word' id='word_1_355' title='bbox 1251 269 1369 297; x_wconf 83' lang='lat' dir='ltr'>dolorem</span> <span class='ocrx_word' id='word_1_356' title='bbox 1389 275 1553 307; x_wconf 83' lang='lat' dir='ltr'>perpetuum.</span> <span class='ocrx_word' id='word_1_357' title='bbox 1569 268 1612 298; x_wconf 83' lang='lat' dir='ltr'>lb.</span> <span class='ocrx_word' id='word_1_358' title='bbox 1631 277 1654 296; x_wconf 81' lang='lat' dir='ltr'>et</span> <span class='ocrx_word' id='word_1_359' title='bbox 1667 276 1699 297; x_wconf 77' lang='grc' dir='ltr'>Χ.</span> 
     </span>
     <span class='ocr_line' id='line_1_50' title="bbox 968 312 1701 351; baseline 0.001 -12"><span class='ocrx_word' id='word_1_360' title='bbox 968 316 1032 340; x_wconf 83' lang='lat'>232.</span> <span class='ocrx_word' id='word_1_361' title='bbox 1059 323 1085 341; x_wconf 96' lang='lat' dir='ltr'>D.</span> <span class='ocrx_word' id='word_1_362' title='bbox 1104 313 1237 351; x_wconf 81' lang='lat' dir='ltr'>Voluptas</span> <span class='ocrx_word' id='word_1_363' title='bbox 1261 323 1310 341; x_wconf 91' lang='lat' dir='ltr'>non</span> <span class='ocrx_word' id='word_1_364' title='bbox 1334 312 1423 340; x_wconf 79' lang='lat' dir='ltr'>minus</span> <span class='ocrx_word' id='word_1_365' title='bbox 1438 319 1477 340; x_wconf 81' lang='lat' dir='ltr'>est</span> <span class='ocrx_word' id='word_1_366' title='bbox 1499 312 1599 340; x_wconf 85' lang='lat' dir='ltr'>malum</span> <span class='ocrx_word' id='word_1_367' title='bbox 1623 323 1701 350; x_wconf 78' lang='lat' dir='ltr'>quain</span> 
     </span>
     <span class='ocr_line' id='line_1_51' title="bbox 967 354 1701 395; baseline 0 -12"><span class='ocrx_word' id='word_1_368' title='bbox 967 354 1054 386; x_wconf 80' lang='lat' dir='ltr'>dolor,</span> <span class='ocrx_word' id='word_1_369' title='bbox 1080 362 1136 384; x_wconf 67' lang='lat' dir='ltr'>VH.</span> <span class='ocrx_word' id='word_1_370' title='bbox 1155 361 1218 384; x_wconf 80' lang='lat'>500.</span> <span class='ocrx_word' id='word_1_371' title='bbox 1243 368 1269 385; x_wconf 79' lang='lat' dir='ltr'>A.</span> <span class='ocrx_word' id='word_1_372' title='bbox 1287 356 1420 395; x_wconf 75' lang='lat' dir='ltr'>Voluptas</span> <span class='ocrx_word' id='word_1_373' title='bbox 1447 366 1480 383; x_wconf 82' lang='lat' dir='ltr'>ex</span> <span class='ocrx_word' id='word_1_374' title='bbox 1493 355 1606 384; x_wconf 85' lang='lat' dir='ltr'>libidine</span> <span class='ocrx_word' id='word_1_375' title='bbox 1622 366 1701 393; x_wconf 83' lang='lat' dir='ltr'>quam</span> 
     </span>
     <span class='ocr_line' id='line_1_52' title="bbox 967 399 1702 438; baseline 0 -12"><span class='ocrx_word' id='word_1_376' title='bbox 967 399 1069 438; x_wconf 78' lang='lat' dir='ltr'>turpis,</span> <span class='ocrx_word' id='word_1_377' title='bbox 1092 399 1179 428; x_wconf 84' lang='lat' dir='ltr'>brevis</span> <span class='ocrx_word' id='word_1_378' title='bbox 1203 406 1227 428; x_wconf 80' lang='lat' dir='ltr'>ct</span> <span class='ocrx_word' id='word_1_379' title='bbox 1248 399 1369 428; x_wconf 86' lang='lat' dir='ltr'>molesta.</span> <span class='ocrx_word' id='word_1_380' title='bbox 1385 406 1404 427; x_wconf 88' lang='lat'>1.</span> <span class='ocrx_word' id='word_1_381' title='bbox 1421 404 1464 427; x_wconf 87' lang='lat'>90.</span> <span class='ocrx_word' id='word_1_382' title='bbox 1488 409 1516 427; x_wconf 89' lang='lat' dir='ltr'>D.</span> <span class='ocrx_word' id='word_1_383' title='bbox 1536 410 1563 427; x_wconf 78' lang='lat' dir='ltr'>E.</span> <span class='ocrx_word' id='word_1_384' title='bbox 1580 399 1702 437; x_wconf 78' lang='lat' dir='ltr'>quaedam</span> 
     </span>
     <span class='ocr_line' id='line_1_53' title="bbox 967 442 1700 481; baseline -0.001 -11"><span class='ocrx_word' id='word_1_385' title='bbox 967 442 1108 472; x_wconf 83' lang='lat' dir='ltr'>horrenda.</span> <span class='ocrx_word' id='word_1_386' title='bbox 1126 450 1171 471; x_wconf 79' lang='lat' dir='ltr'>lx.</span> <span class='ocrx_word' id='word_1_387' title='bbox 1189 447 1254 472; x_wconf 66' lang='lat'>495.</span> <span class='ocrx_word' id='word_1_388' title='bbox 1269 454 1295 472; x_wconf 78' lang='lat' dir='ltr'>A.</span> <span class='ocrx_word' id='word_1_389' title='bbox 1312 453 1374 481; x_wconf 85' lang='lat' dir='ltr'>sqq.</span> <span class='ocrx_word' id='word_1_390' title='bbox 1393 443 1554 481; x_wconf 78' lang='lat' dir='ltr'>Voluptates</span> <span class='ocrx_word' id='word_1_391' title='bbox 1577 449 1601 470; x_wconf 92' lang='lat' dir='ltr'>et</span> <span class='ocrx_word' id='word_1_392' title='bbox 1613 442 1700 470; x_wconf 82' lang='lat' dir='ltr'>felici-</span> 
     </span>
     <span class='ocr_line' id='line_1_54' title="bbox 967 486 1703 525; baseline 0.001 -12"><span class='ocrx_word' id='word_1_393' title='bbox 967 493 1031 514; x_wconf 83' lang='lat' dir='ltr'>tates</span> <span class='ocrx_word' id='word_1_394' title='bbox 1044 487 1104 514; x_wconf 74' lang='lat' dir='ltr'>vitae</span> <span class='ocrx_word' id='word_1_395' title='bbox 1117 486 1205 514; x_wconf 88' lang='lat' dir='ltr'>inanes</span> <span class='ocrx_word' id='word_1_396' title='bbox 1220 493 1292 515; x_wconf 88' lang='lat' dir='ltr'>snut.</span> <span class='ocrx_word' id='word_1_397' title='bbox 1313 493 1344 514; x_wconf 71' lang='lat' dir='ltr'>V.</span> <span class='ocrx_word' id='word_1_398' title='bbox 1364 492 1410 516; x_wconf 90' lang='grc'>17.</span> <span class='ocrx_word' id='word_1_399' title='bbox 1435 498 1455 515; x_wconf 74' lang='lat' dir='ltr'>i.</span> <span class='ocrx_word' id='word_1_400' title='bbox 1473 491 1516 514; x_wconf 83' lang='lat'>18.</span> <span class='ocrx_word' id='word_1_401' title='bbox 1536 486 1667 525; x_wconf 81' lang='lat' dir='ltr'>Voluptas</span> <span class='ocrx_word' id='word_1_402' title='bbox 1679 494 1703 514; x_wconf 85' lang='lat' dir='ltr'>et</span> 
     </span>
     <span class='ocr_line' id='line_1_55' title="bbox 965 529 1702 567; baseline 0 -10"><span class='ocrx_word' id='word_1_403' title='bbox 965 529 1049 567; x_wconf 78' lang='lat' dir='ltr'>gloria</span> <span class='ocrx_word' id='word_1_404' title='bbox 1064 530 1157 558; x_wconf 79' lang='lat' dir='ltr'>mnndi</span> <span class='ocrx_word' id='word_1_405' title='bbox 1182 537 1243 558; x_wconf 92' lang='lat' dir='ltr'>sunt</span> <span class='ocrx_word' id='word_1_406' title='bbox 1258 529 1404 558; x_wconf 81' lang='lat' dir='ltr'>mendacia.</span> <span class='ocrx_word' id='word_1_407' title='bbox 1430 537 1476 559; x_wconf 79' lang='lat' dir='ltr'>XI.</span> <span class='ocrx_word' id='word_1_408' title='bbox 1491 535 1555 560; x_wconf 77' lang='lat'>351.</span> <span class='ocrx_word' id='word_1_409' title='bbox 1572 541 1598 557; x_wconf 73' lang='grc' dir='ltr'>Ε.</span> <span class='ocrx_word' id='word_1_410' title='bbox 1614 530 1702 559; x_wconf 75' lang='lat' dir='ltr'>Volu—</span> 
     </span>
     <span class='ocr_line' id='line_1_56' title="bbox 965 573 1700 612; baseline 0.001 -12"><span class='ocrx_word' id='word_1_411' title='bbox 965 580 1023 612; x_wconf 89' lang='lat' dir='ltr'>ptas</span> <span class='ocrx_word' id='word_1_412' title='bbox 1062 573 1196 602; x_wconf 87' lang='lat' dir='ltr'>mundana</span> <span class='ocrx_word' id='word_1_413' title='bbox 1230 580 1328 612; x_wconf 83' lang='lat' dir='ltr'>quanta</span> <span class='ocrx_word' id='word_1_414' title='bbox 1359 574 1426 601; x_wconf 82' lang='lat' dir='ltr'>mala</span> <span class='ocrx_word' id='word_1_415' title='bbox 1473 584 1562 602; x_wconf 87' lang='lat' dir='ltr'>secum</span> <span class='ocrx_word' id='word_1_416' title='bbox 1597 574 1700 602; x_wconf 82' lang='lat' dir='ltr'>asserat.</span> 
     </span>
     <span class='ocr_line' id='line_1_57' title="bbox 966 618 1698 658; baseline -0.001 -13"><span class='ocrx_word' id='word_1_417' title='bbox 966 625 1010 646; x_wconf 78' lang='lat' dir='ltr'>Xl.</span> <span class='ocrx_word' id='word_1_418' title='bbox 1026 622 1102 646; x_wconf 68' lang='lat'>673⁰.</span> <span class='ocrx_word' id='word_1_419' title='bbox 1120 618 1275 658; x_wconf 76' lang='lat' dir='ltr'>Voluptatis</span> <span class='ocrx_word' id='word_1_420' title='bbox 1291 618 1412 657; x_wconf 87' lang='lat' dir='ltr'>tyrannis</span> <span class='ocrx_word' id='word_1_421' title='bbox 1429 624 1529 655; x_wconf 87' lang='lat' dir='ltr'>quanta</span> <span class='ocrx_word' id='word_1_422' title='bbox 1562 625 1606 646; x_wconf 72' lang='grc' dir='ltr'>ΧΙ.</span> <span class='ocrx_word' id='word_1_423' title='bbox 1622 622 1698 645; x_wconf 78' lang='grc'>673”.</span> 
     </span>
     <span class='ocr_line' id='line_1_58' title="bbox 965 661 1703 700; baseline 0.001 -12"><span class='ocrx_word' id='word_1_424' title='bbox 965 662 1140 700; x_wconf 61' lang='grc' dir='ltr'>,1.Ὺο11ψ135</span> <span class='ocrx_word' id='word_1_425' title='bbox 1165 662 1262 690; x_wconf 83' lang='lat' dir='ltr'>desinit</span> <span class='ocrx_word' id='word_1_426' title='bbox 1285 662 1310 689; x_wconf 88' lang='lat' dir='ltr'>in</span> <span class='ocrx_word' id='word_1_427' title='bbox 1335 668 1464 698; x_wconf 83' lang='lat' dir='ltr'>morte1u;</span> <span class='ocrx_word' id='word_1_428' title='bbox 1492 661 1576 690; x_wconf 75' lang='lat' dir='ltr'>virtus</span> <span class='ocrx_word' id='word_1_429' title='bbox 1606 661 1630 689; x_wconf 89' lang='lat' dir='ltr'>iu</span> <span class='ocrx_word' id='word_1_430' title='bbox 1659 661 1703 688; x_wconf 63' lang='lat' dir='ltr'>vi-</span> 
     </span>
     <span class='ocr_line' id='line_1_59' title="bbox 964 711 1287 735; baseline 0.006 -2"><span class='ocrx_word' id='word_1_431' title='bbox 964 711 1159 735; x_wconf 77' lang='lat' dir='ltr'>ta111.1x.608.</span> <span class='ocrx_word' id='word_1_432' title='bbox 1178 717 1205 735; x_wconf 89' lang='lat' dir='ltr'>D.</span> <span class='ocrx_word' id='word_1_433' title='bbox 1221 711 1287 735; x_wconf 72' lang='lat'>1309.</span> 
     </span>
    </p>

    <p class='ocr_par' dir='ltr' id='par_1_9' title="bbox 959 750 1702 1218">
     <span class='ocr_line' id='line_1_60' title="bbox 1003 750 1700 789; baseline -0.003 -11"><span class='ocrx_word' id='word_1_434' title='bbox 1003 750 1177 789; x_wconf 70' lang='lat' dir='ltr'>Voluptatem</span> <span class='ocrx_word' id='word_1_435' title='bbox 1195 761 1284 779; x_wconf 85' lang='lat' dir='ltr'>veram</span> <span class='ocrx_word' id='word_1_436' title='bbox 1302 751 1347 788; x_wconf 91' lang='lat' dir='ltr'>qni</span> <span class='ocrx_word' id='word_1_437' title='bbox 1360 750 1418 778; x_wconf 85' lang='lat' dir='ltr'>vult</span> <span class='ocrx_word' id='word_1_438' title='bbox 1431 750 1544 783; x_wconf 82' lang='lat' dir='ltr'>sectari,</span> <span class='ocrx_word' id='word_1_439' title='bbox 1558 750 1681 788; x_wconf 74' lang='lat' dir='ltr'>fugiatju</span> <span class='ocrx_word' id='word_1_440' title='bbox 1693 765 1700 770; x_wconf 88' lang='lat'><strong>·</strong></span> 
     </span>
     <span class='ocr_line' id='line_1_61' title="bbox 962 793 1699 833; baseline -0.001 -12"><span class='ocrx_word' id='word_1_441' title='bbox 962 793 1060 821; x_wconf 80' lang='lat' dir='ltr'>veniles</span> <span class='ocrx_word' id='word_1_442' title='bbox 1071 795 1305 833; x_wconf 81' lang='lat' dir='ltr'>concupiscentias.</span> <span class='ocrx_word' id='word_1_443' title='bbox 1319 802 1364 823; x_wconf 77' lang='lat' dir='ltr'>tv.</span> <span class='ocrx_word' id='word_1_444' title='bbox 1380 799 1444 822; x_wconf 69' lang='grc'>848.</span> <span class='ocrx_word' id='word_1_445' title='bbox 1458 805 1482 822; x_wconf 81' lang='lat' dir='ltr'>e.</span> <span class='ocrx_word' id='word_1_446' title='bbox 1492 794 1666 832; x_wconf 79' lang='lat' dir='ltr'>Voluptatem</span> <span class='ocrx_word' id='word_1_447' title='bbox 1678 794 1699 821; x_wconf 85' lang='lat' dir='ltr'>si</span> 
     </span>
     <span class='ocr_line' id='line_1_62' title="bbox 961 838 1698 877; baseline 0.001 -13"><span class='ocrx_word' id='word_1_448' title='bbox 961 847 1096 874; x_wconf 80' lang='lat' dir='ltr'>amamus,</span> <span class='ocrx_word' id='word_1_449' title='bbox 1112 839 1239 866; x_wconf 84' lang='lat' dir='ltr'>virtutem</span> <span class='ocrx_word' id='word_1_450' title='bbox 1259 838 1455 877; x_wconf 81' lang='lat' dir='ltr'>suscipiamus,</span> <span class='ocrx_word' id='word_1_451' title='bbox 1473 844 1501 865; x_wconf 90' lang='lat' dir='ltr'>ut</span> <span class='ocrx_word' id='word_1_452' title='bbox 1517 844 1542 866; x_wconf 91' lang='lat' dir='ltr'>et</span> <span class='ocrx_word' id='word_1_453' title='bbox 1560 838 1698 876; x_wconf 69' lang='lat' dir='ltr'>pra-sentia</span> 
     </span>
     <span class='ocr_line' id='line_1_63' title="bbox 961 884 1702 922; baseline 0.001 -12"><span class='ocrx_word' id='word_1_454' title='bbox 961 890 986 911; x_wconf 88' lang='lat' dir='ltr'>et</span> <span class='ocrx_word' id='word_1_455' title='bbox 1002 884 1171 912; x_wconf 84' lang='lat' dir='ltr'>futurabona</span> <span class='ocrx_word' id='word_1_456' title='bbox 1186 895 1369 922; x_wconf 80' lang='lat' dir='ltr'>assequamur.</span> <span class='ocrx_word' id='word_1_457' title='bbox 1387 891 1422 912; x_wconf 84' lang='lat' dir='ltr'>x.</span> <span class='ocrx_word' id='word_1_458' title='bbox 1441 888 1505 912; x_wconf 57' lang='lat'>235.</span> <span class='ocrx_word' id='word_1_459' title='bbox 1524 893 1549 910; x_wconf 75' lang='lat' dir='ltr'>n.</span> <span class='ocrx_word' id='word_1_460' title='bbox 1567 884 1702 922; x_wconf 76' lang='lat' dir='ltr'>Voluptas</span> 
     </span>
     <span class='ocr_line' id='line_1_64' title="bbox 961 932 1699 965; baseline 0 -10"><span class='ocrx_word' id='word_1_461' title='bbox 961 938 1023 955; x_wconf 77' lang='lat' dir='ltr'>vera</span> <span class='ocrx_word' id='word_1_462' title='bbox 1045 938 1111 965; x_wconf 72' lang='lat' dir='ltr'>quae.</span> <span class='ocrx_word' id='word_1_463' title='bbox 1130 935 1175 957; x_wconf 74' lang='lat' dir='ltr'>tx.</span> <span class='ocrx_word' id='word_1_464' title='bbox 1194 933 1258 957; x_wconf 65' lang='grc'>1146.</span> <span class='ocrx_word' id='word_1_465' title='bbox 1273 940 1299 955; x_wconf 89' lang='lat' dir='ltr'>c.</span> <span class='ocrx_word' id='word_1_466' title='bbox 1316 939 1343 956; x_wconf 86' lang='lat' dir='ltr'>D.</span> <span class='ocrx_word' id='word_1_467' title='bbox 1360 933 1426 957; x_wconf 65' lang='lat'>4⁷17.</span> <span class='ocrx_word' id='word_1_468' title='bbox 1442 935 1488 956; x_wconf 79' lang='lat' dir='ltr'>Xt.</span> <span class='ocrx_word' id='word_1_469' title='bbox 1505 932 1570 956; x_wconf 63' lang='grc'>649.</span> <span class='ocrx_word' id='word_1_470' title='bbox 1588 939 1613 957; x_wconf 83' lang='lat' dir='ltr'>F.</span> <span class='ocrx_word' id='word_1_471' title='bbox 1635 941 1658 955; x_wconf 68' lang='lat' dir='ltr'>A.</span> <span class='ocrx_word' id='word_1_472' title='bbox 1677 940 1699 956; x_wconf 65' lang='grc' dir='ltr'>ιι.</span> 
     </span>
     <span class='ocr_line' id='line_1_65' title="bbox 960 971 1699 1009; baseline 0.003 -11"><span class='ocrx_word' id='word_1_473' title='bbox 960 981 1028 1009; x_wconf 89' lang='lat' dir='ltr'>pura</span> <span class='ocrx_word' id='word_1_474' title='bbox 1043 978 1067 998; x_wconf 88' lang='lat' dir='ltr'>et</span> <span class='ocrx_word' id='word_1_475' title='bbox 1078 971 1163 999; x_wconf 89' lang='lat' dir='ltr'>solida</span> <span class='ocrx_word' id='word_1_476' title='bbox 1176 982 1244 1009; x_wconf 67' lang='lat' dir='ltr'>quat.</span> <span class='ocrx_word' id='word_1_477' title='bbox 1260 979 1280 1002; x_wconf 89' lang='lat'>1.</span> <span class='ocrx_word' id='word_1_478' title='bbox 1299 976 1361 999; x_wconf 81' lang='grc'>316.</span> <span class='ocrx_word' id='word_1_479' title='bbox 1379 982 1404 998; x_wconf 74' lang='grc' dir='ltr'>Α.</span> <span class='ocrx_word' id='word_1_480' title='bbox 1427 973 1498 1000; x_wconf 82' lang='lat' dir='ltr'>Vera</span> <span class='ocrx_word' id='word_1_481' title='bbox 1510 978 1534 999; x_wconf 85' lang='lat' dir='ltr'>et</span> <span class='ocrx_word' id='word_1_482' title='bbox 1557 972 1634 1000; x_wconf 76' lang='lat' dir='ltr'>unica</span> <span class='ocrx_word' id='word_1_483' title='bbox 1649 983 1699 1000; x_wconf 74' lang='lat' dir='ltr'>vo-</span> 
     </span>
     <span class='ocr_line' id='line_1_66' title="bbox 961 1014 1701 1052; baseline 0 -10"><span class='ocrx_word' id='word_1_484' title='bbox 961 1014 1048 1052; x_wconf 75' lang='lat' dir='ltr'>luptas</span> <span class='ocrx_word' id='word_1_485' title='bbox 1060 1014 1144 1042; x_wconf 75' lang='lat' dir='ltr'>laetari</span> <span class='ocrx_word' id='word_1_486' title='bbox 1158 1015 1182 1043; x_wconf 91' lang='lat' dir='ltr'>in</span> <span class='ocrx_word' id='word_1_487' title='bbox 1195 1016 1262 1043; x_wconf 83' lang='lat' dir='ltr'>DcO.</span> <span class='ocrx_word' id='word_1_488' title='bbox 1274 1022 1307 1043; x_wconf 68' lang='lat' dir='ltr'>V.</span> <span class='ocrx_word' id='word_1_489' title='bbox 1324 1020 1384 1043; x_wconf 64' lang='lat'>¹12.</span> <span class='ocrx_word' id='word_1_490' title='bbox 1397 1026 1421 1042; x_wconf 66' lang='lat' dir='ltr'>A.</span> <span class='ocrx_word' id='word_1_491' title='bbox 1437 1026 1460 1042; x_wconf 82' lang='lat' dir='ltr'>u.</span> <span class='ocrx_word' id='word_1_492' title='bbox 1470 1020 1479 1042; x_wconf 85' lang='lat'>1</span> <span class='ocrx_word' id='word_1_493' title='bbox 1490 1019 1531 1042; x_wconf 75' lang='lat'>15.</span> <span class='ocrx_word' id='word_1_494' title='bbox 1550 1015 1701 1049; x_wconf 79' lang='lat' dir='ltr'>Quibusvis</span> 
     </span>
     <span class='ocr_line' id='line_1_67' title="bbox 960 1058 1700 1097; baseline 0.003 -12"><span class='ocrx_word' id='word_1_495' title='bbox 960 1058 1041 1086; x_wconf 72' lang='lat' dir='ltr'>arulis</span> <span class='ocrx_word' id='word_1_496' title='bbox 1056 1059 1148 1086; x_wconf 86' lang='lat' dir='ltr'>sortior</span> <span class='ocrx_word' id='word_1_497' title='bbox 1161 1069 1191 1086; x_wconf 93' lang='lat' dir='ltr'>ac</span> <span class='ocrx_word' id='word_1_498' title='bbox 1206 1059 1336 1087; x_wconf 82' lang='lat' dir='ltr'>valentior</span> <span class='ocrx_word' id='word_1_499' title='bbox 1345 1066 1383 1087; x_wconf 86' lang='lat' dir='ltr'>est</span> <span class='ocrx_word' id='word_1_500' title='bbox 1396 1059 1520 1097; x_wconf 75' lang='lat' dir='ltr'>voluptas</span> <span class='ocrx_word' id='word_1_501' title='bbox 1533 1070 1590 1096; x_wconf 58' lang='lat' dir='ltr'>quac</span> <span class='ocrx_word' id='word_1_502' title='bbox 1606 1069 1700 1087; x_wconf 87' lang='lat' dir='ltr'>secuu-</span> 
     </span>
     <span class='ocr_line' id='line_1_68' title="bbox 959 1101 1697 1141; baseline 0 -11"><span class='ocrx_word' id='word_1_503' title='bbox 959 1101 1025 1130; x_wconf 86' lang='lat' dir='ltr'>dum</span> <span class='ocrx_word' id='word_1_504' title='bbox 1036 1103 1121 1130; x_wconf 85' lang='lat' dir='ltr'>Denm</span> <span class='ocrx_word' id='word_1_505' title='bbox 1134 1103 1288 1141; x_wconf 78' lang='lat' dir='ltr'>percipitur.</span> <span class='ocrx_word' id='word_1_506' title='bbox 1300 1110 1334 1131; x_wconf 82' lang='lat' dir='ltr'>x.</span> <span class='ocrx_word' id='word_1_507' title='bbox 1348 1108 1410 1131; x_wconf 73' lang='lat'>493.</span> <span class='ocrx_word' id='word_1_508' title='bbox 1424 1113 1451 1131; x_wconf 88' lang='lat' dir='ltr'>c.</span> <span class='ocrx_word' id='word_1_509' title='bbox 1464 1102 1580 1130; x_wconf 89' lang='lat' dir='ltr'>Humilis</span> <span class='ocrx_word' id='word_1_510' title='bbox 1591 1103 1697 1130; x_wconf 85' lang='lat' dir='ltr'>animus</span> 
     </span>
     <span class='ocr_line' id='line_1_69' title="bbox 961 1147 1695 1186; baseline 0.001 -13"><span class='ocrx_word' id='word_1_511' title='bbox 961 1152 1058 1183; x_wconf 83' lang='lat' dir='ltr'>quanta</span> <span class='ocrx_word' id='word_1_512' title='bbox 1074 1147 1210 1185; x_wconf 78' lang='lat' dir='ltr'>voluptate</span> <span class='ocrx_word' id='word_1_513' title='bbox 1224 1157 1327 1186; x_wconf 84' lang='lat' dir='ltr'>semper</span> <span class='ocrx_word' id='word_1_514' title='bbox 1339 1147 1453 1175; x_wconf 85' lang='lat' dir='ltr'>fruatur.</span> <span class='ocrx_word' id='word_1_515' title='bbox 1472 1153 1518 1175; x_wconf 85' lang='lat' dir='ltr'>tx.</span> <span class='ocrx_word' id='word_1_516' title='bbox 1541 1151 1601 1174; x_wconf 69' lang='lat'>154.</span> <span class='ocrx_word' id='word_1_517' title='bbox 1619 1158 1643 1176; x_wconf 69' lang='lat' dir='ltr'>c.</span> <span class='ocrx_word' id='word_1_518' title='bbox 1668 1158 1695 1175; x_wconf 90' lang='lat' dir='ltr'>D.</span> 
     </span>
     <span class='ocr_line' id='line_1_70' title="bbox 962 1194 1025 1218; baseline 0 -1"><span class='ocrx_word' id='word_1_519' title='bbox 962 1194 1025 1218; x_wconf 77' lang='lat'>155.</span> 
     </span>
    </p>

    <p class='ocr_par' dir='ltr' id='par_1_10' title="bbox 956 1234 1700 1614">
     <span class='ocr_line' id='line_1_71' title="bbox 1001 1234 1700 1272; baseline 0.001 -11"><span class='ocrx_word' id='word_1_520' title='bbox 1001 1234 1132 1272; x_wconf 82' lang='lat' dir='ltr'>Voluptas</span> <span class='ocrx_word' id='word_1_521' title='bbox 1147 1234 1339 1272; x_wconf 56' lang='lat' dir='ltr'>temperantiae.</span> <span class='ocrx_word' id='word_1_522' title='bbox 1358 1241 1391 1262; x_wconf 85' lang='lat' dir='ltr'>x.</span> <span class='ocrx_word' id='word_1_523' title='bbox 1410 1238 1473 1261; x_wconf 66' lang='lat'>405.</span> <span class='ocrx_word' id='word_1_524' title='bbox 1489 1245 1514 1262; x_wconf 87' lang='lat' dir='ltr'>c.</span> <span class='ocrx_word' id='word_1_525' title='bbox 1536 1245 1598 1272; x_wconf 86' lang='lat' dir='ltr'>sqq.</span> <span class='ocrx_word' id='word_1_526' title='bbox 1614 1234 1700 1271; x_wconf 75' lang='lat' dir='ltr'>Major</span> 
     </span>
     <span class='ocr_line' id='line_1_72' title="bbox 961 1277 1696 1317; baseline -0.001 -12"><span class='ocrx_word' id='word_1_527' title='bbox 961 1284 998 1305; x_wconf 84' lang='lat' dir='ltr'>est</span> <span class='ocrx_word' id='word_1_528' title='bbox 1013 1277 1136 1317; x_wconf 87' lang='lat' dir='ltr'>voluptas</span> <span class='ocrx_word' id='word_1_529' title='bbox 1151 1278 1177 1305; x_wconf 91' lang='lat' dir='ltr'>in</span> <span class='ocrx_word' id='word_1_530' title='bbox 1194 1277 1331 1306; x_wconf 87' lang='lat' dir='ltr'>moderato</span> <span class='ocrx_word' id='word_1_531' title='bbox 1346 1277 1406 1305; x_wconf 89' lang='lat' dir='ltr'>cibo</span> <span class='ocrx_word' id='word_1_532' title='bbox 1416 1288 1497 1315; x_wconf 84' lang='lat' dir='ltr'>quam</span> <span class='ocrx_word' id='word_1_533' title='bbox 1514 1278 1540 1305; x_wconf 87' lang='lat' dir='ltr'>in</span> <span class='ocrx_word' id='word_1_534' title='bbox 1554 1278 1646 1306; x_wconf 85' lang='lat' dir='ltr'>nimio.</span> <span class='ocrx_word' id='word_1_535' title='bbox 1663 1285 1696 1306; x_wconf 84' lang='lat'>11.</span> 
     </span>
     <span class='ocr_line' id='line_1_73' title="bbox 961 1321 1699 1360; baseline 0 -11"><span class='ocrx_word' id='word_1_536' title='bbox 961 1325 1025 1350; x_wconf 82' lang='lat'>928.</span> <span class='ocrx_word' id='word_1_537' title='bbox 1040 1333 1065 1349; x_wconf 75' lang='grc' dir='ltr'>Α.</span> <span class='ocrx_word' id='word_1_538' title='bbox 1085 1332 1108 1349; x_wconf 78' lang='lat'>13.</span> <span class='ocrx_word' id='word_1_539' title='bbox 1136 1332 1161 1349; x_wconf 84' lang='lat' dir='ltr'>c.</span> <span class='ocrx_word' id='word_1_540' title='bbox 1175 1326 1239 1350; x_wconf 80' lang='lat'>929.</span> <span class='ocrx_word' id='word_1_541' title='bbox 1263 1321 1399 1360; x_wconf 84' lang='lat' dir='ltr'>Voluptas</span> <span class='ocrx_word' id='word_1_542' title='bbox 1415 1321 1440 1348; x_wconf 93' lang='lat' dir='ltr'>in</span> <span class='ocrx_word' id='word_1_543' title='bbox 1455 1321 1588 1349; x_wconf 83' lang='lat' dir='ltr'>conviviis</span> <span class='ocrx_word' id='word_1_544' title='bbox 1610 1321 1699 1360; x_wconf 83' lang='lat' dir='ltr'>potius</span> 
     </span>
     <span class='ocr_line' id='line_1_74' title="bbox 956 1364 1693 1403; baseline 0 -10"><span class='ocrx_word' id='word_1_545' title='bbox 956 1375 990 1393; x_wconf 79' lang='lat' dir='ltr'>ex</span> <span class='ocrx_word' id='word_1_546' title='bbox 1009 1365 1078 1393; x_wconf 86' lang='lat' dir='ltr'>fame</span> <span class='ocrx_word' id='word_1_547' title='bbox 1091 1375 1171 1402; x_wconf 88' lang='lat' dir='ltr'>quam</span> <span class='ocrx_word' id='word_1_548' title='bbox 1185 1376 1219 1393; x_wconf 77' lang='lat' dir='ltr'>ex</span> <span class='ocrx_word' id='word_1_549' title='bbox 1233 1365 1395 1393; x_wconf 87' lang='lat' dir='ltr'>ferculorum</span> <span class='ocrx_word' id='word_1_550' title='bbox 1411 1364 1498 1403; x_wconf 84' lang='lat' dir='ltr'>copia.</span> <span class='ocrx_word' id='word_1_551' title='bbox 1518 1372 1549 1393; x_wconf 86' lang='lat' dir='ltr'>tt.</span> <span class='ocrx_word' id='word_1_552' title='bbox 1573 1369 1619 1393; x_wconf 82' lang='lat'>37.</span> <span class='ocrx_word' id='word_1_553' title='bbox 1647 1370 1693 1393; x_wconf 85' lang='lat'>38.</span> 
     </span>
     <span class='ocr_line' id='line_1_75' title="bbox 957 1408 1696 1448; baseline 0 -11"><span class='ocrx_word' id='word_1_554' title='bbox 957 1409 1102 1448; x_wconf 86' lang='lat' dir='ltr'>Voluptate</span> <span class='ocrx_word' id='word_1_555' title='bbox 1117 1409 1201 1436; x_wconf 88' lang='lat' dir='ltr'>multo</span> <span class='ocrx_word' id='word_1_556' title='bbox 1216 1408 1311 1437; x_wconf 84' lang='lat' dir='ltr'>melior</span> <span class='ocrx_word' id='word_1_557' title='bbox 1325 1415 1364 1436; x_wconf 85' lang='lat' dir='ltr'>est</span> <span class='ocrx_word' id='word_1_558' title='bbox 1380 1408 1524 1447; x_wconf 85' lang='lat' dir='ltr'>purissima</span> <span class='ocrx_word' id='word_1_559' title='bbox 1537 1409 1646 1437; x_wconf 82' lang='lat' dir='ltr'>sanitas.</span> <span class='ocrx_word' id='word_1_560' title='bbox 1663 1416 1696 1437; x_wconf 85' lang='lat' dir='ltr'>u.</span> 
     </span>
     <span class='ocr_line' id='line_1_76' title="bbox 957 1450 1696 1483; baseline 0 -3"><span class='ocrx_word' id='word_1_561' title='bbox 957 1457 1001 1481; x_wconf 87' lang='lat'>39.</span> <span class='ocrx_word' id='word_1_562' title='bbox 1014 1463 1037 1480; x_wconf 57' lang='lat' dir='ltr'>a.</span> <span class='ocrx_word' id='word_1_563' title='bbox 1054 1452 1134 1482; x_wconf 85' lang='lat' dir='ltr'>Multi</span> <span class='ocrx_word' id='word_1_564' title='bbox 1146 1453 1173 1480; x_wconf 92' lang='lat' dir='ltr'>in</span> <span class='ocrx_word' id='word_1_565' title='bbox 1183 1452 1281 1481; x_wconf 81' lang='lat' dir='ltr'>saeculo</span> <span class='ocrx_word' id='word_1_566' title='bbox 1294 1450 1441 1479; x_wconf 80' lang='lat' dir='ltr'>admodum</span> <span class='ocrx_word' id='word_1_567' title='bbox 1452 1450 1561 1479; x_wconf 75' lang='lat' dir='ltr'>delicati</span> <span class='ocrx_word' id='word_1_568' title='bbox 1573 1474 1579 1483; x_wconf 90' lang='lat'>,</span> <span class='ocrx_word' id='word_1_569' title='bbox 1595 1452 1696 1481; x_wconf 79' lang='lat' dir='ltr'>eruditi</span> 
     </span>
     <span class='ocr_line' id='line_1_77' title="bbox 957 1495 1697 1535; baseline 0 -11"><span class='ocrx_word' id='word_1_570' title='bbox 957 1507 1004 1535; x_wconf 90' lang='lat' dir='ltr'>per</span> <span class='ocrx_word' id='word_1_571' title='bbox 1018 1507 1149 1524; x_wconf 65' lang='lat' dir='ltr'>{erumnas</span> <span class='ocrx_word' id='word_1_572' title='bbox 1166 1496 1192 1525; x_wconf 93' lang='lat' dir='ltr'>in</span> <span class='ocrx_word' id='word_1_573' title='bbox 1205 1495 1430 1535; x_wconf 80' lang='lat' dir='ltr'>philosophorum</span> <span class='ocrx_word' id='word_1_574' title='bbox 1444 1495 1527 1523; x_wconf 81' lang='lat' dir='ltr'>vitam</span> <span class='ocrx_word' id='word_1_575' title='bbox 1541 1506 1568 1523; x_wconf 91' lang='lat' dir='ltr'>sc</span> <span class='ocrx_word' id='word_1_576' title='bbox 1583 1497 1697 1524; x_wconf 78' lang='lat' dir='ltr'>transse-</span> 
     </span>
     <span class='ocr_line' id='line_1_78' title="bbox 957 1539 1693 1578; baseline 0 -10"><span class='ocrx_word' id='word_1_577' title='bbox 957 1547 1036 1577; x_wconf 84' lang='lat' dir='ltr'>runt,</span> <span class='ocrx_word' id='word_1_578' title='bbox 1048 1541 1108 1569; x_wconf 89' lang='lat' dir='ltr'>etin</span> <span class='ocrx_word' id='word_1_579' title='bbox 1121 1541 1193 1569; x_wconf 90' lang='lat' dir='ltr'>omni</span> <span class='ocrx_word' id='word_1_580' title='bbox 1203 1541 1302 1569; x_wconf 78' lang='lat' dir='ltr'>virtute</span> <span class='ocrx_word' id='word_1_581' title='bbox 1311 1547 1336 1568; x_wconf 92' lang='lat' dir='ltr'>et</span> <span class='ocrx_word' id='word_1_582' title='bbox 1344 1539 1499 1567; x_wconf 80' lang='lat' dir='ltr'>austeritate</span> <span class='ocrx_word' id='word_1_583' title='bbox 1508 1539 1590 1568; x_wconf 77' lang='lat' dir='ltr'>vitam</span> <span class='ocrx_word' id='word_1_584' title='bbox 1601 1547 1693 1578; x_wconf 77' lang='lat' dir='ltr'>agunt.</span> 
     </span>
     <span class='ocr_line' id='line_1_79' title="bbox 958 1589 1136 1614; baseline -0.006 -2"><span class='ocrx_word' id='word_1_585' title='bbox 958 1591 978 1613; x_wconf 85' lang='lat'>1.</span> <span class='ocrx_word' id='word_1_586' title='bbox 996 1589 1057 1614; x_wconf 82' lang='grc'>169.</span> <span class='ocrx_word' id='word_1_587' title='bbox 1069 1596 1092 1613; x_wconf 89' lang='lat' dir='ltr'>c.</span> <span class='ocrx_word' id='word_1_588' title='bbox 1109 1595 1136 1612; x_wconf 87' lang='lat' dir='ltr'>D.</span> 
     </span>
    </p>

    <p class='ocr_par' dir='ltr' id='par_1_11' title="bbox 957 1627 1698 1710">
     <span class='ocr_line' id='line_1_80' title="bbox 997 1627 1698 1667; baseline -0.003 -10"><span class='ocrx_word' id='word_1_589' title='bbox 997 1629 1077 1657; x_wconf 72' lang='lat' dir='ltr'>Vom</span> <span class='ocrx_word' id='word_1_590' title='bbox 1097 1627 1169 1667; x_wconf 86' lang='lat' dir='ltr'>apud</span> <span class='ocrx_word' id='word_1_591' title='bbox 1192 1627 1295 1666; x_wconf 83' lang='lat' dir='ltr'>regium</span> <span class='ocrx_word' id='word_1_592' title='bbox 1325 1628 1428 1656; x_wconf 86' lang='lat' dir='ltr'>Psalten</span> <span class='ocrx_word' id='word_1_593' title='bbox 1449 1634 1512 1656; x_wconf 82' lang='lat' dir='ltr'>sunt</span> <span class='ocrx_word' id='word_1_594' title='bbox 1526 1627 1654 1666; x_wconf 76' lang='lat' dir='ltr'>promissa</span> <span class='ocrx_word' id='word_1_595' title='bbox 1673 1636 1698 1656; x_wconf 84' lang='lat' dir='ltr'>et</span> 
     </span>
     <span class='ocr_line' id='line_1_81' title="bbox 957 1672 1354 1710; baseline 0.005 -10"><span class='ocrx_word' id='word_1_596' title='bbox 957 1672 1171 1710; x_wconf 83' lang='lat' dir='ltr'>pollicitationes.</span> <span class='ocrx_word' id='word_1_597' title='bbox 1192 1679 1225 1701; x_wconf 78' lang='lat' dir='ltr'>V.</span> <span class='ocrx_word' id='word_1_598' title='bbox 1241 1676 1306 1700; x_wconf 74' lang='grc'>376.</span> <span class='ocrx_word' id='word_1_599' title='bbox 1327 1683 1354 1702; x_wconf 84' lang='lat' dir='ltr'>e.</span> 
     </span>
    </p>

    <p class='ocr_par' dir='ltr' id='par_1_12' title="bbox 955 1714 1696 2007">
     <span class='ocr_line' id='line_1_82' title="bbox 998 1714 1696 1754; baseline -0.001 -10"><span class='ocrx_word' id='word_1_600' title='bbox 998 1717 1064 1744; x_wconf 71' lang='lat' dir='ltr'>Vox</span> <span class='ocrx_word' id='word_1_601' title='bbox 1078 1716 1179 1744; x_wconf 87' lang='lat' dir='ltr'>inimici</span> <span class='ocrx_word' id='word_1_602' title='bbox 1196 1715 1281 1744; x_wconf 82' lang='lat' dir='ltr'>invisa</span> <span class='ocrx_word' id='word_1_603' title='bbox 1297 1723 1321 1743; x_wconf 84' lang='lat' dir='ltr'>et</span> <span class='ocrx_word' id='word_1_604' title='bbox 1333 1716 1438 1743; x_wconf 82' lang='lat' dir='ltr'>hostilis</span> <span class='ocrx_word' id='word_1_605' title='bbox 1450 1714 1554 1754; x_wconf 82' lang='lat' dir='ltr'>placida</span> <span class='ocrx_word' id='word_1_606' title='bbox 1567 1716 1696 1753; x_wconf 61' lang='lat' dir='ltr'>etjucun&lt;</span> 
     </span>
     <span class='ocr_line' id='line_1_83' title="bbox 955 1758 1694 1798; baseline -0.001 -10"><span class='ocrx_word' id='word_1_607' title='bbox 955 1759 1065 1788; x_wconf 79' lang='lat' dir='ltr'>(lissima</span> <span class='ocrx_word' id='word_1_608' title='bbox 1081 1759 1158 1788; x_wconf 89' lang='lat' dir='ltr'>nobis</span> <span class='ocrx_word' id='word_1_609' title='bbox 1174 1758 1295 1794; x_wconf 82' lang='lat' dir='ltr'>videtur,</span> <span class='ocrx_word' id='word_1_610' title='bbox 1312 1759 1358 1787; x_wconf 85' lang='lat' dir='ltr'>ubi</span> <span class='ocrx_word' id='word_1_611' title='bbox 1370 1759 1438 1787; x_wconf 91' lang='lat' dir='ltr'>iram</span> <span class='ocrx_word' id='word_1_612' title='bbox 1453 1759 1632 1798; x_wconf 85' lang='lat' dir='ltr'>posuerimus.</span> <span class='ocrx_word' id='word_1_613' title='bbox 1650 1767 1694 1788; x_wconf 80' lang='lat' dir='ltr'>tv.</span> 
     </span>
     <span class='ocr_line' id='line_1_84' title="bbox 956 1803 1693 1841; baseline -0.001 -9"><span class='ocrx_word' id='word_1_614' title='bbox 956 1809 1020 1832; x_wconf 88' lang='lat'>899.</span> <span class='ocrx_word' id='word_1_615' title='bbox 1038 1804 1101 1832; x_wconf 79' lang='lat' dir='ltr'>Vox</span> <span class='ocrx_word' id='word_1_616' title='bbox 1121 1803 1258 1841; x_wconf 79' lang='lat' dir='ltr'>sanguinis</span> <span class='ocrx_word' id='word_1_617' title='bbox 1274 1803 1370 1831; x_wconf 78' lang='lat' dir='ltr'>clamat</span> <span class='ocrx_word' id='word_1_618' title='bbox 1385 1803 1419 1831; x_wconf 88' lang='lat' dir='ltr'>ad</span> <span class='ocrx_word' id='word_1_619' title='bbox 1442 1804 1530 1831; x_wconf 89' lang='lat' dir='ltr'>Deum</span> <span class='ocrx_word' id='word_1_620' title='bbox 1552 1803 1586 1831; x_wconf 86' lang='lat' dir='ltr'>de</span> <span class='ocrx_word' id='word_1_621' title='bbox 1608 1810 1693 1839; x_wconf 78' lang='lat' dir='ltr'>terra,</span> 
     </span>
     <span class='ocr_line' id='line_1_85' title="bbox 955 1846 1693 1886; baseline -0.001 -11"><span class='ocrx_word' id='word_1_622' title='bbox 955 1847 1098 1886; x_wconf 85' lang='lat' dir='ltr'>quomodo.</span> <span class='ocrx_word' id='word_1_623' title='bbox 1115 1854 1160 1876; x_wconf 80' lang='lat' dir='ltr'>tv.</span> <span class='ocrx_word' id='word_1_624' title='bbox 1176 1851 1238 1875; x_wconf 75' lang='lat'>195.</span> <span class='ocrx_word' id='word_1_625' title='bbox 1254 1848 1317 1876; x_wconf 81' lang='lat' dir='ltr'>Vox</span> <span class='ocrx_word' id='word_1_626' title='bbox 1332 1847 1448 1875; x_wconf 78' lang='lat' dir='ltr'>Davidis</span> <span class='ocrx_word' id='word_1_627' title='bbox 1462 1847 1541 1884; x_wconf 81' lang='lat' dir='ltr'>fregit</span> <span class='ocrx_word' id='word_1_628' title='bbox 1553 1846 1693 1875; x_wconf 83' lang='lat' dir='ltr'>audaciam</span> 
     </span>
     <span class='ocr_line' id='line_1_86' title="bbox 957 1890 1690 1929; baseline 0.001 -12"><span class='ocrx_word' id='word_1_629' title='bbox 957 1891 1066 1920; x_wconf 83' lang='lat' dir='ltr'>Geliath</span> <span class='ocrx_word' id='word_1_630' title='bbox 1080 1914 1085 1924; x_wconf 72' lang='grc'><strong>,</strong></span> <span class='ocrx_word' id='word_1_631' title='bbox 1098 1897 1122 1919; x_wconf 88' lang='lat' dir='ltr'>et</span> <span class='ocrx_word' id='word_1_632' title='bbox 1130 1890 1274 1929; x_wconf 85' lang='lat' dir='ltr'>prostravit</span> <span class='ocrx_word' id='word_1_633' title='bbox 1286 1890 1469 1928; x_wconf 77' lang='lat' dir='ltr'>alienigenam.</span> <span class='ocrx_word' id='word_1_634' title='bbox 1479 1897 1526 1919; x_wconf 81' lang='lat' dir='ltr'>lv.</span> <span class='ocrx_word' id='word_1_635' title='bbox 1540 1895 1603 1918; x_wconf 89' lang='lat'>899.</span> <span class='ocrx_word' id='word_1_636' title='bbox 1622 1902 1647 1919; x_wconf 87' lang='lat' dir='ltr'>c.</span> <span class='ocrx_word' id='word_1_637' title='bbox 1663 1901 1690 1918; x_wconf 85' lang='lat' dir='ltr'>D.</span> 
     </span>
     <span class='ocr_line' id='line_1_87' title="bbox 957 1933 1695 1973; baseline -0.001 -9"><span class='ocrx_word' id='word_1_638' title='bbox 957 1936 1019 1964; x_wconf 79' lang='lat' dir='ltr'>Vox</span> <span class='ocrx_word' id='word_1_639' title='bbox 1036 1935 1105 1963; x_wconf 65' lang='lat' dir='ltr'>tubae</span> <span class='ocrx_word' id='word_1_640' title='bbox 1133 1935 1159 1962; x_wconf 89' lang='lat' dir='ltr'>in</span> <span class='ocrx_word' id='word_1_641' title='bbox 1174 1934 1313 1973; x_wconf 83' lang='lat' dir='ltr'>Scriptura</span> <span class='ocrx_word' id='word_1_642' title='bbox 1340 1934 1475 1973; x_wconf 80' lang='lat' dir='ltr'>apostolos</span> <span class='ocrx_word' id='word_1_643' title='bbox 1498 1933 1642 1972; x_wconf 81' lang='lat' dir='ltr'>siguificat.</span> <span class='ocrx_word' id='word_1_644' title='bbox 1665 1941 1695 1963; x_wconf 81' lang='lat' dir='ltr'>v.</span> 
     </span>
     <span class='ocr_line' id='line_1_88' title="bbox 957 1983 1021 2007; baseline -0.016 0"><span class='ocrx_word' id='word_1_645' title='bbox 957 1983 1021 2007; x_wconf 86' lang='lat'>233.</span> 
     </span>
    </p>

    <p class='ocr_par' dir='ltr' id='par_1_13' title="bbox 956 2020 1698 2148">
     <span class='ocr_line' id='line_1_89' title="bbox 995 2020 1697 2060; baseline -0.006 -8"><span class='ocrx_word' id='word_1_646' title='bbox 995 2023 1138 2052; x_wconf 67' lang='lat' dir='ltr'>VuLemo</span> <span class='ocrx_word' id='word_1_647' title='bbox 1153 2021 1248 2060; x_wconf 82' lang='lat' dir='ltr'>Apollo</span> <span class='ocrx_word' id='word_1_648' title='bbox 1263 2020 1364 2050; x_wconf 87' lang='lat' dir='ltr'>indicat</span> <span class='ocrx_word' id='word_1_649' title='bbox 1378 2021 1540 2049; x_wconf 80' lang='lat' dir='ltr'>adulterium</span> <span class='ocrx_word' id='word_1_650' title='bbox 1560 2021 1656 2049; x_wconf 86' lang='lat' dir='ltr'>Martis</span> <span class='ocrx_word' id='word_1_651' title='bbox 1674 2028 1697 2049; x_wconf 80' lang='lat' dir='ltr'>et</span> 
     </span>
     <span class='ocr_line' id='line_1_90' title="bbox 958 2064 1698 2095; baseline -0.003 -1"><span class='ocrx_word' id='word_1_652' title='bbox 958 2066 1079 2094; x_wconf 80' lang='lat' dir='ltr'>Veneris.</span> <span class='ocrx_word' id='word_1_653' title='bbox 1101 2073 1134 2094; x_wconf 90' lang='grc'>11.</span> <span class='ocrx_word' id='word_1_654' title='bbox 1159 2070 1222 2095; x_wconf 78' lang='grc'>681,</span> <span class='ocrx_word' id='word_1_655' title='bbox 1248 2065 1389 2094; x_wconf 87' lang='lat' dir='ltr'>Vulcanus</span> <span class='ocrx_word' id='word_1_656' title='bbox 1407 2071 1518 2093; x_wconf 81' lang='lat' dir='ltr'>vocatur</span> <span class='ocrx_word' id='word_1_657' title='bbox 1542 2075 1556 2092; x_wconf 84' lang='lat' dir='ltr'>a</span> <span class='ocrx_word' id='word_1_658' title='bbox 1581 2064 1698 2093; x_wconf 89' lang='lat' dir='ltr'>Libauio</span> 
     </span>
     <span class='ocr_line' id='line_1_91' title="bbox 956 2111 1400 2148; baseline 0 -11"><span class='ocrx_word' id='word_1_659' title='bbox 956 2111 1036 2148; x_wconf 79' lang='lat' dir='ltr'>Ignis</span> <span class='ocrx_word' id='word_1_660' title='bbox 1056 2111 1224 2148; x_wconf 68' lang='lat' dir='ltr'>peullarius.</span> <span class='ocrx_word' id='word_1_661' title='bbox 1242 2116 1274 2137; x_wconf 86' lang='lat'>11.</span> <span class='ocrx_word' id='word_1_662' title='bbox 1292 2113 1358 2137; x_wconf 77' lang='lat'>679.</span> <span class='ocrx_word' id='word_1_663' title='bbox 1372 2120 1400 2137; x_wconf 78' lang='lat' dir='ltr'>A.</span> 
     </span>
    </p>

    <p class='ocr_par' dir='ltr' id='par_1_14' title="bbox 956 2153 1694 2226">
     <span class='ocr_line' id='line_1_92' title="bbox 996 2153 1694 2182; baseline -0.004 0"><span class='ocrx_word' id='word_1_664' title='bbox 996 2155 1138 2182; x_wconf 48' lang='lat' dir='ltr'>Vomitus</span> <span class='ocrx_word' id='word_1_665' title='bbox 1151 2163 1200 2182; x_wconf 84' lang='lat' dir='ltr'>cur</span> <span class='ocrx_word' id='word_1_666' title='bbox 1217 2153 1350 2182; x_wconf 76' lang='lat' dir='ltr'>Christus</span> <span class='ocrx_word' id='word_1_667' title='bbox 1361 2163 1476 2182; x_wconf 79' lang='lat' dir='ltr'>servare</span> <span class='ocrx_word' id='word_1_668' title='bbox 1491 2153 1630 2181; x_wconf 74' lang='lat' dir='ltr'>voluerit.</span> <span class='ocrx_word' id='word_1_669' title='bbox 1649 2159 1694 2180; x_wconf 68' lang='lat' dir='ltr'>Vt.</span> 
     </span>
     <span class='ocr_line' id='line_1_93' title="bbox 956 2202 1060 2226; baseline -0.01 0"><span class='ocrx_word' id='word_1_670' title='bbox 956 2202 1020 2226; x_wconf 79' lang='lat'>953.</span> <span class='ocrx_word' id='word_1_671' title='bbox 1037 2208 1060 2226; x_wconf 78' lang='grc' dir='ltr'>Β.</span> 
     </span>
    </p>
   </div>
   <div class='ocr_carea' id='block_1_4' title="bbox 902 2378 950 2412">
    <p class='ocr_par' dir='ltr' id='par_1_15' title="bbox 902 2378 950 2412">
     <span class='ocr_line' id='line_1_94' title="bbox 902 2378 950 2412; baseline -0.021 0"><span class='ocrx_word' id='word_1_672' title='bbox 902 2378 950 2412; x_wconf 88' lang='lat' dir='ltr'>X.</span> 
     </span>
    </p>
   </div>
   <div class='ocr_carea' id='block_1_5' title="bbox 203 2532 903 2572">
    <p class='ocr_par' dir='ltr' id='par_1_16' title="bbox 203 2532 903 2572">
     <span class='ocr_line' id='line_1_95' title="bbox 203 2532 903 2572; baseline 0.001 -12"><span class='ocrx_word' id='word_1_673' title='bbox 203 2532 367 2568; x_wconf 59' lang='grc' dir='ltr'>ΚΑΜ-ιρις,</span> <span class='ocrx_word' id='word_1_674' title='bbox 391 2544 435 2561; x_wconf 89' lang='lat' dir='ltr'>seu</span> <span class='ocrx_word' id='word_1_675' title='bbox 461 2533 576 2572; x_wconf 76' lang='lat' dir='ltr'>Aprilis.</span> <span class='ocrx_word' id='word_1_676' title='bbox 606 2534 710 2572; x_wconf 81' lang='lat' dir='ltr'>primus</span> <span class='ocrx_word' id='word_1_677' title='bbox 725 2533 903 2572; x_wconf 79' lang='lat' dir='ltr'>conceptionis</span> 
     </span>
    </p>
   </div>
   <div class='ocr_carea' id='block_1_6' title="bbox 169 2576 448 2605">
    <p class='ocr_par' dir='ltr' id='par_1_17' title="bbox 169 2576 448 2605">
     <span class='ocr_line' id='line_1_96' title="bbox 169 2576 448 2605; baseline 0.004 -1"><span class='ocrx_word' id='word_1_678' title='bbox 169 2576 274 2605; x_wconf 83' lang='lat' dir='ltr'>mensis.</span> <span class='ocrx_word' id='word_1_679' title='bbox 292 2584 324 2605; x_wconf 86' lang='lat'>11.</span> <span class='ocrx_word' id='word_1_680' title='bbox 342 2582 406 2605; x_wconf 62' lang='grc'>427.</span> <span class='ocrx_word' id='word_1_681' title='bbox 422 2589 448 2605; x_wconf 74' lang='lat' dir='ltr'>t..</span> 
     </span>
    </p>
   </div>
   <div class='ocr_carea' id='block_1_7' title="bbox 955 2530 1696 2615">
    <p class='ocr_par' dir='ltr' id='par_1_18' title="bbox 955 2530 1696 2615">
     <span class='ocr_line' id='line_1_97' title="bbox 994 2530 1696 2569; baseline 0 -10"><span class='ocrx_word' id='word_1_682' title='bbox 994 2531 1183 2560; x_wconf 66' lang='lat' dir='ltr'>Xfflonocnu</span> <span class='ocrx_word' id='word_1_683' title='bbox 1198 2531 1355 2560; x_wconf 82' lang='lat' dir='ltr'>morborum</span> <span class='ocrx_word' id='word_1_684' title='bbox 1376 2531 1555 2568; x_wconf 86' lang='lat' dir='ltr'>dolorumque</span> <span class='ocrx_word' id='word_1_685' title='bbox 1573 2530 1696 2569; x_wconf 75' lang='lat' dir='ltr'>exempta</span> 
     </span>
     <span class='ocr_line' id='line_1_98' title="bbox 955 2575 1304 2615; baseline -0.006 -11"><span class='ocrx_word' id='word_1_686' title='bbox 955 2575 1138 2615; x_wconf 74' lang='lat' dir='ltr'>suppeditant.</span> <span class='ocrx_word' id='word_1_687' title='bbox 1159 2583 1177 2604; x_wconf 87' lang='lat'>1.</span> <span class='ocrx_word' id='word_1_688' title='bbox 1198 2580 1261 2604; x_wconf 84' lang='grc'>273.</span> <span class='ocrx_word' id='word_1_689' title='bbox 1284 2587 1304 2603; x_wconf 76' lang='grc' dir='ltr'>ε.</span> 
     </span>
    </p>
   </div>
  </div>
 </body>
</html>
