1884 2922
721 197 824 220 INDEX
853 196 978 220 RERUM.

78 267 124 290 IV.
140 264 205 290 215.
222 260 278 290 Νο5
293 260 354 300 plus
372 270 453 298 quam
471 266 547 300 pater
567 267 592 288 et
612 265 697 288 mater
711 259 812 298 diligit.

76 312 136 333 vn.
151 309 214 333 290.
230 315 254 333 13.
269 311 302 335 X.
321 309 387 333 343.
404 309 564 334 n.x1.157.
575 316 600 333 11.
613 305 668 333 Nos
677 304 761 341 magis
771 304 814 332 di-

73 348 154 386 tigit,
167 359 248 386 quam
260 358 307 376 nos
326 358 340 375 a
352 348 494 386 nobisipsis
509 347 658 387 diligimur.
675 355 731 376 ΠΙ.
748 352 811 376 542.

75 402 100 420 Ε.
116 393 166 421 Dei
187 403 247 430 erga
270 392 390 420 homines
412 402 486 420 amor
511 399 634 430 quantus.
657 399 725 420 ΠΗ.
750 397 813 420 180.

74 437 125 465 Dei
153 437 249 464 caritas
279 436 344 464 caelo
375 443 472 464 terram
497 436 650 475 conjunxit,
681 436 815 464 hominem

74 480 221 516 exaltavit,
245 480 333 508 Deum
353 487 545 519 superterram
560 480 692 516 ostendit,
710 480 770 508 secit
788 487 815 508 ut

75 525 226 552 traderetur
247 524 380 552 Dominus
409 535 458 563 pro
485 525 584 558 servis,
604 526 676 553 Deus
693 536 740 564 pro
765 524 816 553 ho-

77 568 208 599 minibus.
232 576 280 597 Xt.
297 573 344 597 85.
359 580 389 597 D.
405 580 432 597 E·
448 570 520 598 Deus
542 569 684 598 vehemens
702 576 815 605 amator,

75 612 168 641 volens
192 623 296 652 semper
322 624 369 641 nos
394 613 446 642 sibi
475 614 654 652 conjungere,
676 613 816 642 nobiscum

74 657 130 695 agit
144 656 213 685 sicut
233 664 330 685 matres
356 668 413 695 quae
432 657 517 686 solent
532 658 673 686 insolentes
687 657 757 686 lilios
772 657 815 686 di-

74 700 160 728 versis
186 700 270 729 larvis
297 707 471 740 perterrentes
499 711 591 740 cogere
621 708 650 730 ut
673 701 705 730 ad
728 701 816 730 sinum

75 755 153 773 suum
165 745 331 783 confugiant.
346 752 379 774 V.
397 749 461 774 364.
479 756 508 774 n.

115 789 165 817 Dei
180 789 360 828 providentia.
376 796 422 818 IX.
438 794 501 817 679.
516 800 541 818 c.
561 789 691 828 sapientia
711 789 816 818 miran-

74 832 119 861 da.
148 840 179 862 11.
206 838 266 862 143.
286 845 312 862 A.
332 833 381 862 Dei
405 833 572 872 providentia
596 844 652 862 esse
676 834 814 873 probatur.

75 884 109 905 11.
120 882 322 907 121.122,123.
338 882 401 907 126.
414 877 477 906 Sine
487 878 545 916 ejus
555 877 722 917 providentia
734 888 817 906 mun-

74 921 124 949 dus
136 928 206 950 stare
216 922 317 960 nequit.
332 929 365 950 11.
384 926 447 951 127.
460 933 484 949 B.
494 932 518 949 c.
532 925 632 950 D.128.
651 933 677 950 A.
690 921 737 949 Dei
756 932 816 960 pro-

74 965 193 994 videntia
205 966 294 994 omnia
311 965 490 994 administrat.
507 973 538 994 11.
554 970 618 995 901.
636 976 662 992 c..
680 965 720 993 Ea
732 976 818 1004 neque

75 1009 132 1038 ullo
155 1010 250 1045 verbo,
261 1021 346 1048 neque
361 1017 448 1038 mente
462 1009 516 1038 ulla
537 1009 653 1048 exprimi
674 1016 769 1048 potest.
785 1017 816 1039 11.

76 1058 141 1082 294.
159 1064 186 1083 c.
200 1054 250 1083 Dei
266 1053 434 1093 providentia
459 1065 506 1082 cur
532 1053 616 1082 bonos
641 1053 820 1092 improspere,

77 1096 160 1125 malos
172 1108 298 1137 prospere
312 1108 389 1136 agere
405 1097 430 1126 in
446 1097 496 1126 hac
511 1098 562 1127 vita
578 1098 656 1125 sinat.
673 1105 705 1126 11.
719 1102 815 1126 302³.

77 1145 142 1169 303.
152 1141 200 1169 Dei
214 1141 382 1181 providentia
394 1142 546 1170 defenditur
559 1149 649 1170 contra
660 1153 702 1170 eos
717 1142 763 1181 qui
773 1142 819 1170 ‹li-

76 1185 180 1221 cebant,
192 1187 389 1224 pestes‚fames‚
400 1187 540 1222 siccitates,
552 1186 725 1222 calamitates,
738 1187 818 1222 bella⁷

76 1241 128 1259 non
156 1242 211 1260 esse
237 1232 318 1271 digna
337 1233 508 1272 providentia
534 1233 593 1261 Dei.
615 1240 648 1261 11.
665 1237 725 1261 102.
747 1243 772 1262 c.
788 1244 816 1261 1).

78 1281 140 1304 103.
151 1286 176 1304 Ε.
186 1277 258 1305 Deus
270 1277 377 1305 abunde
386 1288 480 1315 magna
491 1288 544 1306 sote
555 1277 730 1317 providentiae
740 1277 820 1306 docu-

73 1326 164 1348 menta
179 1321 255 1349 nobis
271 1321 371 1359 ubique
389 1321 513 1359 prcebuit.
531 1329 551 1352 t,
564 1326 628 1349 927.
647 1332 675 1350 n.
693 1321 748 1349 Cur
767 1332 816 1350 vo-

74 1363 154 1392 luerit
166 1376 207 1393 res
221 1365 301 1404 hujus
319 1365 413 1393 mundi
434 1365 547 1394 caducas
562 1376 627 1394 esse.
645 1372 689 1394 111.
706 1370 769 1394 404.
786 1377 819 1396 D.

76 1409 211 1444 Quantam
223 1420 285 1448 erga
301 1409 449 1446 hominem,
465 1420 544 1447 quem
561 1409 818 1444 condidit,0stendit

76 1452 286 1490 providentiam.
296 1461 341 1482 IV.
355 1458 433 1483 93.C.
443 1454 559 1482 Puniens
570 1463 622 1482 non
635 1454 725 1482 minus
737 1464 817 1491 quam

75 1496 239 1525 benefaciens
262 1508 319 1526 eam
340 1497 465 1525 declarat.
483 1504 529 1527 IV.
550 1502 611 1525 181.
631 1507 655 1524 Ε.
671 1498 744 1526 Deus
768 1498 820 1526 scit

75 1540 142 1578 quid
157 1541 233 1570 nobis
248 1541 382 1580 expediat,
401 1552 447 1570 1105
463 1542 626 1581 ignoramus.
645 1548 690 1570 IV.
704 1546 767 1571 352.
785 1553 815 1573 n.

75 1584 125 1612 Dei
155 1584 323 1624 providentia
346 1585 460 1614 infinita.
490 1593 522 1614 V.
547 1590 608 1614 122.
635 1596 660 1613 E.
695 1585 765 1614 unde
787 1597 816 1614 ea

75 1628 212 1666 probetur.
233 1636 266 1658 V.
291 1634 336 1658 26.
353 1640 377 1658 c.
392 1630 442 1658 Dei
458 1629 630 1669 providentia
647 1630 673 1658 in
689 1630 817 1660 varietate

75 1678 227 1711 temporum
238 1673 437 1702 fructiferorum
451 1681 577 1713 apparet3
589 1681 699 1712 apparet
713 1685 817 1712 qnoque

75 1716 102 1744 111
125 1716 308 1747 sensibilibus.
341 1724 374 1745 V.
401 1722 446 1746 28.
474 1728 500 1746 n.
529 1728 554 1746 r.
579 1718 628 1746 Dei
650 1717 816 1757 providentia

75 1760 149 1788 nullo
172 1760 256 1789 dubio
285 1761 412 1789 obnoxia.
434 1769 466 1792 V⁴
487 1767 530 1790 29.
553 1775 578 1790 A.
594 1762 673 1791 etiam
688 1770 812 1802 apparet,

75 1814 136 1832 eum
150 1803 219 1832 dona
232 1805 364 1833 contrahit
380 1812 405 1833 et
425 1805 471 1834 dat
488 1806 602 1844 parcius.
616 1813 647 1835 V.
664 1811 709 1835 28.
726 1817 750 1834 Ε.
766 1807 816 1836 Dei

74 1848 252 1887 providentia?
262 1849 438 1878 adscribenda
448 1857 524 1878 terrae
538 1851 667 1879 fertilitas.
682 1855 813 1880 V.581.A.

76 1897 140 1921 582.
159 1892 197 1920 Ea
213 1903 317 1932 semper
333 1904 441 1932 egemus
455 1916 462 1929 ,
482 1894 528 1922 sed
543 1895 659 1923 maxime
674 1905 733 1923 cum
749 1895 816 1924 libe—

76 1947 193 1965 ramura
207 1937 294 1965 malis.
312 1945 344 1966 V.
364 1943 426 1966 123.
447 1949 470 1967 c.
495 1938 545 1966 Dei
561 1938 730 1977 providentia
755 1950 815 1967 cum

75 1982 159 2011 fluvio
185 1991 364 2022 comparatur.
380 1991 413 2012 V.
439 1989 503 2013 220.
527 1996 554 2014 n.
569 1985 617 2013 Dei
640 1985 816 2023 providentias

76 2026 164 2055 omnia
183 2038 261 2066 opera
277 2028 334 2066 ejus
350 2028 437 2056 serunt
450 2029 566 2067 signum.
581 2036 613 2057 V.
630 2033 692 2057 565.
704 2041 730 2057 Α.
746 2041 770 2058 n.
787 2040 813 2058 c.

75 2071 125 2099 Dei
149 2071 316 2110 providentia
332 2072 431 2101 relucet
446 2073 473 2101 in
488 2083 528 2106 eo,
542 2073 614 2111 quod
627 2073 747 2101 infideles
762 2074 815 2112 ipsi

74 2115 245 2154 prophetent.
262 2123 305 2144 [V.
323 2121 386 2145 566.
399 2117 472 2145 Deus
486 2116 587 2145 utiliter
597 2117 685 2145 omnia
696 2117 770 2147 facit.
784 2126 814 2148 V.

75 2163 121 2187 20.
135 2170 160 2186 ,1.
174 2160 229 2187 Deo
239 2159 396 2188 omniasuut
407 2160 532 2199 expedita
546 2167 571 2189 et
585 2161 687 2190 facilia.
701 2168 731 2189 V.
747 2166 811 2190 387.

75 2214 104 2231 n.
124 2203 173 2231 Dei
192 2203 360 2242 providentia
382 2215 461 2242 quam
473 2205 569 2233 rationi
584 2205 817 2244 incomprehensi‘

73 2247 144 2275 hilis.
168 2255 201 2276 V.
218 2253 282 2276 499.
308 2259 334 2277 c.
360 2259 388 2276 Ε.
406 2249 453 2277 Dei
470 2249 666 2277 administratio
689 2256 718 2277 ut
743 2260 808 2277 eon-

72 2290 225 2329 templanda
239 2298 265 2319 et
282 2291 477 2329 investiganda.
495 2299 527 2320 V.
546 2297 610 2321 382.
629 2304 654 2321 A.
674 2294 745 2321 Deus
761 2292 809 2321 110-

73 2334 158 2363 mincs
182 2345 234 2363 non
258 2335 344 2363 solum
368 2336 463 2364 liberat
477 2347 491 2364 a
507 2337 633 2375 periculis
645 2359 652 2372 ,
666 2336 712 2364 sed
732 2336 812 2364 etiam

72 2378 135 2406 facit
144 2378 268 2407 illustres.
282 2386 315 2408 V.
328 2383 390 2407 386.
406 2390 431 2406 Ε.
443 2379 509 2413 Quae
520 2387 582 2407 sunt
593 2379 733 2418 desperata
743 2401 749 2413 ‚
762 2379 811 2408 ad—

74 2421 149 2450 ducit
162 2422 189 2450 in
204 2423 301 2450 bonam
318 2433 402 2460 spem.
417 2430 450 2450 V.
468 2427 530 2451 384.
551 2434 572 2453 x.
590 2424 646 2451 Deo
661 2430 721 2451 sunt
736 2434 814 2462 expe-

74 2465 137 2494 (litae
155 2466 205 2494 viae
222 2476 325 2500 omnes,
351 2473 376 2494 et
400 2473 484 2505 potest
509 2477 542 2494 ex
567 2467 646 2494 rebus
667 2467 814 2506 desperatis

76 2509 111 2538 ad
134 2510 247 2538 salutem
269 2509 410 2538 adducere.
426 2517 459 2538 V.
488 2515 551 2539 492.
573 2521 600 2541 c.
620 2511 738 2539 Salutem
762 2522 810 2539 no-

76 2561 159 2582 stram
173 2561 248 2582 curat
262 2554 347 2592 magis
360 2565 440 2592 quam
456 2565 503 2583 nos
517 2555 578 2594 ipsi.
594 2562 626 2583 V.
642 2560 705 2584 641.
723 2557 815 2585 15.Ῡο-

77 2597 212 2627 hementer
229 2608 275 2627 nos
290 2606 371 2627 amat.
393 2605 423 2626 V.
444 2603 507 2627 364.
529 2610 555 2627 n.
573 2599 645 2627 Deus
661 2610 711 2629 non
732 2607 813 2629 cessat

1541 202 1610 235 2¹29

869 260 943 288 omni
969 260 1072 288 ratione
1094 266 1119 288 et
1141 261 1214 288 omni
1239 267 1357 299 tempore
1385 268 1485 290 naturae
1512 269 1609 291 nostrat

869 305 1034 343 prospicere.
1059 311 1091 333 V.
1115 309 1179 333 565.
1203 316 1229 333 C.
1250 305 1324 333 Deus
1349 306 1484 343 quomodo
1507 314 1610 335 sanctos

869 358 930 376 suos
949 355 1097 377 conservet.
1115 355 1147 377 V.
1167 353 1246 376 191³.
1266 359 1289 377 c.
1308 349 1365 377 Deo
1379 349 1464 387 magis
1479 360 1548 377 curm
1566 362 1612 379 sa-

870 392 912 419 lus
934 392 1073 420 11011111111111
1090 403 1168 430 quam
1185 403 1231 421 sna
1244 393 1340 429 ⁴gloria⁴
1359 400 1389 421 V.
1413 398 1477 421 355.
1499 405 1523 421 n.
1539 395 1612 422 Deus

869 443 999 473 quantum
1026 436 1165 464 bominum
1189 437 1302 465 salutem
1323 444 1405 466 curet.
1423 444 1480 466 ΠΙ.
1505 443 1571 466 677.
1590 449 1613 466 11.

870 481 996 509 Nostram
1012 480 1124 509 salutem
1152 488 1229 520 putat
1251 481 1361 509 divitias
1384 493 1439 510 esse
1462 493 1531 512 suaS.
1551 491 1608 511 ΠΙ.

871 529 935 554 321.
963 535 989 553 c.
1011 525 1055 553 Illi
1070 536 1172 564 magna:
1185 536 1254 554 curae
1269 533 1307 553 est
1323 533 1350 554 ut
1371 527 1396 554 in
1410 527 1537 555 virtutem
1554 538 1612 556 ere-

869 580 984 598 scamus.
1015 576 1047 598 V.
1074 574 1118 598 89.
1143 580 1167 597 ,1.
1194 571 1266 598 Deus
1285 577 1411 608 quantam
1427 581 1536 599 suorum
1562 582 1613 599 cu-

870 623 926 641 ram
950 620 1031 651 gerat.
1061 620 1106 642 tv.
1137 618 1202 642 641.
1225 625 1250 642 C.
1276 626 1304 643 n.
1331 615 1417 643 Deum
1442 626 1545 654 semper
1568 616 1614 644 be-

870 657 992 686 nedicere
1015 664 1136 696 oportet,
1160 657 1223 696 quia
1242 658 1342 696 ubique
1365 659 1420 698 ejus
1446 661 1613 699 providentia

870 707 977 729 extensa
1002 707 1051 731 est.
1079 708 1122 730 Π.
1152 706 1216 730 240.
1252 712 1276 731 13.
1311 703 1368 731 Deo
1402 711 1510 732 curante
1540 715 1615 733 com-

870 745 969 773 mercia
985 745 1052 773 inter
1067 744 1187 773 homines
1202 746 1280 774 fiunt.
1300 753 1344 775 Π.
1362 751 1426 776 340.
1444 758 1467 775 B.
1484 748 1535 775 Dei
1552 758 1614 786 erga

870 789 992 817 homines
1016 796 1114 827 quanta
1141 790 1316 828 providentia.
1351 798 1410 819 Vll.
1446 797 1509 821 203.
1537 803 1560 821 n.
1586 804 1612 821 u.

870 833 920 861 Dei
944 833 1122 872 providentia,
1143 843 1194 861 non
1217 844 1279 862 cura
1304 841 1401 869 nostra,
1424 835 1504 863 etiam
1531 835 1556 863 in
1582 836 1615 864 iis

870 887 930 915 quae
942 888 1021 916 opera
1044 884 1131 906 nostra
1152 878 1208 906 [ieri
1230 885 1372 917 putamus,
1389 885 1475 907 totum
1496 880 1611 918 perficit.

872 928 931 950 ΠΙ.
955 927 1020 950 310.
1039 933 1064 950 Α.
1085 921 1134 950 Dei
1155 922 1322 961 providentia
1338 933 1416 951 nemo
1436 933 1487 951 non
1502 924 1612 952 fruitur.

873 972 931 994 Vll.
944 970 1009 995 382.
1024 977 1051 994 n.
1066 966 1138 994 Deus
1150 977 1198 1006 per
1212 967 1342 995 contraria
1356 977 1425 1006 saepe
1438 968 1614 997 oeconomiam

872 1020 948 1038 suam
969 1009 1073 1049 implet.
1102 1017 1159 1039 ΠΙ.
1193 1015 1254 1039 155.
1278 1022 1303 1039 A.
1324 1022 1347 1039 B.
1371 1011 1420 1040 Dei
1446 1011 1615 1050 providentia

872 1064 934 1093 erga
960 1053 1137 1093 patriarchas,
1173 1053 1321 1093 Josephnm
1344 1060 1368 1082 et
1401 1056 1535 1094 Moysem.
1566 1063 1610 1086 IV.

872 1103 935 1127 693.
951 1109 980 1126 n.
999 1108 1026 1125 Ε.
1044 1104 1089 1126 ΙΧ.
1113 1102 1176 1126 150.
1196 1108 1223 1126 c.
1241 1109 1268 1126 1).
1292 1109 1355 1138 sqq.
1378 1099 1612 1138 Incompreliensi-

872 1142 935 1171 bilis
966 1149 1024 1177 est,
1048 1142 1273 1180 ratiociniuinquc
1292 1149 1413 1171 nostrum
1437 1154 1612 1183 exsuperans.

873 1193 918 1215 lx.
936 1191 1001 1214 679.
1019 1197 1043 1215 e.
1057 1198 1083 1215 n.
1099 1188 1170 1214 Deus
1186 1186 1285 1224 ubique
1301 1198 1361 1225 qttae
1378 1198 1424 1215 sua
1443 1195 1503 1216 sunt
1519 1199 1615 1227 opera—

872 1237 925 1259 tur.
939 1237 996 1259 ΠΙ.
1015 1235 1078 1260 430,
1098 1241 1120 1258 Β.
1137 1230 1187 1258 1)01
1210 1231 1378 1269 providentia
1394 1234 1482 1261 onmia
1496 1233 1614 1261 admini—

871 1280 999 1302 strantur.
1024 1282 1070 1303 lx.
1087 1279 1152 1304 206.
1174 1285 1198 1304 Β,
1215 1276 1287 1303 Deus
1306 1275 1421 1304 aliorum
1443 1277 1612 1315 malignitate

873 1318 959 1346 utitur
983 1318 1017 1347 ad
1040 1319 1151 1348 bonum.
1176 1325 1220 1347 tx.
1239 1324 1285 1349 85.
1304 1331 1327 1348 11.
1347 1320 1393 1349 Sic
1413 1321 1502 1349 omnia
1524 1321 1550 1348 in
1566 1320 1614 1348 bo-

875 1373 940 1390 num
965 1362 1116 1402 dispensat,
1132 1369 1161 1390 ut
1177 1373 1192 1390 a
1209 1363 1307 1400 quibus
1320 1363 1456 1400 laedimur,
1470 1364 1504 1392 ab
1516 1364 1613 1392 iisdem

867 1407 1007 1445 juvemur.
1026 1414 1073 1438 lx.
1091 1412 1153 1435 414.
1171 1417 1198 1435 D.
1215 1407 1264 1435 Dei
1281 1408 1454 1446 providentiae
1468 1415 1522 1442 est,
1541 1408 1615 1446 quod

871 1450 986 1479 rationes
1005 1450 1064 1489 ejus
1093 1451 1169 1480 nobis
1185 1461 1286 1479 areanae
1314 1451 1376 1481 sint.
1408 1459 1455 1482 XI.
1486 1457 1549 1480 159.
1586 1463 1611 1482 Β.

870 1496 930 1534 Ipsa
953 1495 1042 1523 omnia
1066 1502 1196 1534 geruntur
1216 1501 1242 1524 et
1264 1502 1427 1534 permanent.
1444 1503 1489 1525 Χῐ.
1506 1501 1570 1525 420.
1586 1508 1613 1526 0.

870 1539 919 1568 Dei
946 1539 1142 1578 providentiam
1163 1539 1278 1568 ostendit
1297 1550 1348 1568 non
1373 1540 1462 1569 miuus
1487 1541 1613 1579 gehenna,

871 1594 952 1621 quam
967 1594 1079 1622 regnum
1094 1584 1230 1612 caelorum.
1248 1591 1292 1612 XI.
1313 1589 1378 1612 685.
1401 1595 1426 1613 c.

911 1628 955 1657 Ex
981 1629 1030 1657 Dei
1053 1629 1192 1657 voluntate
1218 1635 1276 1656 tum
1301 1628 1402 1657 malum
1427 1635 1484 1658 tum
1512 1629 1613 1658 bonnm

871 1673 1009 1712 penditur.
1030 1680 1051 1703 l.
1068 1678 1133 1702 753.
1153 1684 1178 1703 Β.

910 1717 982 1745 Deus
1006 1728 1053 1745 cur
1073 1728 1126 1745 non
1147 1727 1238 1746 omncs
1264 1717 1307 1745 hic
1330 1716 1436 1756 puniat.
1460 1723 1479 1744 1.
1501 1721 1566 1745 214.
1583 1728 1612 1747 n.

870 1765 934 1790 916.
948 1772 974 1789 Ε.
984 1768 1027 1790 Π.
1039 1766 1066 1790 6.
1079 1773 1127 1790 cur
1140 1762 1239 1790 multos
1250 1771 1297 1800 per
1308 1767 1390 1789 totam
1405 1760 1487 1789 vitam
1501 1761 1612 1800 affligat.

870 1809 959 1834 1:2¹5.
975 1806 1048 1833 Deus
1064 1806 1146 1844 patris
1157 1816 1229 1833 more
1240 1815 1287 1833 nos
1302 1815 1350 1843 pei·
1364 1815 1406 1832 res
1419 1803 1543 1833 adversas
1553 1816 1614 1833 eru-

870 1849 921 1877 dit.
939 1857 971 1878 11.
993 1855 1053 1878 197.
1073 1850 1147 1878 Alios
1159 1850 1185 1878 in
1201 1849 1278 1877 malis
1297 1848 1470 1885 derelinquit,
1486 1847 1552 1876 alios
1565 1849 1615 1877 eri-

871 1894 924 1933 pit.
941 1902 985 1923 111.
1004 1899 1065 1923 183.
1084 1905 1110 1924 c.
1129 1895 1184 1923 Cur
1205 1904 1256 1922 non
1271 1903 1375 1932 semper
1389 1891 1477 1920 statim
1493 1891 1614 1921 adversi-

870 1945 936 1968 tates
951 1939 1034 1968 tollat.
1059 1947 1102 1968 111.
1117 1944 1180 1968 636.
1199 1939 1255 1967 Cur
1270 1937 1406 1977 permittat
1422 1937 1505 1965 bonos
1516 1938 1612 1976 affligi,

872 1983 956 2011 malos
968 1993 1095 2022 prospere
1106 1993 1192 2021 agere,
1207 1992 1259 2010 non
1271 1980 1470 2019 inquirendum.
1480 1987 1512 2010 V.
1526 1986 1572 2010 75.
1584 1992 1610 2012 13.

871 2028 927 2055 Cur
942 2027 1078 2066 permittat
1095 2027 1260 2056 tentationes.
1283 2033 1329 2055 111.
1353 2031 1418 2054 187.
1435 2037 1460 2054 Α.
1479 2028 1536 2054 Cur
1550 2037 1613 2065 per-

868 2071 955 2100 mittat
967 2071 1124 2100 afflictiones
1139 2081 1294 2099 accrescere.
1313 2081 1340 2098 v.
1359 2075 1422 2098 5⁷48.
1441 2080 1468 2097 c.
1485 2069 1535 2097 Per
1550 2070 1609 2099 laeta

869 2123 893 2144 et
918 2116 1029 2144 adversa
1052 2116 1159 2155 piorum
1176 2115 1259 2143 vitani
1276 2115 1416 2153 gubernat.
1435 2121 1482 2142 111.
1499 2119 1566 2144 725.
1584 2126 1609 2143 B.

869 2161 927 2189 Non
950 2171 1053 2200 semper
1076 2160 1102 2188 in
1122 2159 1240 2188 adversis
1256 2170 1303 2187 nos
1316 2168 1422 2187 manere
1436 2157 1511 2192 sinit,
1526 2168 1611 2196 neque

868 2215 973 2242 semper
996 2205 1022 2232 in
1043 2203 1189 2243 prosperis.
1208 2211 1253 2232 tv.
1274 2208 1336 2231 471.
1359 2213 1384 2230 c.
1408 2203 1462 2230 Cur
1475 2203 1611 2240 permittat

868 2248 951 2276 bonos
967 2258 1028 2276 cum
1043 2248 1121 2276 malis
1134 2247 1236 2275 vivere.
1254 2253 1300 2275 tv.
1316 2251 1359 2275 42.
1376 2258 1400 2275 Β.
1416 2248 1467 2275 Per
1477 2245 1611 2275 adversa-

867 2291 920 2320 rios
944 2291 1025 2319 efficit
1038 2314 1044 2326 ,
1064 2298 1093 2319 ut
1112 2290 1178 2319 fides
1193 2297 1301 2320 crescat.
1318 2298 1362 2319 tV.
1389 2295 1453 2319 322.
1471 2302 1496 2319 A.
1513 2301 1537 2318 B.
1555 2290 1610 2319 Cur

869 2335 1006 2373 permittat
1020 2334 1202 2363 afflictionem.
1220 2341 1253 2363 V.
1272 2339 1335 2363 382.
1351 2346 1376 2363 c.
1394 2335 1470 2363 Dens
1486 2334 1512 2362 in
1529 2334 1611 2362 tristi-

866 2379 918 2407 bus
931 2379 1016 2407 multo
1028 2386 1148 2418 tempore
1160 2378 1268 2407 Judceos
1283 2378 1459 2417 relinquebat,
1474 2385 1503 2406 ut
1519 2384 1609 2416 postea

866 2423 972 2452 liberati
984 2434 1076 2452 eorum
1088 2433 1217 2452 memores
1231 2430 1256 2451 et
1269 2430 1343 2461 grato
1358 2422 1447 2451 animo
1458 2432 1520 2459 erga
1532 2422 1610 2450 bene-

868 2468 949 2496 ficum
969 2475 1063 2496 essent.
1089 2474 1133 2496 Π.
1156 2472 1202 2495 89.
1220 2467 1407 2495 Tentationem
1429 2465 1561 2505 permittit
1574 2465 1608 2494 ad

868 2511 1051 2550 probationem
1077 2518 1121 2540 Π.
1140 2516 1204 2540 269.
1221 2522 1245 2539 B.
1261 2512 1317 2539 Cur
1327 2510 1459 2538 malorum
1471 2509 1606 2548 prosperi-

868 2561 948 2582 tatem
961 2554 1106 2594 pcrmittat.
1124 2561 1180 2583 ΠΙ.
1199 2558 1262 2582 822.
1277 2565 1303 2581 c,
1321 2553 1371 2582 Dei
1383 2552 1476 2581 amicis
1491 2552 1607 2581 maxime

868 2599 992 2638 competit
1011 2606 1037 2627 ttt
1056 2598 1080 2627 in
1107 2609 1238 2627 aerutnuas
1255 2597 1382 2626 incidant.
1400 2604 1468 2626 ΠΗ.
1496 2601 1558 2626 422.
1579 2608 1604 2625 B.
