1950 2922
270 208 332 243 170
476 211 477 214 ’
737 208 766 231 S.
791 206 931 231 JOANNIS
958 205 1193 229 CHRYSOSTOMI
1216 206 1309 237 VtTA,

262 270 346 299 multa
361 271 466 310 repetit,
488 281 547 309 quae
561 270 588 298 in
603 269 689 309 prima
702 269 735 297 (10
749 268 879 307 Eutropio
890 267 1002 295 homilia

262 317 387 355 pluribus
403 317 548 353 dicuntur,
564 326 663 344 necnon
679 315 754 342 initio
767 313 898 352 sequentis
914 313 1002 342 homi-

263 362 306 390 liae
319 363 353 390 de
374 363 515 401 Eutropio.
540 362 608 390 lliuc
626 361 705 389 etiam
725 366 750 387 et
769 370 802 388 011
821 359 880 387 aliis
897 370 1003 398 quoquc

263 408 391 446 probatur
407 409 474 436 hauc
487 408 624 435 homiliam
640 405 869 444 (Ionst-uitiuopoli
886 405 935 434 hoe
950 406 1004 433 cir—

263 454 328 482 citer
343 461 459 490 tempore
471 453 568 481 dietum
585 453 679 485 fuisse,
696 458 724 479 ut
739 451 830 479 videas
845 451 871 480 in
886 451 1000 480 Monito.

262 500 292 528 In
308 500 358 527 hac
372 499 481 527 humilia
495 498 663 527 subindicare
676 497 782 526 videtui·
795 497 1002 536 Chrysostonius

262 556 289 574 se
306 546 347 574 bis
362 546 388 573 in
402 544 569 573 hebdomada
585 544 735 573 concionari
748 544 841 572 solere.

303 592 391 619 Aliam
404 601 508 629 quoque
523 591 548 618 in
563 590 657 619 eadem
674 591 754 619 verba
770 591 796 619 in
811 590 948 618 Psalmum
963 590 1002 619 48

262 638 415 666 concionem
434 637 528 665 hahuit
543 637 771 676 Constantinopoli
792 637 817 665 in
838 638 936 674 Magna
955 647 1002 665 ec-

263 684 355 719 elesia,
371 690 398 711 ut
412 684 438 711 in
452 683 530 712 titulo
544 684 635 711 fertur.
652 684 717 712 Erat
735 690 823 711 autem
844 684 940 720 Magna
959 693 1002 710 ec-

262 730 341 759 etesia
356 729 418 765 illa,
439 729 466 757 in
480 740 533 767 qua
552 729 715 766 frequentius
736 729 879 768 episcopus
895 728 1004 756 concio-

264 775 392 810 nabatur,
409 777 507 814 Magna
520 775 650 814 appellata
664 798 671 810 ,
688 775 759 814 quod
773 776 875 804 caeteris
889 774 1003 813 amplior

263 829 339 850 esset.
362 822 539 851 Concionatus
553 828 591 850 est
615 829 713 857 autem,
729 829 869 861 postquam
885 821 954 849 alius
971 831 1003 849 ex

240 884 244 888 ι
262 875 367 907 recepto
395 878 468 896 more
488 868 633 896 orationem
652 868 783 896 habuerat
795 891 801 903 ,
818 867 1003 903 brevissimam

109 1657 247 1686 T.5.p.521.

112 1937 176 1958 Anno
195 1934 250 1966 403.

112 2209 135 2229 S.
154 2207 255 2236 Epipha-

114 2240 164 2260 nius
174 2239 233 2260 Con-

114 2272 251 2298 5111111110ρο-

113 2301 145 2322 lin
168 2302 236 2321 venit.

130 2333 190 2353 Soet.
203 2332 219 2353 1.
232 2330 255 2352 6.

114 2372 135 2385 c.
149 2370 184 2385 12.

262 914 380 952 quidem,
399 913 445 942 sed
461 925 520 951 quae
534 913 686 942 auditorum
707 914 798 942 laudes
812 919 959 947 meruerat,
978 919 1004 940 et

261 970 276 988 a
297 960 489 999 Cluysostomo
509 966 537 987 ut
554 961 642 998 magni
658 960 737 999 pretii
760 960 918 988 celebratur.
941 959 1004 986 Post

261 1006 393 1034 tumultus
404 1016 466 1034 vero
477 1005 607 1044 quosdam
621 1005 927 1044 Constantinopolitanos
941 1015 1004 1043 pro-

261 1053 409 1080 nuntiatam
419 1052 499 1080 fuisse
509 1052 577 1080 hanc
587 1052 727 1080 homiliam
736 1052 943 1091 Chrysostonms
953 1051 1004 1079 sub

262 1098 370 1127 initium
390 1097 476 1126 docet.
488 1110 502 1124 «
513 1100 567 1136 Age
576 1108 649 1136 ergo,
664 1110 677 1124 »
693 1098 790 1136 inquit,
805 1110 818 1123 «
833 1107 879 1125 nos
901 1107 1005 1134 qnoque

262 1144 441 1179 tumultuum,
465 1144 510 1181 qui
523 1145 580 1183 jam
599 1144 782 1182 (contigerunt,
799 1143 914 1182 procella
932 1143 1004 1171 libe-

261 1189 326 1223 rati,
341 1196 475 1227 tamqnam
490 1189 645 1217 fluvialibus
658 1189 821 1226 quibusdam
837 1188 914 1226 aquis
926 1199 1004 1216 aures

262 1242 365 1263 nostras
375 1235 486 1262 lectione
496 1235 697 1273 Scripturarum
710 1234 885 1262 abluamus.»
900 1235 939 1261 De
952 1244 1005 1271 quo

264 1280 382 1308 tumultu
399 1287 425 1308 et
441 1280 686 1319 perturbationibus
703 1279 826 1317 quaedam
840 1279 906 1307 dicit
925 1279 1005 1307 etiam

262 1327 383 1355 inferius.
407 1327 546 1355 Putaverit
569 1327 678 1355 sortasse
697 1327 830 1365 quispiam
848 1326 891 1354 hic
909 1327 951 1365 agi
972 1326 1007 1354 (10

261 1374 351 1412 priore
372 1373 487 1410 exsilio,
507 1373 579 1412 quod
602 1384 671 1401 anno
690 1374 750 1401 405
771 1373 882 1411 contigit
902 1380 949 1401 :at
972 1373 1006 1401 li-

262 1420 368 1448 bentius
384 1419 517 1448 crederem
533 1419 576 1447 hic
590 1419 662 1458 loqui
678 1419 901 1458 Chrysostomum
914 1419 948 1447 de
965 1430 1006 1447 re-

261 1465 312 1494 bus
325 1466 459 1504 Eutropii,
470 1466 586 1504 itemque
597 1465 734 1494 Aureliani
745 1473 770 1493 et
784 1466 923 1494 Saturnini
937 1466 1006 1505 opti-

261 1519 373 1547 matum,
387 1513 433 1550 qui
447 1512 542 1541 Gainae
554 1523 634 1551 opera
647 1519 671 1540 et
684 1512 801 1540 tumultu
816 1512 887 1551 pulsi
902 1513 1003 1541 suntin

261 1558 406 1595 exsilium,
426 1558 514 1596 deque
537 1559 630 1587 Gainae
651 1557 817 1593 del'ectione;
840 1558 930 1596 sicque
951 1569 1003 1587 an-

262 1613 295 1632 no
310 1605 362 1632 401
375 1627 384 1639 ,
403 1604 445 1633 vel
459 1605 517 1632 402
529 1627 537 1639 ,
556 1604 647 1632 habita
663 1604 742 1632 fucrit
757 1604 814 1632 lune
829 1605 937 1639 concio,
954 1606 1004 1634 etsi

261 1650 290 1678 id
308 1661 360 1678 non
376 1651 484 1679 omuino
499 1657 600 1679 certum
617 1657 666 1678 est.
686 1650 737 1678 Hic
751 1660 790 1678 res
804 1661 894 1678 omnes
909 1650 1004 1679 huma·

261 1707 308 1725 nas
327 1697 451 1725 umbram
468 1707 523 1725 esse
540 1696 616 1725 dicit.
635 1697 745 1724 Luxum
767 1707 828 1725 vero
849 1697 1004 1725 Constanti-

262 1743 478 1782 nopolitanorum
493 1753 624 1780 nusquam
639 1743 673 1770 ita
690 1742 827 1781 speciatim
842 1742 1002 1782 descripsit,

261 1796 286 1817 et
305 1796 447 1828 postquam
465 1788 614 1818 ostenderat
633 1799 715 1826 quam
733 1788 855 1827 sugitivae
871 1789 925 1817 sint
941 1800 1004 1828 opes

261 1842 286 1864 et
301 1835 413 1870 divitiae,
436 1836 589 1864 concionem
603 1835 716 1864 claudit.

300 1881 349 1910 His
361 1882 403 1910 vel
411 1882 546 1910 similibus
555 1881 727 1910 concionibus
734 1881 857 1919 egregius
868 1881 914 1909 ille
926 1882 1006 1910 Joan-

263 1937 308 1956 nes
323 1928 397 1966 gregi
418 1939 466 1956 5110
487 1927 618 1967 pascendo
639 1927 814 1966 advigilabat.
834 1928 1004 1967 Theophilus

263 1984 326 2001 vero
338 1973 536 2002 Alexandrinus
550 1973 647 2002 interea
662 1984 767 2001 omnem
783 1973 897 2012 lapidem
912 1984 1004 2002 move-

265 2020 328 2057 bat,
349 2027 377 2048 ut
397 2020 475 2048 illum
490 2031 503 2048 e
518 2020 579 2048 sede
592 2031 638 2048 sua
655 2019 796 2048 detrudere
812 2027 909 2059 posset.
932 2020 1003 2059 Epi-

264 2066 365 2106 phanio
375 2073 468 2094 auctor
480 2066 540 2102 suit,
554 2073 583 2094 ut
595 2077 655 2094 cum
667 2066 728 2094 aliis
739 2066 1004 2105 episcopisConstan-

266 2113 395 2152 tinopoliu
406 2124 432 2141 se
445 2113 658 2149 confurendum
672 2112 728 2151 ipse
741 2112 775 2140 ad
788 2111 859 2140 idem
878 2112 927 2140 iter
945 2122 1007 2140 sus-

266 2159 422 2197 cipiendum
434 2169 460 2187 se
471 2158 651 2198 comparabat.
665 2157 744 2186 Haud
756 2158 842 2186 multo
860 2165 920 2197 post
939 2158 1008 2197 Epi-

268 2204 383 2243 phanius
398 2215 432 2233 ex
447 2205 533 2233 insula
547 2205 640 2244 Cypro
658 2204 906 2244 Constantinopolin
918 2204 1007 2242 venit,

268 2251 421 2290 exemplum
439 2251 551 2280 afferens
568 2250 712 2291 Synodalis
728 2251 881 2288 sententiae,
899 2261 952 2288 qua
973 2250 1009 2278 li-

268 2298 330 2326 bros
345 2297 469 2336 Origenis
480 2297 672 2334 damnaverat3
689 2303 714 2325 et
727 2307 787 2325 cum
802 2296 836 2325 ad
851 2297 1011 2336 martyrium

269 2354 313 2372 seu
329 2343 465 2372 ecclesiam
485 2344 512 2372 S.
526 2343 636 2373 Joannis
655 2343 816 2381 appulisset,
834 2354 893 2381 quae
911 2349 1010 2382 septem

268 2399 395 2429 passuum
412 2389 531 2417 millibus
548 2389 582 2417 ab
596 2389 662 2416 111110
676 2388 802 2423 distabat,
819 2400 833 2417 e
847 2388 908 2417 navi
923 2399 1011 2427 egres-

268 2446 324 2471 sus,
351 2435 388 2463 ibi
410 2435 524 2474 synaxin
546 2434 709 2469 celebravit,
730 2441 754 2462 et
768 2435 890 2463 ordinato
908 2435 1010 2463 ibidem

268 2482 391 2517 diacono,
407 2482 434 2509 in
447 2481 541 2509 urbem
554 2481 687 2518 ingressus
699 2489 748 2511 esti
763 2483 877 2511 Joannes
890 2482 937 2510 etsi
951 2492 1010 2510 con.

268 2534 309 2556 tra
324 2527 393 2566 leges
405 2526 596 2555 ecclesiasticas
613 2527 648 2555 ita
662 2528 760 2556 factum
774 2538 829 2556 esse
840 2528 966 2564 videbat;
982 2527 1010 2556 id

268 2580 355 2602 tamen
366 2580 475 2613 propter
486 2573 538 2602 viri
555 2574 728 2602 reverentiam
743 2573 926 2610 dissimulans,
944 2575 1009 2614 Epi-

271 2619 404 2658 phanium
426 2625 456 2648 ut
473 2618 500 2647 in
516 2617 619 2647 aedibus
634 2618 689 2648 suis
709 2618 891 2649 diversaretur
905 2619 1008 2649 invita·

1058 267 1113 296 bat.
1133 267 1182 296 1110
1194 278 1266 303 vero,
1281 274 1311 296 ut
1325 278 1380 297 rem
1397 268 1551 308 Theophilo
1567 277 1669 308 gratam
1684 271 1791 308 faceret,

1058 312 1133 340 aliud
1148 313 1198 341 sibi
1215 313 1383 342 domicilium
1398 314 1506 353 delegit,
1520 316 1689 356 collectisque
1702 319 1796 346 omni—

1059 357 1109 386 bus
1119 358 1239 396 quitunc
1252 360 1481 398 Constantinopoli
1497 369 1570 390 erant
1586 363 1727 403 episcopis,
1745 364 1795 393 da-

1059 404 1220 433 mnationem
1234 404 1364 433 librorum
1373 406 1499 445 Origenis
1506 406 1539 434 ba
1546 418 1572 435 se
1589 408 1717 446 prolatam
1729 410 1795 448 ipsis

1059 449 1174 478 ostendit
1186 461 1216 479 ac
1237 451 1311 489 legit.
1328 453 1365 480 Ac
1380 452 1502 480 nonnulli
1516 453 1627 490 ‚quidem
1640 454 1747 483 illorum
1762 456 1796 484 ob

1060 495 1207 535 Epiphanii
1228 498 1403 526 reverentiam
1423 497 1486 527 huic
1507 499 1612 528 decreto
1630 500 1797 540 subscripse-

1059 549 1141 578 runt;
1158 543 1235 570 multi
1251 553 1314 572 vero
1331 543 1358 572 id
1375 544 1460 573 facere
1480 553 1634 574 recusarunt
1648 558 1654 573 :
1674 557 1708 574 ex
1726 557 1798 585 quo-

1059 598 1119 615 rnm
1137 599 1246 617 numero
1266 589 1316 617 fuit
1330 589 1488 619 Theotimus
1507 591 1648 630 episeopus
1666 592 1796 631 Scythiae,

1059 634 1104 671 qui
1122 634 1275 673 Epiphanio
1290 636 1437 675 respondit,
1454 637 1525 665 nolle
1539 648 1567 666 se
1581 638 1669 666 virum
1681 638 1737 677 jam
1750 638 1798 667 diu

1060 680 1102 718 pie
1117 681 1271 709 defunctum
1285 683 1444 711 contumelia
1459 683 1574 719 afficere,
1588 694 1668 722 seque
1682 694 1738 712 rem
1752 685 1799 712 im-

1057 727 1130 766 piam
1151 727 1285 755 facturum
1304 735 1412 766 putare,
1434 729 1455 757 si
1477 739 1507 757 ea
1526 729 1722 765 condemnaret,
1739 740 1798 767 quae

1058 774 1172 812 majores
1191 774 1232 801 5111
1250 784 1300 802 11011
1323 774 1539 813 reprobaverant.
1560 775 1694 803 Nimirum
1716 782 1797 814 puta-

1059 820 1104 848 bat
1124 827 1230 848 sanctus
1246 820 1291 849 vir
1312 831 1363 849 non
1385 821 1463 849 unius
1482 827 1586 849 tantum
1605 821 1723 860 episcopi
1744 831 1800 849 esse

1059 865 1097 893 sic
1111 873 1232 894 veterum
1251 866 1334 895 libros
1349 867 1530 906 proscribere,
1550 866 1595 895 sed
1614 867 1642 895 id
1661 866 1696 894 ad
1717 873 1800 895 totam

1059 912 1208 940 Ecclesiam
1224 912 1250 940 in
1267 924 1351 941 unum
1367 920 1484 941 coactam
1500 913 1642 952 pertinere.

1098 959 1213 987 Joannes
1228 969 1290 987 vero
1301 982 1308 996 ‚
1330 959 1379 987 etsi
1393 966 1482 987 contra
1499 958 1703 987 ecclesiasticam
1718 969 1800 998 regu—

1058 1004 1112 1032 lam
1129 1005 1186 1033 11ωο
1200 1006 1234 1034 ab
1256 1006 1411 1045 Epiphanio
1429 1006 1487 1034 11011
1502 1006 1624 1043 videbat,
1642 1005 1801 1034 hortabatur

1060 1057 1146 1079 tamen
1162 1051 1239 1080 illum
1255 1059 1283 1080 ut
1304 1053 1330 1080 in
1347 1052 1492 1091 episcopali
1507 1052 1587 1080 domo
1600 1059 1728 1080 maneret.
1745 1053 1801 1080 Ve-

1060 1108 1120 1125 rum
1138 1097 1182 1126 ille
1198 1108 1249 1126 non
1266 1109 1422 1126 mansurum
1436 1109 1463 1126 se
1477 1109 1538 1126 cum
1558 1098 1619 1134 1110,
1638 1108 1724 1136 neque
1742 1107 1802 1136 pre-

1061 1148 1183 1169 catui-um
1202 1141 1287 1177 dixit,
1305 1142 1356 1170 nisi
1375 1143 1535 1170 Dioscorum
1555 1143 1701 1180 fratresque
1718 1142 1774 1180 ejus
1787 1152 1802 1170 e

1061 1187 1170 1215 civitate
1188 1187 1312 1226 pelleret,
1329 1195 1354 1216 et
1370 1189 1425 1227 ipse
1438 1188 1652 1216 condemnationi
1667 1188 1800 1216 librorum

1062 1233 1187 1272 Origenis
1202 1244 1282 1262 manu
1298 1234 1405 1272 propria
1421 1234 1610 1262 subscriberet.
1628 1234 1698 1262 Cum
1712 1241 1802 1262 autem

1061 1280 1174 1308 Joanncs
1197 1279 1222 1307 id
1245 1280 1330 1308 sacci-c
1352 1280 1444 1315 nollet,
1464 1279 1586 1317 nihilque
1607 1287 1705 1308 temete
1727 1290 1804 1318 agen-

1061 1324 1127 1352 dum
1148 1335 1203 1353 esse
1223 1324 1323 1353 diceret
1342 1332 1403 1354 ante
1423 1326 1552 1364 generalis
1573 1326 1686 1354 Concitii
1707 1326 1802 1355 defini-

1062 1370 1178 1408 tionem3
1201 1371 1311 1399 Joannis
1336 1371 1437 1400 inimici
1460 1371 1534 1400 aliud
1556 1372 1711 1411 Epiphanio
1733 1383 1803 1412 sug-

1061 1424 1207 1455 gesserunt.
1227 1418 1295 1446 Cum
1319 1417 1476 1446 celebranda
1495 1418 1605 1456 synaxis
1624 1425 1691 1447 esset
1712 1419 1738 1447 in
1754 1429 1802 1448 ec-

1062 1462 1140 1491 clesia
1163 1463 1373 1502 Apostolorum,
1401 1464 1555 1503 Epiphanio
1576 1471 1606 1493 ut
1630 1465 1656 1492 in
1681 1465 1803 1494 medium

1062 1509 1182 1548 prodiret
1205 1516 1362 1546 suaserunt,
1386 1516 1411 1537 et
1438 1521 1526 1538 coram
1553 1510 1678 1539 universo
1701 1512 1802 1550 populo

1063 1555 1186 1594 Origenis
1217 1555 1300 1584 libros
1327 1555 1529 1592 condemnaret,
1558 1557 1717 1585 Dioscorum
1740 1568 1802 1586 cum

1059 1603 1114 1631 suis
1136 1604 1402 1639 excommunicaret,
1424 1611 1448 1632 et
1472 1606 1601 1634 Joannem
1632 1612 1724 1644 utpote
1746 1605 1801 1634 illis

1060 1650 1191 1678 faventem
1205 1650 1402 1689 perstringeret.
1415 1650 1478 1679 Haec
1490 1650 1585 1679 Joanni
1600 1651 1720 1679 nuntiata
1731 1658 1803 1687 sunt,

1059 1696 1105 1734 qni
1125 1696 1256 1735 postridie
1276 1696 1430 1736 Epiphanio
1452 1697 1590 1726 ecclesiam
1607 1698 1664 1736 jam
1682 1697 1802 1736 ingresso

1059 1752 1106 1781 per
1119 1742 1291 1781 Serapionem
1308 1743 1363 1770 11ψο
1375 1742 1522 1781 significari
1534 1743 1615 1782 jussit
1629 1755 1635 1770 :
1647 1743 1719 1781 quod
1732 1754 1805 1772 nem-

1060 1799 1093 1828 pe
1108 1788 1153 1817 ille
1167 1789 1250 1817 multa
1264 1796 1354 1817 contra
1368 1789 1472 1828 regulas
1487 1796 1588 1828 ageret,
1605 1789 1651 1828 qui
1667 1790 1693 1818 in
1708 1790 1803 1819 Eccle—

1060 1835 1106 1863 siis
1123 1835 1191 1871 suis,
1209 1846 1236 1863 se
1250 1835 1349 1871 inscio,
1364 1835 1562 1864 ordinationem
1576 1836 1681 1872 fecerit;
1695 1837 1741 1874 qui
1757 1837 1804 1865 in-

1056 1882 1134 1920 jussu
1150 1892 1197 1910 suo
1219 1882 1245 1910 in
1265 1881 1361 1910 iisdem
1377 1882 1494 1910 ecclesiis
1513 1882 1656 1911 missarum
1674 1882 1803 1912 solemnia

1061 1927 1216 1963 celebrarit;
1237 1928 1282 1965 qui
1301 1928 1365 1956 olim
1386 1928 1514 1956 invitatus
1534 1928 1582 1956 illo
1600 1928 1692 1956 venire
1710 1928 1803 1957 nolue-

1060 1973 1106 2006 rit,
1126 1983 1196 2001 nunc
1215 1984 1277 2002 vero
1295 1973 1322 2001 id
1336 1973 1386 2001 51111
1402 1974 1458 2012 ipse
1473 1973 1632 2012 permiserit.
1645 1975 1747 2003 Cavere
1758 1985 1804 2003 au-

1060 2026 1112 2046 tem
1128 2019 1239 2057 rogabat
1254 2030 1286 2047 ne
1300 2019 1432 2047 tumultus
1448 2019 1587 2047 excitaret.

1103 2065 1151 2093 llis
1169 2064 1270 2093 auditis
1296 2065 1404 2094 territus
1428 2065 1611 2104 Epiphanius,
1637 2065 1672 2094 ab
1691 2065 1803 2094 ecclesia

1062 2110 1192 2145 discessit,
1215 2118 1239 2139 et
1256 2111 1289 2139 de
1305 2112 1407 2140 ,Ioanne
1427 2111 1544 2149 graviter
1560 2118 1730 2149 conquestus,
1749 2113 1803 2152 Cy-

1062 2168 1143 2196 prum
1164 2157 1348 2196 adnavigavit.
1372 2157 1455 2186 Erant
1477 2158 1523 2196 qui
1547 2157 1666 2186 dicerent
1685 2159 1804 2198 Epipha-

1064 2203 1153 2239 nium,
1168 2213 1229 2231 cum
1250 2203 1341 2232 navim
1357 2214 1546 2232 conscensurus
1560 2211 1640 2240 esset,
1656 2203 1711 2232 haec
1726 2205 1804 2234 Joan-

1064 2250 1092 2278 ni
1114 2249 1284 2278 denuntiasse
1309 2261 1314 2277 z
1337 2250 1420 2289 Spero
1441 2257 1466 2278 te
1483 2260 1535 2278 non
1558 2250 1722 2279 moriturum
1747 2261 1804 2280 esse

1065 2296 1238 2336 episcopum3
1268 2297 1450 2335 Joannemque
1477 2296 1596 2325 vicissim
1626 2297 1666 2325 illi
1698 2307 1805 2336 respon-

1065 2342 1136 2371 disse
1149 2355 1154 2370 :
1166 2343 1250 2382 Spero
1264 2349 1287 2370 te
1301 2353 1352 2371 non
1368 2350 1562 2382 perventurum
1577 2354 1631 2372 esse
1641 2343 1667 2371 in
1679 2344 1805 2382 patriam.

1066 2390 1107 2416 An
1126 2399 1188 2417 vera
1209 2388 1325 2416 narratio
1340 2388 1374 2416 sit
1389 2388 1516 2417 dubitant
1530 2390 1652 2418 Socrates
1673 2396 1698 2417 et
1718 2389 1804 2418 Sozo-

1065 2445 1167 2463 menus.
1182 2434 1296 2472 Utrique
1312 2442 1380 2462 certe
1393 2434 1549 2473 hujusmodi
1564 2435 1654 2463 exitus
1667 2435 1779 2474 contigit
1794 2446 1801 2463 :

1066 2491 1126 2509 nam
1141 2491 1226 2518 neque
1241 2480 1409 2519 Epiphanius
1425 2481 1451 2509 in
1467 2481 1589 2520 Cyprum
1602 2481 1725 2520 appulit;
1744 2489 1804 2520 post

1812 2509 1836 2529 S.
1851 2506 1932 2536 Epipha
1948 2515 1950 2531 ι

1065 2528 1212 2556 discessum
1236 2527 1306 2555 enirn
1331 2534 1452 2556 mortuus
1475 2534 1514 2556 est
1538 2528 1565 2556 in
1585 2527 1670 2556 navi:
1687 2528 1863 2560 Joannesnms
1885 2538 1950 2561 morit

1064 2584 1129 2602 vero
1143 2580 1231 2612 postea
1247 2583 1280 2601 ex
1294 2573 1437 2612 episcopali
1457 2573 1518 2602 sede
1534 2574 1629 2613 pulsus
1645 2580 1701 2612 est,
1720 2581 1799 2613 atque
1813 2575 1857 2590 ω’·

1064 2620 1091 2648 111
1110 2619 1198 2649 exsilii
1211 2620 1269 2649 loco
1284 2619 1356 2648 diem
1371 2619 1467 2650 clausit
1481 2626 1639 2648 extremum.
