1950 2922
147 1038 258 1059 Clidcidia

118 1074 138 1090 et
159 1071 259 1091 ›brueri-

117 1103 145 1121 ti«
167 1094 259 1128 (ilii-yso-

116 1137 188 1152 stum.)
220 1132 260 1151 ad-

117 1164 188 1185 diets,

274 181 340 227 ¹9⁷}
761 192 790 214 s.

269 254 394 283 aerumnis
417 253 515 282 fractus
535 254 561 282 in
583 263 696 282 moerore
717 259 889 287 versaretur,
913 251 1012 290 episto—

268 302 323 329 lam
340 302 395 329 195
414 300 453 328 1111
479 300 579 328 cancris
595 299 743 336 longiorem
762 297 835 326 misit
850 297 1012 336 Chrysosto-

271 356 330 373 mus
343 357 348 372 ε
362 355 412 382 qua
430 351 457 372 ut
473 344 636 372 calamitates
648 342 707 370 illas
721 341 825 370 fortiter
836 341 902 369 ferat
918 341 1011 369 horta-

270 399 323 426 tur,
335 390 511 428 exemploque
520 395 672 417 sauctorum
684 388 790 416 Veteris
802 386 966 415 Testamenti
977 385 1012 414 ad

270 436 395 475 qua¹libet
409 435 482 463 illata
496 434 565 462 mala
580 433 735 462 sustinenda
751 433 920 467 corroborat,
934 443 1013 470 seque

271 483 359 521 ipsum
374 481 400 508 iu
414 481 568 519 exemplum
581 480 669 516 affert,
685 486 710 508 et
721 486 787 518 quot
802 478 879 507 malis
893 479 1013 513 affectus,

271 535 335 566 quot
350 526 492 555 calumniis
506 526 644 565 impetitus
659 526 739 554 suerit
753 532 868 554 recenset
883 537 888 552 :
903 525 966 553 hinc
979 525 1014 554 ad

270 573 391 610 exempla
406 579 560 600 sanctorum
575 572 645 600 Novi
661 571 825 600 Testamenti
840 578 864 599 et
877 571 1013 610 apostolo-

269 629 328 646 rum
342 617 471 653 vertitur,
487 624 517 646 ut
530 618 587 657 ejus
603 618 723 646 animum
739 618 835 657 erigat,
851 617 1013 656 demumque

269 665 310 693 liis
326 664 415 692 verbis
430 664 536 703 longam
552 664 691 703 epistolam
707 665 764 693 sive
775 664 923 692 orationem
939 664 1012 692 clau-

269 710 309 738 dit
322 721 328 738 :
342 710 549 746 «Quamobrem
566 717 591 738 te
609 721 674 749 rogo
689 721 719 739 ac
732 709 815 739 veluti
831 710 944 747 genibus
961 710 1013 739 tuis

270 755 413 785 advolutus
432 755 565 791 obtestor,
582 762 610 784 ut
626 767 766 786 moerorem
780 762 805 784 et
820 756 923 784 luctum
939 757 1012 795 abji—

269 803 332 837 cias,
344 813 374 830 ac
384 813 432 841 pro
445 802 521 830 nohis
530 802 602 841 apud
614 804 699 831 Deum
711 813 813 831 memor
824 801 870 838 sis,
882 802 1013 841 nobisque

271 848 410 877 rescribas.
424 861 437 874 »

311 895 371 922 Duo
385 901 459 922 erant
474 904 531 932 quae
551 894 601 922 iter
615 894 828 923 intercludebant
846 894 889 929 iis,
913 895 959 933 qui
980 894 1013 923 ad

271 940 440 968 invisendum
465 941 593 969 ,loannem
616 941 752 969 Cueusum
776 941 868 969 venire
888 948 1014 980 peropta-

271 986 481 1021 baunnimirum
497 985 603 1025 hyemis
615 993 755 1025 tempestas
769 993 793 1015 et
808 988 962 1015 Isaurorum
977 988 1014 1016 in-

271 1032 414 1060 cursiones.
432 1031 470 1059 Ea
483 1041 544 1060 vero
558 1031 591 1060 dc
603 1042 681 1060 eausa
696 1033 768 1061 hand
780 1033 863 1061 dubie
875 1033 1014 1062 Chalcidia

271 1085 296 1106 et
319 1078 472 1116 Asyncritia
487 1078 589 1106 nobiles
603 1078 721 1113 semime,
746 1079 796 1118 ipsi
818 1079 935 1108 caritatis
951 1080 1012 1108 vin-

272 1125 332 1154 culo
341 1126 450 1163 junctae,
461 1135 520 1162 quse
532 1125 755 1164 Chrysostomum
769 1125 883 1153 invisere
895 1137 1015 1154 summo-

270 1182 333 1211 pere
353 1171 495 1210 cupiebant
509 1193 515 1203 ,
538 1181 564 1198 se
579 1182 593 1198 a
609 1171 741 1210 carpenda
761 1171 804 1200 via
825 1171 866 1199 his
881 1171 915 1200 de
929 1172 1016 1200 causis

274 1217 399 1245 deterreri
416 1216 609 1255 Chrysostomo
624 1216 762 1255 scripsere.
778 1217 826 1245 Ille
840 1228 902 1245 vcro
917 1218 1016 1257 episto—

270 1263 323 1290 lam
336 1264 394 1291 942
406 1262 511 1301 scripsit
522 1274 527 1288 z
538 1262 610 1289 nulla
623 1262 689 1290 dicit
701 1262 766 1301 ipsis
779 1274 834 1291 esse
844 1264 1015 1292 excusatione

271 1319 350 1348 opus,
364 1308 467 1345 sibique
478 1307 609 1336 sincerum
622 1307 730 1336 illarum
742 1309 866 1337 affectum
879 1319 930 1338 non
944 1310 1015 1348 igno-

271 1354 350 1390 ranti,
365 1353 474 1392 perinde
486 1364 540 1381 rem
553 1364 580 1381 se
593 1353 689 1382 habere
701 1364 731 1382 ac
744 1354 765 1382 si
779 1365 870 1383 revera
881 1356 1012 1385 venerint.

269 1399 344 1429 Idem
360 1400 448 1438 ipsum
464 1399 625 1438 Asyncritiae
638 1400 733 1438 repetit
751 1400 777 1428 iu
791 1401 903 1439 epistola
924 1403 976 1436 77,
991 1408 1016 1430 et

270 1457 318 1484 pro
331 1456 403 1474 more
415 1456 473 1479 suo,
483 1452 511 1473 ut
522 1445 671 1483 frequenter
683 1445 734 1474 sibi
746 1446 836 1474 literas
848 1447 946 1483 mittat,
954 1448 1016 1476 1101·-

270 1499 352 1520 tatur.
372 1491 522 1530 Asyncritia
537 1498 561 1519 et
577 1492 715 1520 Clialcidia
730 1493 779 1532 piae
796 1494 920 1522 mulieres
935 1495 1015 1523 simul

272 1537 354 1565 vitam
367 1537 488 1575 agebant,
502 1548 563 1565 cum
575 1538 635 1566 aliis
647 1549 734 1566 seeum
749 1539 845 1576 pietate
857 1541 1013 1579 conjunctis.

272 1583 465 1622 Clirysostomo
477 1583 624 1611 admodum
635 1583 748 1612 addicta:
761 1585 912 1623 frequenter
923 1587 974 1625 ipsi
987 1587 1016 1616 li-

272 1636 341 1657 teras
354 1629 503 1663 mittebant,
519 1636 549 1657 ut
561 1640 593 1657 ex
608 1631 665 1668 ejus
679 1630 713 1658 ad
728 1631 787 1659 illas
802 1632 932 1670 epistolis,
949 1644 1015 1672 qua-

273 1687 332 1704 rum
346 1676 469 1715 plurimae
482 1683 633 1715 supersunt,
649 1677 795 1715 liquidnm.
811 1679 840 1706 In
857 1680 940 1709 titulis
952 1691 1016 1709 vero

273 1721 419 1759 aliquando
431 1722 596 1760 Asyncritia,
612 1722 749 1752 interdum
760 1724 899 1753 Clialcidia
910 1749 917 1761 ‚
930 1727 1016 1765 prima

274 1767 403 1806 ponitur;
425 1777 493 1805 saepe
517 1767 596 1796 etiam
621 1769 763 1808 separatim
786 1770 906 1809 singulas
931 1772 1016 1801 literis

275 1813 428 1852 compellat.
448 1813 495 1840 Hm
512 1813 538 1841 in
555 1815 679 1842 aeruuiuis
691 1821 716 1843 et
729 1815 858 1845 molestiis
874 1819 1016 1847 versaban-

276 1866 329 1892 tur,
349 1866 377 1886 ut
389 1869 423 1887 ex
439 1859 549 1888 Joanuis
562 1860 681 1898 epistolis
695 1861 834 1899 arguitur3
848 1870 873 1890 et
888 1864 996 1893 fortasse
1007 1888 1014 1900 ‚

275 1905 336 1942 quia
353 1904 544 1943 Chrysostomo
561 1905 674 1934 addictae
690 1914 781 1944 erant,
803 1907 829 1936 in
851 1909 994 1949 Porphyrii
1009 1934 1015 1946 ,

275 1951 321 1988 qui
337 1951 530 1979 Antiochenam
550 1951 638 1980 sedem
652 1951 800 1988 invaserat,
819 1954 910 1983 odium
926 1956 1018 1984 incur-

276 2003 373 2024 rerant.
393 1996 533 2025 Chalcidia
555 2008 569 2025 a
586 1997 667 2036 longo
683 1999 740 2037 jam
762 2005 881 2038 tempore
901 2002 1017 2030 caritatis

277 2043 328 2071 sibi
348 2043 457 2072 vinculo
469 2043 562 2082 juncta
576 2051 647 2080 erat,
664 2051 693 2072 ut
706 2045 789 2073 fertur
803 2046 830 2074 in
845 2047 955 2085 epistola
970 2050 1018 2078 55).

277 2089 337 2127 Ipsa
351 2100 415 2117 vero
430 2089 456 2117 in
471 2100 579 2128 gravem
597 2090 720 2119 morbum
737 2091 847 2128 incidit,
863 2099 893 2121 ut
911 2104 946 2122 cx
958 2095 1018 2133 epi-

277 2134 343 2162 stola
358 2135 397 2164 98
417 2134 548 2163 discimus
565 2147 570 2162 :
585 2146 643 2173 quae
663 2146 704 2164 res
726 2136 948 2176 Chrysostomum
965 2150 1017 2168 nou

278 2180 382 2217 vulgari
399 2180 491 2208 dolore
506 2181 606 2211 affecit.

318 2227 417 2254 Fronto
432 2228 546 2255 Ducaeus
561 2228 701 2265 epistolam
719 2229 777 2258 192
793 2229 915 2260 inscribit
929 2233 1018 2262 'Amm-

278 2272 374 2311 κριτίᾳ,
390 2272 580 2308 Asyncritioe,
598 2284 678 2311 quam
691 2274 829 2305 lectionem
841 2287 967 2316 sequutus
980 2263 1018 2309 est

277 2317 355 2345 etiam
367 2317 410 2345 vir
421 2317 454 2345 cl.
467 2318 667 2347 ‘tillemontius
682 2320 735 2348 Sed
747 2329 837 2350 eontra
850 2323 918 2352 hanc
927 2325 1017 2354 lectio-

276 2373 335 2391 nem
351 2363 492 2391 reclamant
505 2374 595 2393 omnes
606 2367 784 2406 Manuscripti
796 2369 876 2397 etiam
887 2372 1017 2409 antiquis-

276 2409 349 2445 simi,
365 2408 410 2447 qui
425 2409 522 2437 liabent
537 2410 729 2453 Ὀνησικρατίᾳ
739 2437 745 2448 ,
765 2415 960 2446 Onesicratioe.
975 2419 1019 2446 Sic

279 2454 359 2482 etiam
376 2454 440 2492 legit
460 2454 578 2483 Savilius
590 2477 597 2490 ,
614 2467 696 2494 neque
713 2459 794 2487 aliam
809 2460 947 2490 lectionem
963 2474 1019 2491 me-

276 2506 370 2528 morat.
387 2499 457 2528 Vide
472 2510 531 2538 quae
543 2500 663 2529 diximus
683 2503 707 2530 in
723 2512 783 2533 nota
799 2506 836 2534 T.
853 2510 886 2540 5,
904 2519 929 2547 p,
947 2510 1015 2540 707.

275 2545 467 2573 Onesicratiam
480 2546 564 2584 igitur
574 2553 630 2575 tum
643 2548 678 2576 ob
691 2549 752 2577 silice
765 2562 818 2579 suae
831 2553 945 2591 obitum,
962 2562 1017 2584 tum

273 2591 343 2630 quod
357 2591 407 2618 alia
423 2591 600 2630 praecessisset
614 2593 702 2632 plaga,
720 2595 845 2625 afflictam
859 2606 883 2626 et
900 2608 1016 2630 moestam

819 190 958 213 somnus
985 189 1217 212 Ctim‘SOSTOMt
1245 189 1342 219 vrm,

1065 250 1217 279 consolatur
1230 250 1450 289 Chrysostomus.
1459 251 1519 279 Non
1532 261 1608 290 posse
1620 250 1729 289 quidem
1741 256 1805 279 tan-

1065 302 1120 324 tam
1135 297 1255 324 moeroris
1270 296 1369 324 nubem
1385 295 1482 324 auferri
1496 296 1605 332 fatetur,
1622 296 1667 325 sed
1683 308 1736 325 rem
1754 296 1807 325 sal-

1066 348 1118 370 tem
1134 341 1297 370 moderatius
1312 352 1367 370 esse
1380 341 1515 370 ferendam
1527 353 1533 368 τ
1545 342 1649 370 obitum
1667 343 1739 371 enim
1754 353 1806 371 non

1066 398 1128 416 vere
1150 395 1263 416 mortem
1283 398 1338 416 esse
1350 409 1357 423 ‚
1379 386 1426 416 sed
1440 388 1679 427 peregrinationem
1697 396 1776 427 atque
1793 400 1807 417 a

1067 433 1244 462 deterioribus
1259 432 1293 461 ad
1312 433 1422 461 meliora
1440 433 1697 471 commigrationem.
1719 436 1810 474 Asyn-

1069 479 1152 507 critiae
1165 486 1254 507 autem
1269 479 1330 507 licet
1344 479 1434 507 literas
1454 479 1551 507 multas
1566 479 1700 518 scripserit
1715 480 1809 519 Chry-

1068 534 1210 562 sostomus,
1224 537 1371 565 numquam
1384 526 1417 555 de
1429 527 1484 555 filia
1497 527 1581 566 ipsius
1594 527 1723 565 loquitur.
1741 528 1810 556 Cum

1068 581 1157 602 autem
1184 573 1342 612 Asyncritiae
1370 573 1500 612 plurimas
1513 595 1520 608 ,
1543 573 1715 601 Onesicratiae
1742 573 1812 602 banc

1069 629 1149 647 unam
1173 625 1276 647 tantum
1296 619 1421 658 scriptam
1438 618 1602 657 reperiamus
1614 641 1620 653 ,
1642 625 1737 647 nomen
1755 619 1812 658 ejus

1069 666 1095 694 in
1110 665 1290 704 Asyncritiam
1307 671 1409 693 mutare
1424 665 1557 703 quispiam
1569 675 1650 693 ausus
1664 671 1712 693 est.

1108 711 1214 739 Namcea
1235 710 1357 748 quaedam
1371 717 1507 744 matrona,
1531 717 1559 738 ut
1573 710 1697 746 videtur,
1711 710 1810 739 Antio-

1068 757 1168 792 ebena,
1189 767 1250 795 erga
1266 757 1487 795 Clirysostomum
1502 756 1602 795 optime
1621 757 1715 784 affecta
1726 779 1733 791 ‚
1751 763 1810 785 tar-

1067 804 1128 832 dius
1144 810 1230 831 tamen
1245 802 1279 831 ad
1291 803 1369 831 illum
1381 802 1532 841 scripserat,
1546 809 1626 840 atque
1639 803 1674 830 ita
1689 809 1718 831 ut
1729 803 1811 831 etiam

1068 849 1185 878 audaciae
1207 848 1312 877 veniam
1327 855 1437 887 peteret.
1463 847 1575 876 Dicebat
1592 858 1671 886 porro
1692 848 1812 876 se-illum

1067 902 1122 924 tam
1136 895 1247 923 ferventi
1261 895 1371 923 caritate
1389 893 1513 932 diligere,
1529 901 1572 929 ut,
1593 893 1644 922 nisi
1659 894 1753 922 morbo
1768 894 1811 922 la-

1068 941 1191 975 boraret,
1216 941 1264 969 iter
1283 941 1350 969 adeo
1365 941 1521 976 molestum,
1543 948 1633 978 totque
1655 939 1812 979 praedonum

1067 987 1266 1016 incursionibus
1287 987 1423 1015 obsessum
1439 995 1591 1025 susceptura
1609 986 1717 1022 fuisset,
1738 986 1813 1015 iltius

1069 1033 1172 1061 visendi
1189 1044 1276 1062 causa.
1289 1032 1437 1072 Respondit
1449 1033 1659 1071 Clirysostomus
1670 1033 1747 1072 epist.
1763 1033 1812 1068 47,

1070 1079 1156 1114 illam,
1177 1080 1274 1108 nedum
1290 1079 1420 1118 culpanda
1434 1085 1514 1114 esset,
1529 1078 1603 1117 quod
1616 1078 1734 1107 scribere
1748 1089 1813 1107 ausa

1070 1126 1162 1161 fuerit,
1177 1126 1343 1164 arguendam
1360 1125 1448 1164 potius
1463 1125 1535 1162 quod
1548 1124 1650 1153 tardius
1664 1124 1691 1152 id
1707 1124 1811 1161 fecerit,

1071 1183 1205 1210 unamque
1216 1171 1336 1200 delendae
1349 1171 1433 1210 culpae
1446 1180 1581 1209 superesse
1595 1170 1680 1206 viam,
1695 1169 1719 1198 si
1732 1169 1814 1198 nimi-

1070 1229 1130 1247 rum
1148 1226 1284 1247 sexcentas
1302 1219 1403 1256 literas,
1419 1219 1528 1258 νιφάδας
1541 1215 1719 1256 γραμμάτων,
1735 1216 1769 1244 ad
1784 1227 1813 1245 se

1070 1264 1195 1293 mitteret.

1110 1310 1222 1350 Hyemis
1232 1317 1351 1349 tempore
1360 1309 1451 1338 literas
1463 1309 1564 1348 accepit
1575 1308 1734 1343 Callisti-ati,
1742 1308 1815 1337 Isau-

1070 1356 1116 1384 riae
1131 1356 1262 1396 episcopi,
1284 1363 1364 1393 atque
1381 1363 1410 1384 ut
1431 1366 1464 1384 ex
1483 1354 1667 1394 Chrysostomi
1687 1364 1814 1393 responso

1070 1402 1147 1441 argui
1161 1413 1238 1442 posse
1250 1401 1374 1436 videtur,
1390 1412 1417 1430 se
1428 1401 1505 1429 illum
1519 1401 1670 1429 invisurum
1684 1400 1764 1428 fuisse
1774 1399 1814 1428 di-

1070 1449 1165 1485 cebat,
1192 1448 1243 1476 nisi
1266 1447 1328 1476 anni
1349 1454 1490 1486 tempestas
1504 1454 1528 1475 et
1548 1447 1650 1475 itineris
1671 1445 1814 1484 longitudo

1071 1495 1225 1523 obfuissent.
1242 1495 1272 1522 In
1287 1494 1396 1533 epistola
1411 1504 1474 1522 vero
1489 1504 1535 1521 sua
1552 1493 1761 1531 Chrysostomus
1774 1491 1814 1520 ait

1072 1552 1148 1580 posse
1163 1540 1232 1569 illud
1247 1540 1288 1568 sui
1308 1539 1440 1568 invisendi
1454 1539 1618 1567 desiderium
1638 1538 1813 1577 epistolarum

1071 1586 1216 1624 frequentia
1232 1585 1413 1624 compensari,
1429 1592 1458 1612 ut
1472 1591 1576 1623 postea,
1594 1594 1656 1612 cum
1673 1590 1814 1622 tempestas

1072 1632 1237 1661 commodior
1248 1639 1325 1667 esset,
1341 1631 1374 1659 de
1387 1641 1528 1669 congressu
1542 1631 1683 1668 cogitetur.

1113 1681 1231 1717 Agapeto
1242 1679 1322 1706 etiam
1337 1687 1405 1705 anno
1417 1677 1476 1705 404
1489 1683 1606 1704 vertente
1620 1675 1736 1714 scripsit,
1752 1674 1814 1703 viro

1072 1724 1196 1753 amicitiae
1215 1723 1330 1752 vinculis
1352 1722 1402 1751 sibi
1423 1721 1654 1762 conjunctissimo,
1672 1727 1814 1760 precatur-

1070 1781 1121 1808 que
1134 1771 1210 1799 illum
1224 1777 1251 1798 ut
1265 1781 1346 1808 quam
1359 1768 1522 1807 frequentius
1536 1767 1631 1807 poterit
1646 1767 1680 1796 de
1699 1777 1747 1795 sua
1761 1778 1814 1796 va-

1071 1817 1189 1845 letudine
1209 1817 1346 1844 certiorem
1367 1826 1394 1843 se
1417 1814 1505 1843 saciat.
1534 1814 1653 1842 Alteram
1677 1823 1741 1842 vero
1761 1813 1813 1852 ipsi

1070 1863 1176 1902 scripsit
1188 1863 1342 1902 epistolam,
1358 1867 1467 1899 rogante
1478 1859 1677 1898 religiosissimo
1690 1859 1749 1887 viro
1763 1859 1815 1888 El-

1071 1909 1145 1948 pidio
1160 1909 1328 1948 presbytero,
1344 1907 1390 1946 qui
1405 1907 1503 1935 montis
1519 1906 1615 1935 Amani
1630 1905 1730 1934 incolas
1744 1915 1815 1944 prae-

1072 1955 1205 1984 dieatione
1219 1966 1267 1983 sua
1278 1954 1312 1983 ad
1325 1954 1406 1982 fidem
1417 1952 1519 1981 Christi
1534 1952 1707 1991 perduxerat,
1723 1951 1815 1990 ibique

1073 2002 1196 2030 ecclesias
1217 2008 1242 2030 et
1256 2000 1415 2029 monasteria
1436 2005 1640 2035 construxerat,
1659 2004 1685 2026 et
1701 1997 1813 2036 Agapeti

1073 2048 1232 2077 sanctissimi
1246 2047 1298 2076 viri
1312 2046 1523 2075 benevolentiam
1537 2044 1589 2072 sibi
1606 2043 1747 2072 conciliare
1759 2050 1814 2072 stu·
1824 2057 1860 2078 154

1073 2095 1162 2124 debat.
1177 2095 1258 2123 Illum
1270 2104 1332 2122 vero
1344 2100 1399 2121 tam
1412 2092 1521 2127 obnixe,
1534 2097 1589 2119 tam
1599 2090 1730 2118 ferventer
1742 2091 1813 2128 Aga-

1073 2148 1132 2180 peto
1148 2139 1316 2169 commendat
1331 2139 1538 2178 Chrysostomus
1548 2159 1555 2173 ,
1571 2143 1601 2164 ut
1615 2135 1683 2164 nihil
1697 2135 1812 2164 dubium

1073 2197 1128 2215 esse
1140 2186 1276 2220 videatur,
1299 2185 1364 2223 quin
1380 2187 1514 2223 Agapetus
1532 2189 1653 2212 sanctum
1669 2182 1746 2210 illum
1760 2181 1811 2210 Ee.-

1073 2233 1157 2261 clesiae
1165 2242 1314 2271 praeconem
1322 2238 1346 2259 et
1353 2230 1449 2259 officiis
1458 2237 1483 2258 et
1491 2229 1663 2258 facultatibus
1670 2228 1725 2256 suis
1731 2237 1813 2266 quan-

1072 2285 1129 2306 tum
1144 2278 1231 2317 potuit
1247 2284 1334 2316 postea
1347 2275 1456 2315 juverit.

1113 2325 1142 2353 In
1157 2323 1275 2363 epistolis
1289 2322 1323 2351 ad
1340 2321 1533 2362 Olympiadem
1548 2321 1638 2349 nullus
1652 2320 1719 2349 ordo
1734 2330 1812 2359 repe-

1072 2372 1158 2407 ritur,
1172 2370 1283 2410 perinde
1298 2377 1376 2408 atquc
1392 2369 1417 2397 in
1433 2369 1534 2397 caeteris
1548 2368 1672 2397 omnibus
1689 2367 1812 2406 Chryso-

1073 2419 1151 2448 stomi
1166 2418 1294 2458 epistolis,
1310 2418 1357 2446 ubi
1372 2417 1445 2445 nulla
1462 2416 1588 2456 temporis
1601 2416 1668 2444 ratio
1682 2421 1813 2450 servatur,

1072 2464 1118 2493 sed
1131 2475 1221 2493 omnes
1233 2463 1388 2500 permixtim
1403 2463 1495 2502 positae
1508 2469 1579 2492 sunt.
1597 2463 1627 2490 In
1639 2461 1750 2501 epistola
1764 2471 1813 2489 au-

1074 2512 1172 2539 temm
1187 2510 1220 2539 ad
1235 2509 1438 2550 Olympiadem,
1452 2520 1479 2548 p.
1492 2510 1560 2542 590,
1574 2508 1641 2537 dicit
1653 2518 1680 2536 se
1688 2509 1745 2546 jam
1762 2514 1815 2535 tres

1073 2557 1199 2596 epistolas
1215 2555 1374 2596 Olympiadi
1390 2555 1502 2588 misisse,
1521 2565 1600 2583 unam
1615 2565 1663 2593 per
1677 2553 1814 2592 praetorios

1073 2603 1171 2632 milites
1182 2626 1189 2640 :
1207 2603 1316 2631 alteram
1332 2613 1379 2641 per
1394 2601 1537 2630 Antonium
1553 2623 1562 2636 ,
1588 2599 1692 2628 tertiam
1707 2610 1754 2638 per
1771 2599 1813 2627 sa—
