1884 2922
632 243 675 265 DE
702 242 731 265 S·

82 300 126 328 καὶ
145 301 315 340 Σαμαρείτης
337 304 550 343 ἐσυκοφαντεῖτο,
570 303 615 338 τὴν
635 305 719 333 κτίσιν
739 304 850 342 ε’κάθαρε

81 347 133 374 τῶν
147 347 277 375 τοσούτων
298 348 342 376 καὶ
357 349 517 385 τηλικούτων
535 351 579 379 καὶ
597 350 849 390 πολυχρονιωτάτων

81 394 171 420 παθῶν
193 394 236 421 καὶ
253 395 421 432 μιασμάτων·
437 396 498 424 ὅταν
518 398 553 428 ὡς
572 397 663 436 κριτὴς
677 397 781 430 ζώντων
801 409 851 425 πα-

759 240 890 265 ,ῘΟΑΝΝΕ
917 241 1097 264 CHRYSOST.

1579 234 1615 267 31
1631 246 1642 267 1

909 305 990 332 meris
1005 303 1117 343 stipatus
1133 303 1289 340 ordinibus,
1304 304 1412 344 quando
1426 305 1546 334 omnium
1558 305 1647 334 domi-

906 356 982 378 nator
993 356 1019 378 et
1035 350 1178 386 dominus,
1195 350 1300 390 quando
1315 351 1404 380 omnia
1420 351 1533 380 horrore
1549 362 1646 381 eoncu-

905 395 1005 424 tientur
1015 402 1040 424 et
1055 403 1185 433 trem0re3
1198 397 1331 435 quomodo
1344 397 1455 426 mutatio
1469 408 1483 425 a
1497 397 1646 436 corruptio·

83 437 222 476 ραγένηται
237 440 281 468 καὶ
299 444 413 479 νεκρῶν,
424 441 486 470 ὅταν
502 442 622 481 μυριάσιν
639 443 755 481 ἀγγέλων
771 444 847 481 δορυτ
867 447 885 469 C
906 451 938 469 ne
948 441 975 469 in
986 441 1212 481 incorruptionem
1223 465 1229 477 ,
1241 453 1293 471 non
1307 441 1432 472 videatur
1441 450 1602 481 consequuta
1616 453 1646 470 ea

80 483 236 523 φορούμενος
259 486 405 524 τάγμασιν,
427 488 489 517 ὅταν
514 488 620 516 πάντων
646 489 777 522 δεσπόζων
805 488 849 517 καὶ

81 528 178 567 κύριος,
189 531 252 558 ὅταν
267 532 354 560 πάντα
368 533 464 572 φρίσσῃ
480 534 524 562 καὶ
539 534 633 572 τρέμῃ·
644 536 699 567 πῶς
713 537 729 569 ᾗ
745 537 774 563 ἐκ
789 537 849 573 φθο-

83 580 129 612 ρᾶς
143 578 178 609 εἰς
192 578 338 616 ἀφθαρσίαν
356 579 489 616 μεταὸολὴ
501 582 529 608 οὗ
544 580 573 608 τὸ
587 583 680 620 ῥᾷστον
695 581 792 620 ἔχουσα
805 592 850 609 κα-

83 623 191 660 θορᾶται
202 623 246 652 καὶ
257 624 286 652 τὸ
298 625 438 654 ἀκόλουθον
449 625 493 654 καὶ
508 626 664 666 θεοπρεπές,

122 667 188 696 Ὅτι
211 670 385 709 παραγίνεται
400 674 412 700 ὃ
427 672 523 711 Σωτὴρ
545 673 776 713 προκηρυττόντων
798 673 850 700 τῶν

85 717 242 754 προφητῶν,
258 716 300 744 ἵνα
323 718 360 755 μή
384 730 422 751 τις
446 718 558 758 νομίσῃ,
574 719 613 747 ὅτι
636 719 733 748 mss&
755 719 850 758 τρόπον

83 760 219 799 ἄνθρωπος
242 765 289 796 τῆς
314 775 393 803 προτ-.
397 776 442 802 ρας
465 764 617 804 διαμαρτὼν
641 764 781 798 επιδουλῆς
806 775 851 792 και

87 806 208 845 βοηθείας
220 808 263 836 ἐπὶ
275 809 397 847 δευτέραν
411 810 533 849 ἔρχεται,
545 810 611 838 οὕτω
624 810 668 839 καὶ
680 813 692 839 ὁ
705 810 781 843 Θεός.
792 809 851 839 Ἵνα

84 855 128 881 οὖν
142 853 178 890 μή
191 865 229 886 τις
243 855 374 894 fimum-fen
388 860 472 891 τοῦτο,
485 856 582 884 ἄνωθεν
598 856 737 895 προέλεγον
750 858 774 884 οι
788 868 851 895 προ-

85 910 166 937 φτται
186 899 234 934 τὴν
256 912 398 940 παρουσιαν
419 913 509 936 αυτου,
525 901 567 930 ἱνα
583 901 710 936 δείξωσιν,
726 902 765 930 ὅτι
785 902 852 934 Θεὸς

86 946 114 972 οὗ
132 945 307 983 σκεπτόμενος
328 947 440 985 εὑρίσκει
459 948 488 976 τὸ
503 948 650 987 συμφέρον,
667 949 724 976 ἀλλ’
742 949 787 976 ἀπ’
804 949 852 988 ἆρ-

87 992 137 1029 χῆς
157 993 275 1030 προεῖδεν
297 992 410 1021 ἅπαντα.
426 992 520 1031 Ἡμεῖς
544 994 590 1032 μὲν
605 994 656 1033 γὰρ
676 996 699 1023 οἱ
720 995 853 1034 ἄνθρωποι

87 1037 270 1074 σκεπτόμεθα,
285 1038 330 1066 καὶ
349 1037 393 1067 ἐὰν
410 1039 585 1078 ἀποτύχωμεν
603 1042 650 1075 τῆς
670 1040 777 1079 πρώτης
792 1041 853 1069 πεί-

88 1092 147 1119 ρας,
164 1082 204 1120 ἐφ’
215 1081 306 1120 ἑτέραν
323 1082 514 1121 μεταδαίνομεν
525 1093 531 1098 ·
542 1086 555 1112 ὁ
569 1083 595 1113 δὲ
609 1084 675 1117 Θεὸς
696 1086 745 1124 οὐχ
759 1085 853 1119 οὕτως,

87 1127 145 1155 ἀλλ’
163 1126 244 1156 ἔδωκε
268 1130 364 1165 νόμον,
390 1129 540 1169 προφήτας,
553 1130 597 1158 καὶ
623 1130 691 1168 μετὰ
715 1133 798 1159 ταῦτα
827 1131 856 1159 τὸ

88 1172 253 1211 εὐαγγέλιον·
268 1174 296 1201 οὐ
311 1175 398 1213 χρόνῳ
417 1174 446 1203 τὸ
464 1175 594 1215 συμφέρον
618 1176 792 1214 μεταμαθὼν,
809 1178 854 1205 ἀπ’

90 1219 174 1257 ἀρχῆς
192 1219 218 1247 δὲ
239 1219 313 1252 εἰδὼς
332 1222 366 1252 ὡς
381 1221 429 1260 οὐχ
443 1217 495 1249 οἶόν
513 1234 541 1250 τε
562 1223 647 1255 ἄλλως
663 1219 694 1258 ἦν
709 1222 757 1258 τὴν
772 1223 856 1251 κτίσιν

87 1264 132 1292 καὶ
147 1265 189 1294 τὸν
205 1267 230 1293 ἐν
246 1267 311 1304 αὐτῇ
328 1267 462 1306 ἄνθρωπον
481 1267 539 1296 οὔτε
551 1268 679 1306 γενέσθαι,
692 1269 750 1298 οὔτε
765 1270 857 1297 παιδα-

88 1313 256 1349 γοογηθῆναι,
272 1312 330 1341 οὔτε
350 1312 381 1340 τὸ
395 1315 442 1346 τῆς
466 1313 612 1352 ἀφθαρσίας
634 1314 737 1352 ἀξίωμα
760 1317 857 1344 ἀναλα-

89 1356 155 1392 δεῖν,
171 1358 192 1385 εἷ
209 1357 245 1394 μὴ
263 1361 321 1387 καθ’
335 1358 362 1388 ὃν
376 1359 471 1398 τρόπον
486 1361 502 1394 ἡ
521 1359 617 1399 ἄφατός
631 1360 741 1400 πρόνοια
755 1361 799 1390 καὶ
811 1373 856 1400 φι-

88 1403 243 1442 λανθρωπία
255 1404 431 1443 ᾤκονόμησεν.

128 1448 193 1477 e‘Ort
219 1450 314 1487 φασὶν,
332 1451 354 1478 εἰ
376 1450 486 1490 προῄδει
510 1451 665 1490 ἆμαρτῆσαι
686 1453 729 1481 τὸν
745 1452 827 1492 Ἀδὰμ
844 1455 857 1482 ὁ

88 1495 165 1530 Θεὸς,
178 1495 204 1523 τί
222 1496 266 1524 καὶ
283 1496 431 1534 προήγαγεν
447 1496 540 1533 αὐτόν;
555 1498 608 1526 Καὶ
629 1499 725 1527 πολλαὶ
742 1500 788 1537 μέν
807 1501 858 1529 εἰοι

90 1541 135 1569 καὶ
146 1541 278 1580 πάγκαλοι
293 1543 368 1571 τοῦδε
381 1545 426 1571 τοῦ
444 1544 615 1582 ἀπορήματος
630 1545 771 1582 ἐπιλύσεις,
786 1546 858 1583 λέγει

89 1586 117 1615 δὲ
139 1583 182 1615 οὖν
208 1588 253 1616 καὶ
270 1591 284 1617 ὁ
299 1588 418 1628 θεόσοφος
431 1589 556 1625 Ἰωάννης
570 1592 583 1618 ὁ
601 1591 801 1629 Χρυσόστομος,
817 1592 857 1620 ὅτι

90 1634 130 1661 Οὐ
143 1637 218 1662 τοῦτο
227 1634 304 1672 μόνον
315 1646 393 1673 φημι,
403 1635 444 1663 οτι
454 1635 551 1674 προῆδε
555 1648 572 1672 ι,
585 1637 642 1665 ἀλλ’
658 1636 697 1665 ὅτι
712 1649 756 1665 και
765 1638 857 1666 πεσόν-

89 1691 122 1707 τα
137 1681 279 1715 ἀναστήσει
295 1681 372 1709 αὐτὸν
388 1681 430 1708 διὰ
445 1683 492 1716 τ’ἧς
506 1682 663 1720 οἰκονομίας.
680 1683 732 1711 Καὶ
744 1695 772 1712 ου
785 1686 857 1723 πρῶ-

89 1734 133 1751 τον
147 1719 198 1751 εἶδε
214 1723 261 1758 τὴν
278 1727 389 1760 πτῶσιν,
402 1726 424 1753 εἰ
439 1725 475 1762 μὴ
488 1727 665 1764 προεπενόησε
678 1727 725 1762 τὴν
740 1728 856 1756 ἀνάστα-

92 1780 142 1798 σιν.
156 1769 268 1812 ''issa‘'
254 1783 293 1799 οτι
318 1775 453 1806 πεσεῖται,
481 1772 548 1800 ἀλλὰ
571 1773 761 1811 προαπεθετο”
770 1774 798 1802 τὸ
811 1786 857 1808 της

91 1816 259 1849 ἀναστάσεως
275 1816 411 1855 φάρμακον
423 1839 432 1853 ,
451 1817 494 1846 καὶ
518 1818 699 1858 συνεχώρησεν
714 1821 750 1852 εἷς
764 1825 856 1858 πεῖραν

89 1863 173 1890 ἐλθεῖν
199 1863 311 1892 Θανάτου
335 1863 376 1891 τὸν
399 1864 549 1902 ἄνθρωπον,
566 1864 608 1892 ἵνα
625 1865 702 1901 μάθοι
721 1865 789 1898 τίνος
810 1866 856 1904 μὲν

92 1908 218 1936 ἀπολαύει
239 1909 271 1936 δι’
285 1909 391 1942 ἑαυτον,
404 1908 472 1940 τίνος
493 1909 520 1937 δὲ
537 1912 568 1947 τῇ
584 1913 629 1938 τοῦ
643 1910 791 1944 πλάσαντος
805 1911 856 1950 χά-

868 1942 903 1960 268

905 497 964 525 quae
980 488 1037 516 Deo
1052 487 1134 527 digna
1150 488 1234 517 sunt?
1250 501 1264 515 u

951 678 965 693 «
989 666 1071 695 Venit
1087 667 1213 697 servator
1228 668 1436 707 praedicentibus
1451 668 1599 707 prophetis,
1618 678 1649 697 ne

909 712 969 750 quis
985 719 1058 750 putet
1071 712 1164 741 eodem
1179 714 1270 749 modo,
1287 724 1339 751 quo
1355 714 1444 751 homo,
1457 726 1470 742 a
1483 715 1571 754 primo
1587 725 1649 754 pro-

908 757 997 796 posito
1014 764 1039 786 et
1053 759 1157 786 auxilio
1176 759 1312 795 aberrans,
1334 759 1369 787 ad
1390 761 1537 788 secundum
1559 760 1650 793 renim

908 803 944 832 ita
960 803 1039 831 etiam
1054 805 1110 832 Deo
1126 811 1283 833 eventurum
1300 815 1364 833 csse.
1380 806 1420 834 Ne
1439 806 1499 843 quis
1518 806 1601 844 igitur
1622 806 1650 835 id

871 859 889 882 1)
907 850 1067 889 suspicetur,
1088 850 1135 879 diu
1157 858 1232 880 antea
1248 851 1386 891 prophetae
1407 852 1481 880 illius
1503 852 1648 881 adventum

907 896 1104 936 praedixerunt,
1119 904 1148 925 ut
1162 897 1339 936 ostenderent,
1357 899 1445 926 Deum
1459 909 1510 927 non
1522 899 1650 927 meditan-

907 941 942 970 do
958 941 1078 971 invenire.
1090 942 1117 970 id
1129 943 1202 981 quod
1214 950 1398 982 opportunum
1411 944 1453 980 sit,
1466 944 1512 972 sed
1524 956 1537 972 a
1550 944 1650 983 priuci-

908 987 953 1027 pio
967 988 1056 1016 omnia
1073 989 1240 1028 praevidisse.
1259 990 1327 1018 Nam
1342 999 1389 1018 nos
1404 990 1513 1028 quidem
1529 990 1650 1019 homiues

910 1034 1081 1071 meditamur,
1100 1042 1126 1063 et
1144 1035 1167 1064 si
1186 1046 1200 1064 a
1222 1035 1307 1074 priori
1321 1043 1418 1064 conatu
1434 1036 1598 1072 aberremus,
1616 1036 1650 1064 ad

909 1081 994 1109 alium
1015 1081 1179 1111 transimus:
1199 1083 1270 1111 Deus
1289 1092 1352 1110 vero
1368 1093 1419 1110 non
1439 1083 1493 1119 sic;
1514 1082 1558 1111 scd
1574 1083 1652 1111 dedit

910 1127 1169 1166 legem,pr0phetas,
1181 1135 1206 1157 et
1217 1135 1306 1168 postea
1323 1129 1510 1167 evangelium;
1526 1140 1578 1158 non
1591 1136 1655 1158 tem-

910 1173 984 1212 poris
1000 1172 1115 1202 decursu
1130 1174 1197 1212 quid
1209 1175 1244 1202 sit
1259 1173 1325 1202 utile
1339 1173 1454 1210 discens,
1470 1175 1516 1204 sed
1529 1175 1563 1204 ab
1577 1175 1653 1204 initio

910 1217 1015 1256 videns,
1030 1230 1081 1247 non
1097 1220 1176 1249 aliter
1192 1221 1310 1260 potuisse
1325 1228 1473 1250 creaturam
1488 1228 1512 1250 et
1525 1222 1552 1250 in
1565 1232 1593 1250 ea
1606 1222 1651 1250 ho-

910 1265 1009 1293 minem
1025 1265 1093 1300 ficri,
1106 1266 1147 1295 vel
1165 1267 1281 1303 institui,
1292 1277 1377 1306 neque.
1389 1268 1597 1308 incorruptionis
1609 1268 1651 1296 di-

876 1322 894 1345 E
912 1311 1040 1349 gnitatem
1062 1313 1193 1351 accipere,
1216 1313 1268 1341 nisi
1289 1324 1319 1342 eo
1339 1314 1420 1342 modo
1439 1325 1493 1352 quo
1509 1314 1653 1344 ineffabilis

912 1356 1082 1397 providentia
1093 1365 1118 1387 et
1134 1358 1287 1387 humanitas
1300 1358 1476 1399 dispensavit.
1490 1372 1504 1387 n

953 1449 994 1487 Si,
1022 1450 1159 1489 inquiunt,
1186 1451 1259 1479 Deus
1282 1450 1409 1490 praevidit
1435 1451 1571 1480 Adamum
1599 1463 1655 1482 esse

912 1503 1095 1535 peccaturum,
1124 1507 1207 1535 quare
1230 1497 1308 1525 illum
1332 1497 1482 1536 produxit?
1504 1499 1540 1526 Et
1561 1498 1652 1526 multm

912 1549 975 1570 sunt
988 1549 1012 1570 et
1027 1542 1215 1581 pulcherrimae
1228 1542 1311 1581 hujus
1323 1542 1400 1572 dubii
1416 1543 1576 1579 solutiones;
1588 1544 1655 1573 dicit

912 1587 1001 1626 itaque
1016 1587 1107 1617 divina
1121 1588 1251 1627 sapientia
1266 1587 1394 1627 praeditus
1407 1590 1522 1618 Joannes
1535 1589 1654 1630 Chryso-

912 1639 1014 1661 stomus
1029 1645 1035 1661 :
1054 1645 1067 1660 «
1083 1634 1142 1662 Non
1162 1641 1265 1662 tantum
1281 1634 1342 1662 dico
1361 1634 1433 1672 quod
1448 1634 1498 1662 hoc
1518 1635 1655 1674 praescive-

912 1679 958 1715 rit,
975 1678 1020 1707 sed
1036 1680 1114 1708 eliam
1130 1679 1202 1717 quod
1217 1680 1322 1719 lapsum
1338 1680 1473 1709 bominem
1487 1692 1534 1720 per
1548 1692 1653 1711 oecono-

877 1738 894 1760 ρ
912 1724 994 1752 miam
1006 1732 1141 1753 erecturus
1154 1732 1229 1754 esset.
1241 1726 1295 1754 Nec
1307 1725 1393 1764 primo
1405 1727 1526 1754 scivisset
1538 1727 1654 1766 lapsum,

912 1770 963 1799 nisi
990 1771 1070 1799 etiam
1091 1771 1269 1810 praescivisset
1294 1772 1521 1801 resurrectionem.
1548 1773 1655 1801 Sciebat

912 1826 973 1845 eum
987 1816 1126 1856 lapsurum
1141 1827 1207 1853 esse,
1225 1818 1270 1845 sed
1286 1817 1486 1846 resurrectionis
1506 1818 1654 1848 remedium

913 1862 1087 1901 praeparavit,
1105 1869 1131 1891 ct
1145 1863 1265 1902 permisit
1282 1863 1417 1892 hominem
1438 1863 1471 1892 ad
1492 1864 1588 1893 mortis
1607 1875 1654 1893 ex-

913 1916 1068 1948 pollentiam
1083 1910 1233 1948 pervenire,
1246 1917 1276 1938 ut
1288 1909 1401 1939 disceret
1413 1911 1478 1949 quid
1496 1922 1545 1950 per
1556 1922 1582 1940 se
1594 1922 1655 1940 con-

91 1965 155 1991 ριτι.
172 1953 251 1994 ’ῌδει
273 1954 433 1991 πεσούμενον
448 1955 490 1982 τὸν
508 1954 605 1992 Ἀδὰμ,
627 1956 685 1984 ἀλλ’
700 1956 807 1985 ἔὸλεπεν
831 1957 856 1990 ἐξ
875 1975 893 1997 Α
911 1962 1077 1992 seque1··‚etui
1098 1955 1165 1992 quid
1184 1966 1231 1994 per
1253 1956 1387 1984 Οιρειῑοι·ἰ5
1411 1956 1533 1994 gratiam
1548 1957 1656 1986 Sciebat

91 2002 139 2027 αὐτ
140 2003 168 2028 οῦ
195 2000 416 2038 προελευσόμενον
445 2000 488 2028 τὸν
515 1999 575 2029 'AG‘-
578 2001 609 2037 λ,
637 2001 681 2030 τὸν
696 2001 791 2038 Ἐνως,
813 2003 856 2032 τὸν

90 2045 198 2084 Ἑνὼχ,
212 2046 256 2073 τὸν
272 2047 347 2081 Νῶε,
367 2046 409 2074 τὸν
425 2045 535 2081 Ἠλίαν,
553 2046 610 2079 τοὺς
626 2047 778 2103 προφήτας,
797 2049 857 2081 τοὺς

92 2091 257 2129 θαυμαστους
281 2092 454 2146 ἀποστόλους,
467 2092 514 2127 τὴν
530 2092 660 2130 εὖγενειαν
677 2105 723 2127 της
743 2093 853 2132 φύσεως,

91 2136 124 2165 τὰ
145 2137 281 2172 θεοκίνητα
302 2139 353 2165 τῶν
370 2137 510 2176 μαρτύρων
526 2138 570 2166 καὶ
590 2138 717 2171 στάζοντα
737 2139 785 2174 τὴν
809 2141 855 2168 εὐ-

93 2182 196 2211 σεὸειαν
221 2194 296 2222 νεφη.
314 2182 433 2212 Ἔὸλεπε
454 2186 550 2219 ταῦτα,
566 2184 612 2212 καὶ
636 2197 686 2213 που
706 2188 737 2220 ἣν
761 2185 854 2219 καλὸν,

92 2240 143 2257 που
159 2228 186 2257 δὲ
202 2228 312 2263 δίκαιον,
326 2232 377 2258 ποῖ
390 2229 416 2258 δε
434 2229 588 2269 Θεοπρεπὲς,
603 2229 669 2269 [ινα]
684 2231 748 2260 διότι
775 2231 856 2268 ἔμελ-

89 2276 133 2304 λεν
154 2278 189 2308 εἷς
212 2275 347 2315 ἄνθρωπος
369 2277 549 2315 ἁμαρτάνειν,
570 2288 659 2306 τουτον
682 2278 719 2317 μὴ
747 2281 854 2317 ἀγαγεῖν

89 2322 118 2348 ἐκ
133 2320 169 2359 μὴ
190 2321 285 2357 ὄντων,
300 2322 345 2350 καὶ
369 2322 499 2351 τοσούτων
527 2324 643 2363 ἀνδρων,
659 2327 694 2352 ὧν
714 2324 771 2353 οὐδε
795 2326 853 2353 καθ’

87 2367 133 2395 ἕνα
161 2366 192 2395 ἄῖ
182 2378 232 2400 ιος
255 2369 269 2396 ὁ
289 2368 404 2405 κόσμος,
428 2369 508 2408 φορὰν
525 2370 669 2409 ἀνακόψαι,
688 2382 732 2398 και
755 2371 855 2410 Οερίσαι

86 2412 225 2452 πρόρριζον
244 2413 292 2448 τὴν
314 2414 443 2449 τοσαύτην
463 2418 508 2443 τοῦ
531 2415 618 2454 γε’νους
643 2415 786 2454 βλάστησιν
811 2416 855 2444 καὶ

87 2458 227 2494 καλλονὴν,
242 2459 285 2487 καὶ
300 2462 358 2488 κατ’
376 2462 456 2495 αὐτῆς
471 2460 610 2499 ἐπαφιέναι
623 2461 669 2497 τὴν
682 2461 794 2499 ἐκτομὴν
811 2463 856 2490 καὶ

88 2504 235 2542 ὀργήν-καὶ
257 2505 315 2533 τότε
331 2509 375 2534 τοῦ
398 2506 446 2540 τὴν
461 2506 592 2546 ἁμαρτίαν
609 2507 715 2547 ὕστερον
734 2508 856 2544 ἑλομένου

89 2549 148 2578 οὔτε
172 2551 343 2589 ἁμαρτόντος,
355 2551 413 2580 οὔτε
430 2552 557 2591 ἁμαρτεῖν
574 2553 795 2591 μεμελετηκότος,
811 2555 857 2583 ἅτε

124 2652 134 2662 ³
153 2644 197 2676 ἷτᾴ
214 2645 467 2679 Bckkerusaddidit.j

911 2000 966 2028 fore
980 2006 1009 2028 ut
1026 1999 1114 2028 Adam
1130 1999 1209 2028 cadet
1211 2007 1250 2037 et
1269 2001 1315 2029 sed
1330 2000 1440 2029 videbat
1452 2012 1486 2030 ex
1502 2002 1549 2030 illo
1561 2002 1654 2041 prodi-

910 2052 983 2074 turos
1002 2055 1057 2073 esse
1073 2045 1148 2081 Abel,
1165 2046 1248 2083 Enos,
1274 2046 1378 2083 Enoch,
1395 2048 1462 2084 Noe,
1479 2047 1578 2084 Etiam,
1590 2058 1654 2087 pro-

911 2091 1014 2130 phetas,
1031 2090 1202 2119 admirandos
1220 2092 1364 2131 apostolos,
1385 2093 1553 2122 nobilitatem
1574 2101 1652 2123 natu-

909 2147 960 2173 roe3
977 2136 1048 2165 vidit
1062 2143 1215 2175 martyrum
1228 2137 1323 2172 nubes,
1341 2137 1472 2167 divinitus
1488 2146 1582 2176 motam,
1596 2139 1652 2179 pie-

910 2189 990 2211 tatem
1004 2182 1174 2211 distillantes.
1197 2183 1276 2212 Vidit
1299 2183 1367 2219 haec,
1387 2191 1412 2213 et
1434 2185 1481 2213 ubi
1501 2192 1555 2214 erat
1570 2185 1651 2215 hone-

909 2236 971 2264 stas,
987 2229 1035 2257 nbi
1047 2229 1164 2268 justitia,
1178 2229 1224 2257 ubi
1240 2240 1308 2268 opus
1324 2231 1378 2259 Deo
1390 2230 1527 2269 dignum?
1542 2242 1574 2260 an
1587 2233 1650 2270 quia

908 2286 977 2304 unus
993 2275 1072 2304 homo
1087 2281 1244 2314 peccaturus
1260 2282 1326 2311 erat,
1346 2286 1380 2304 ex
1395 2276 1482 2305 nihilo
1496 2276 1573 2305 illum
1589 2288 1650 2316 pro-

908 2322 1005 2351 ducere
1023 2332 1073 2350 non
1089 2321 1192 2358 debuit,
1211 2329 1236 2350 et
1254 2329 1292 2350 tot
1311 2322 1460 2358 hominum,
1482 2333 1597 2360 quorum
1618 2334 1651 2353 ne

909 2379 962 2397 uno
977 2367 1086 2406 quidem
1098 2367 1197 2405 dignus
1209 2375 1264 2396 erat
1280 2367 1407 2405 mundusy
1422 2368 1540 2397 fructum
1554 2380 1650 2408 ampu-

873 2425 890 2447 Β
909 2423 964 2445 tare
977 2426 1007 2443 ac
1021 2415 1153 2443 radicitus
1169 2414 1299 2443 demetere
1314 2421 1418 2443 tantum
1433 2415 1535 2453 generis
1553 2415 1649 2444 huma-

910 2462 936 2490 ni
951 2472 1057 2500 germen
1072 2467 1097 2489 et
1110 2467 1308 2498 ornamentum,
1322 2468 1402 2498 atque
1417 2467 1506 2489 contra
1520 2461 1589 2489 illud
1602 2462 1649 2490 im-

911 2507 1015 2536 mittere
1029 2507 1123 2535 falcem
1143 2513 1167 2535 et
1181 2506 1260 2542 iram,
1278 2506 1357 2544 idque
1373 2517 1432 2535 cum
1449 2513 1540 2545 postea
1554 2517 1647 2545 pccca-

911 2561 988 2584 turus
1004 2560 1079 2589 esset,
1100 2564 1130 2581 ac
1145 2552 1264 2582 nondum
1280 2559 1422 2592 peccasset,
1439 2563 1522 2591 neque
1539 2563 1648 2592 peccare
