1884 2922
12 1978 122 2007 Compen-

1 2011 46 2029 iurn
58 2011 122 2031 cliro-

0 2040 113 2067 iologicum

0 2076 88 2092 tstorum
101 2077 121 2093 θ(

455 393 679 427 STILTINGI
699 395 993 432 COMPENDIUM
1009 400 1389 435 CHRONOLOGICUM

159 535 447 581 GESTORUM
478 539 543 581 ET
581 540 920 587 SCRIPTORUM
958 545 995 587 S.
1030 546 1263 590 JOANNIS
1292 548 1689 604 CHRYSOSTOML

315 700 555 726 EXCERPTUM
583 703 634 726 Ex
662 704 776 728 AC‘rts
804 706 1049 730 SANCTORUM
1076 709 1229 732 MENsls
1256 710 1368 734 SEPT.
1397 712 1436 735 T.
1468 713 1519 736 lV.

147 1181 237 1213 Cum
256 1184 334 1225 post
351 1177 661 1213 montfauconium
678 1178 722 1213 de
740 1178 847 1214 rebus
864 1186 898 1214 et
915 1180 1057 1227 scriptis
1069 1179 1313 1227 Chrysostomi
1334 1180 1453 1217 denuo
1465 1182 1682 1231 disputasset

193 1240 379 1288 Stiltingus
393 1241 532 1288 copiose
546 1240 653 1275 simul
670 1247 704 1275 et
717 1240 830 1284 docte,
847 1241 1020 1276 interesse
1035 1241 1177 1277 lectoris
1195 1243 1423 1290 putabamus,
1444 1252 1484 1279 ut
1501 1257 1678 1282 summam

192 1300 300 1348 hujus
319 1301 572 1349 disputationis
592 1301 712 1349 paucis
733 1309 816 1337 ante
833 1303 953 1338 oculos
967 1303 1113 1338 haberet
1136 1304 1343 1350 expositam,
1364 1318 1436 1352 quo
1453 1317 1678 1355 cognosceret

192 1367 231 1401 in
242 1366 374 1413 quibus
385 1366 438 1400 vel
453 1366 694 1401 consentirent
706 1366 760 1401 vel
775 1366 1005 1402 dissentirent
1022 1367 1203 1401 duumviri
1223 1367 1276 1401 illi
1291 1367 1426 1412 eximii,
1442 1376 1475 1403 et
1497 1369 1604 1405 simul
1622 1372 1675 1405 in-

192 1427 307 1476 signia
325 1427 443 1462 Sancti
461 1434 557 1475 gesta
575 1427 775 1475 scriptaque
794 1426 948 1462 breviter
965 1427 1180 1475 perlustrare
1193 1434 1323 1476 posset.
1340 1429 1469 1474 Quare,
1492 1437 1673 1478 tamquam

190 1489 418 1525 corollarium
431 1489 475 1524 ad
495 1489 600 1523 vitam
614 1501 633 1524 a
643 1489 912 1524 Montfauconio
925 1489 1104 1536 scriptam,
1121 1489 1350 1536 repetivimus
1361 1490 1420 1525 hic
1440 1491 1563 1537 quaein
1579 1504 1675 1526 com·

190 1550 364 1598 pendium
384 1550 526 1585 redacta
543 1550 732 1598 Stiltingus
748 1551 823 1598 ipse
841 1551 877 1585 in
901 1551 971 1585 fine
987 1551 1241 1586 Commentarii
1263 1551 1318 1586 sui
1337 1551 1511 1587 exhibuit.
1538 1553 1675 1600 Singu—

189 1612 307 1646 lorum
320 1611 565 1659 probationem
583 1612 645 1659 qui
665 1611 860 1656 desiderat,
879 1611 907 1647 is
925 1613 1176 1647 Commentarii
1195 1613 1436 1660 paragraphos
1454 1620 1488 1649 et
1504 1625 1675 1649 numeros

188 1671 305 1715 adeat,
324 1685 343 1707 a
362 1673 462 1707 nobis
473 1673 608 1720 ubique
619 1673 770 1716 additos,
783 1673 846 1708 ubi
861 1674 920 1708 illa
938 1687 1010 1709 non
1020 1674 1146 1709 ordine
1164 1673 1254 1713 data,
1269 1675 1373 1721 paulo
1389 1674 1567 1710 difficilior
1584 1683 1674 1710 esset

187 1734 347 1769 inventu.
370 1734 610 1769 Indicandum
637 1735 742 1769 etiam
773 1735 994 1778 censuimus,
1015 1748 1086 1782 quo
1112 1736 1191 1771 loco
1221 1735 1386 1770 editionis
1416 1736 1673 1771 Montfauconii

184 1796 333 1843 singulae
357 1796 533 1831 orationes
553 1797 605 1831 vel
623 1796 705 1831 libri
720 1796 935 1843 legerentur.
954 1799 1021 1831 ΤΗ.
1038 1797 1116 1831 ῈΙΧ.

174 1966 250 1995 Circa
265 1975 365 1994 annum
379 1970 431 1994 344
447 1972 526 1993 natus
549 1971 587 1993 est
603 1963 632 1994 S.
651 1965 765 1994 Joannes
785 1963 874 2004 Cliry-

133 2017 274 2040 sostomus.

172 2055 248 2083 Circa
263 2064 362 2082 annum
377 2058 443 2089 369,
455 2052 585 2082 absolutis
595 2052 751 2092 eloquentiae
764 2052 870 2089 studiis,

3 2103 219 2129 ‘iptorumsacras
238 2098 327 2126 literas
341 2097 444 2125 discere
455 2097 558 2136 incipit,
578 2105 724 2137 exponente
737 2098 766 2126 S.
784 2096 869 2124 Mele-

0 2137 28 2153 ite
43 2134 119 2154 diaco-

0 2168 64 2185 itum.

132 2142 168 2170 tio
182 2142 317 2182 episcopo,
334 2141 379 2179 qui
395 2142 524 2170 Joanncm
544 2142 661 2181 baptizat
676 2141 724 2170 illo
739 2148 866 2179 tempore.

130 2186 181 2214 Hie
192 2186 288 2215 deinde
303 2186 386 2214 lector
398 2185 547 2214 ordinatus.

171 2230 248 2258 Circa
272 2230 379 2258 initium
394 2230 455 2258 anni
474 2234 539 2264 372,
562 2229 678 2267 relegato
699 2230 728 2258 S.
744 2228 863 2262 Meletio,

132 2273 340 2312 Chrysostomus
372 2274 512 2311 magistros
540 2273 638 2312 accipit
661 2273 813 2302 Carteriurn
841 2278 867 2300 et

129 2318 279 2346 Diodorum
290 2340 298 2353 ,
312 2318 345 2346 ad
367 2328 481 2355 quorum
503 2317 674 2356 disciplinam
689 2316 784 2345 deinde
802 2328 865 2356 per-

128 2362 210 2389 trahit
224 2361 375 2389 Maximum
389 2367 415 2389 et
427 2361 612 2389 Theodorum.

168 2405 246 2433 Circa
275 2415 377 2433 annum
405 2409 459 2433 373
478 2404 572 2433 scribit
603 2403 658 2432 duo
688 2404 774 2443 prima
795 2414 864 2443 opu-

128 2448 212 2485 scula,
238 2459 282 2477 seu
309 2448 449 2487 epistolam
473 2449 607 2487 geminam
627 2447 661 2477 ad
689 2448 863 2477 Theodorum

126 2492 242 2531 lapsum.

167 2537 243 2565 Circa
259 2546 359 2565 annum
373 2541 426 2565 372
438 2537 550 2566 Sanctus
561 2536 689 2574 quaeritur
707 2535 741 2564 ad
757 2536 861 2575 cpisco-

126 2588 232 2620 p.1tum;
246 2587 271 2609 at
286 2591 312 2609 se
327 2579 482 2609 occultando
496 2580 594 2609 evadit.

965 1964 1021 1993 Sub
1039 1963 1118 1992 finem
1133 1964 1196 1992 anni
1213 1967 1267 1993 374
1281 1970 1326 1993 aut
1341 1964 1447 1993 initium
1461 1964 1523 1993 anni
1538 1969 1593 1994 375
1607 1975 1669 1994 am·

926 2008 1050 2047 plectitur
1063 2008 1147 2036 vitam
1163 2009 1336 2037 monasticam
1352 2009 1379 2037 in
1393 2009 1546 2037 solitudine.

964 2052 1041 2080 Circa
1056 2062 1155 2080 annum
1171 2056 1225 2081 375
1238 2053 1329 2092 scripti
1346 2063 1392 2081 sex
1404 2053 1466 2081 libri
1482 2053 1515 2082 de
1529 2053 1664 2082 Sacerdo-

924 2095 970 2124 tio.
985 2103 1006 2126 Ι.
1022 2099 1083 2124 362.
1096 2095 1137 2124 ed.
1152 2096 1248 2124 Montf.

962 2140 1039 2167 Anno
1063 2143 1116 2168 376
1142 2139 1233 2178 scripti
1257 2145 1311 2168 tres
1331 2139 1396 2169 libri
1416 2139 1546 2169 adversus
1566 2141 1666 2180 Oppu-

922 2190 1043 2222 gnatores
1058 2182 1119 2211 vitae
1131 2183 1291 2211 monasticen.
1304 2190 1324 2211 1.
1340 2187 1385 2212 44.

962 2227 1041 2255 Forte
1057 2236 1108 2255 non
1123 2226 1170 2254 diu
1191 2233 1268 2265 post,
1280 2237 1310 2254 ac
1324 2226 1507 2256 verisimiliter
1521 2227 1548 2256 in
1568 2228 1664 2257 solitu-

921 2270 992 2307 dine,
1021 2270 1119 2309 scripta
1145 2270 1317 2308 Comparatio
1343 2271 1414 2309 regis
1435 2277 1460 2299 et
1481 2271 1617 2300 monachi.
1639 2279 1659 2301 1.

922 2320 934 2342 1
944 2319 985 2343 16.

960 2359 1025 2386 Item
1049 2357 1076 2386 in
1103 2356 1248 2386 solitudine
1277 2356 1393 2397 scriptus
1418 2357 1487 2386 liber
1516 2358 1550 2387 de
1577 2359 1660 2388 Com·

920 2402 1062 2441 punctione
1077 2401 1112 2430 ad
1130 2401 1316 2438 Demetrium3
1339 2409 1399 2441 post
1421 2401 1494 2430 hunc
1510 2412 1573 2431 vero
1593 2402 1662 2431 alter

920 2446 953 2474 de
966 2446 1175 2485 Compunctionc
1190 2445 1223 2474 ad
1240 2445 1414 2476 stelechium.
1433 2453 1452 2475 Ι.
1467 2450 1530 2475 122.

960 2492 1035 2519 Anno
1060 2495 1124 2526 377,
1149 2497 1193 2518 aut
1209 2494 1275 2527 3783
1298 2490 1475 2529 probabiliter
1498 2489 1589 2529 scripti
1607 2495 1661 2519 tres

919 2535 981 2563 libri
1004 2536 1037 2563 ad
1060 2534 1253 2564 consolandum
1269 2534 1417 2573 Stagirium
1440 2543 1659 2573 energumenum.

919 2587 937 2607 Ι.
966 2584 1026 2607 1ἓὶ4.
