1910 2907
594 210 631 231 M
641 209 682 231 §C
712 208 841 230 nntium
869 209 1065 233 ADORNATA.

71 273 134 303 libri
158 273 346 311 attingeremus
366 271 430 300 ordo
447 271 587 310 exigebat,
601 282 631 300 ac
654 271 810 299 doceremus

71 320 198 359 quidhoc
213 319 265 348 sibi
286 319 351 348 velit
371 331 378 347 ε
405 319 537 347 Primum
564 319 680 357 quidem
703 327 811 346 sermo-

72 379 135 397 nem
152 368 282 406 fecimus
300 368 335 395 de
349 368 483 395 omnihus
495 389 503 403 ,
517 377 533 394 ο
555 366 713 405 Theophile
726 388 734 399 ,
747 375 811 404 (711oe

70 415 152 452 coepit
176 415 199 442 J
199 423 262 442 esus
288 414 394 454 facere
419 423 453 441 ae
475 413 588 441 docere.
613 413 810 441 Verumtamen

69 469 120 488 non
136 459 199 488 sinit
220 459 319 488 Paulus
337 465 366 487 nt
383 459 453 487 hanc
469 459 563 487 seriem
577 458 680 487 ordinis
691 468 788 495 sequar
801 480 808 493 ‚

69 505 115 534 scd
129 505 162 533 ad
178 516 205 534 se
219 516 320 543 suaque
334 512 403 533 recte
425 505 491 534 sacta
507 505 627 544 linguam
640 511 758 533 nostram
768 504 809 532 in-

69 551 148 580 vitat.
165 552 252 591 Cupio
272 562 388 590 namque
410 551 501 580 videre
523 551 601 579 illum
626 550 808 579 introductum

68 599 242 633 Damascum,
257 608 308 626 non
319 598 401 626 ferrea
415 604 518 634 catena,
530 597 576 626 sed
590 597 732 626 Dominica
744 607 809 625 voce

68 644 189 672 vinctum
201 656 214 669 υ
226 643 278 672 Hic
291 643 367 671 vides
379 649 438 681 post
455 642 588 671 Homilias
601 642 628 671 in
640 641 808 680 Principium

67 691 198 718 Actorum
214 689 363 717 institutam
378 688 532 717 concionem
552 700 557 715 z
575 688 650 717 vides
673 687 736 716 item
751 688 808 726 ejus

67 742 265 773 argumentum.
286 734 412 763 Habitum
431 734 495 762 item
512 734 581 762 hanc
596 757 602 769 ,
616 733 649 761 de
668 744 719 771 qua
737 743 808 760 nunc

66 780 189 819 agimus,
206 787 348 818 antequam
362 787 467 819 tempus
482 779 608 808 Paschale
623 778 786 807 dilaberetur
797 801 806 816 ,

67 833 158 866 aperte
171 833 259 855 narrat
275 836 348 854 num.
359 827 378 854 4
392 837 398 853 z
416 838 429 852 α
443 827 512 854 Nam
527 826 549 853 si
563 848 569 861 ‚
582 825 647 853 dum
661 825 745 853 solam
760 835 809 852 vo-

66 872 108 900 bis
124 873 182 908 (ait)
198 872 397 912 inscriptionem
413 871 529 910 legimus
544 878 568 899 et
586 881 755 906 enarramus,
766 869 809 897 di-

67 918 182 946 midium
195 917 371 947 solemnitatis
385 917 596 951 consumsimus;
614 917 635 944 si
649 916 682 944 ab
696 915 807 944 exordio

66 963 144 992 initio
157 963 226 992 [acto
241 965 267 992 in
279 965 369 1002 ipsum
390 963 454 991 libri
475 962 585 1001 pelagus
597 962 744 990 orationem
756 961 809 990 im-

66 1008 171 1037 mittere
191 1008 362 1047 coepissemus
375 1030 383 1044 ,
394 1014 522 1046 quantum
538 1017 642 1045 ‚qu-‘nso
655 1030 663 1045 ‚
680 1006 806 1045 temporis

65 1054 287 1093 impendissemus
299 1077 306 1090 ‚
318 1060 347 1082 ut
366 1053 400 1082 ad
415 1054 475 1082 illas
488 1053 522 1081 de
542 1053 626 1082 Paulo
640 1053 806 1081 narrationes

66 1100 267 1139 perveniremus
282 1099 288 1128 ἶ
303 1111 317 1126 ν)
332 1099 368 1127 Et
382 1105 471 1138 postea
492 1110 568 1128 num.
586 1101 603 1128 5
619 1109 672 1129 non
695 1100 806 1128 obscure

66 1146 200 1185 significat
216 1146 293 1175 illam
306 1146 446 1175 homiliam
456 1169 465 1183 7
482 1156 540 1184 quae
557 1146 633 1174 nulla
648 1146 806 1175 intermedia

67 1200 241 1231 praecesserat,
252 1203 307 1221 esse
317 1192 437 1231 quintam
447 1193 472 1220 in
489 1192 656 1231 Principium
669 1194 808 1228 Actorum,

66 1249 92 1266 in
104 1249 156 1276 qua
171 1238 300 1276 quaeritur
314 1248 361 1266 cur
376 1239 440 1266 Acta
457 1238 647 1277 Apostolorum
665 1238 691 1266 in
709 1239 806 1267 Pente-

67 1291 138 1313 coste
157 1285 290 1323 legantur.
313 1283 362 1312 Hic
379 1294 492 1322 namque
515 1291 621 1312 sanctus
634 1283 728 1312 doctor
743 1284 805 1312 talia

68 1332 138 1358 fatur
153 1342 160 1358 :
175 1344 188 1357 α
202 1331 294 1359 Nonne
309 1330 335 1358 in
354 1330 444 1369 priore
466 1330 544 1359 vobis
560 1330 669 1358 collecta
684 1330 807 1359 dicebam

67 1387 96 1405 ea
112 1377 252 1413 miracula,
266 1387 326 1414 quae
341 1386 447 1405 crucem
461 1383 571 1414 sequuta
585 1382 644 1404 sunt
659 1399 665 1410 ,
681 1376 714 1404 iis
724 1377 806 1415 majo-

68 1434 96 1451 ra
108 1446 116 1459 ,
132 1433 190 1461 quae
205 1423 291 1462 ipsam
312 1428 498 1461 praecesserant
513 1421 666 1449 exstitisse?
680 1432 766 1450 nonne
780 1421 808 1450 id

67 1468 170 1497 ostendi
184 1468 262 1497 vohis
276 1475 301 1497 et
315 1478 349 1496 ex
369 1467 508 1495 miraculis
523 1475 548 1495 et
562 1478 595 1495 ex
610 1467 807 1506 discipulorum

66 1515 250 1545 benevolentia
269 1521 319 1551 ;et
334 1524 386 1552 qno
406 1520 482 1553 pacto
497 1520 572 1542 antea
594 1513 702 1551 quidem
725 1513 808 1542 Chri-

66 1567 122 1589 stus
135 1561 269 1600 imperans
282 1567 400 1588 mortuos
408 1559 562 1596 suscitabat,
570 1565 660 1598 postea
676 1570 737 1588 vero
753 1570 809 1588 ser-

27 1615 29 1617 '
65 1619 163 1637 vorum
175 1608 336 1648 ejusnmbra
347 1607 466 1647 idipsum
480 1607 622 1646 praestabat
633 1608 724 1635 »?etc.
741 1609 809 1644 Qum

66 1654 155 1683 omnia
169 1654 266 1682 diserte
286 1660 428 1682 narrantur
442 1653 468 1681 in
481 1653 527 1681 illa
544 1653 637 1692 quinta
650 1653 762 1682 homilia
778 1654 809 1682 in

67 1699 232 1739 Principium
248 1701 376 1728 Actorum
388 1709 463 1727 num.
475 1700 502 1727 7'.
516 1699 569 1734 Qui
584 1710 648 1727 vero
663 1699 809 1728 fuerintilli

65 1745 198 1785 πρόεδροι,
208 1745 264 1774 sive
279 1745 416 1785 praesides,
431 1744 476 1783 qui
491 1752 548 1773 tum
562 1745 587 1773 in
608 1745 702 1784 hujus,
714 1751 771 1773 tum
782 1745 809 1774 in

66 1791 197 1829 sequentis
210 1791 326 1820 homiliae
338 1791 390 1819 fine
403 1797 594 1827 memorantur,
604 1790 647 1818 hic
656 1790 809 1829 disquiren-

65 1837 140 1866 dum.
158 1838 286 1867 Praesules
299 1838 392 1876 ntique
411 1838 537 1876 illos,qui
549 1838 622 1867 hisce
635 1838 808 1867 concionibus

67 1884 179 1913 aderant
190 1907 197 1919 ‚
212 1895 264 1912 non
283 1884 348 1912 alios
371 1885 450 1912 fuisse
466 1891 549 1923 puto,
571 1895 652 1922 quam
669 1885 807 1924 episcopos

19 1945 56 1964 120
68 1931 170 1960 vicinos
193 1931 280 1970 Syrico
306 1933 349 1960 vel
371 1931 531 1968 Phccnicioe,
546 1931 591 1969 qui
617 1932 682 1959 alibi
703 1943 808 1970 quoque

68 1976 253 2015 Cbrysostomi
264 1976 383 2005 concioni
399 1976 549 2005 interfuisse
563 1984 744 2005 memorantur
758 2000 765 2013 ,
779 1984 807 2006 ut

67 2022 230 2051 videbimus.
244 2022 312 2050 Cum
324 2023 394 2051 enim
406 2022 548 2050 Antiochia
564 2022 718 2061 metropolis
731 2029 807 2057 esset,

67 2067 134 2096 nihil
145 2067 258 2096 dubium
275 2075 313 2096 est
331 2068 396 2106 quin
414 2067 600 2107 episcoporum
616 2068 695 2096 multi
711 2069 806 2097 vicinae

67 2113 198 2151 1egionis‚
212 2114 268 2142 sive
288 2113 458 2152 negotiorum
477 2124 555 2141 causa
568 2136 576 2147 ,
592 2114 648 2141 sive
674 2113 806 2142 desiderio

67 2157 193 2187 audiendi
208 2159 405 2198 Chrysostomi‚
415 2160 490 2198 cujus
500 2159 656 2197 eloquentia‘
673 2160 741 2188 sama
758 2170 806 2188 vo-

67 2203 181 2240 labax‚in
191 2206 361 2244 metropolim
374 2216 450 2234 suam
463 2215 490 2233 sc
501 2206 658 2234 conferrent.

105 2250 156 2278 Die
169 2250 319 2288 insequente
327 2251 519 2290 posthabitam
531 2252 683 2280 concionem
693 2251 719 2279 in
727 2251 805 2288 illud,

65 2297 180 2326 Paulus
198 2304 295 2325 autem
319 2298 416 2325 adhuc
441 2299 553 2336 spirans
575 2300 737 2330 urinarum,
751 2304 803 2327 ete.

65 2342 140 2370 illam
153 2343 304 2370 concionem
318 2342 424 2379 habuit,
441 2353 499 2381 quce
513 2343 679 2377 inscribitur,
697 2344 733 2371 de
745 2344 803 2371 No-

66 2390 173 2416 minum
185 2390 354 2417 titulatione.
368 2388 449 2426 Qnod
463 2396 651 2427 argumentum
668 2389 714 2416 illc
728 2389 753 2416 in
770 2388 804 2416 si—

65 2445 97 2463 ne
120 2434 292 2474 praecedentis
313 2434 428 2463 homiliae
444 2442 558 2474 cccperat
571 2457 577 2471 ,
598 2436 646 2463 hac
668 2436 802 2474 proposita

64 2481 215 2519 quastione,
231 2491 279 2509 cur
293 2481 386 2516 Paulo,
399 2491 445 2509 cur
461 2482 549 2517 Petro,
566 2492 614 2509 cur
628 2482 688 2509 aliis
704 2481 731 2509 in
744 2482 803 2510 Ve-

66 2527 113 2555 teri
127 2528 299 2555 Testamento
316 2534 448 2555 mutatum
470 2538 563 2556 nomen
575 2527 665 2555 suerit.
684 2527 714 2555 ld
732 2527 801 2555 enim

67 2573 121 2611 ipse
136 2579 225 2601 narrat
237 2575 337 2601 nunu-‘2
353 2585 358 2599 :
372 2585 384 2597 ιι
397 2573 486 2610 Neque
500 2573 569 2601 enim
582 2576 590 2590 =‘
603 2573 638 2600 ait
654 2571 705 2607 )‹lc
721 2573 799 2601 rebus

69 2619 218 2649 trivialibus
229 2619 399 2658 qua‘stionctlt
416 2619 545 2647 haimim<
559 2618 592 2647 ho
605 2618 653 2647 lie.
670 2618 715 2647 sed
730 2618 763 2647 sle
777 2629 803 2646 re

1542 214 1553 234 1
1564 202 1607 248 '59

867 282 924 310 quse
938 272 1018 312 ccepit
1028 271 1136 311 quidem
1150 272 1272 302 hesterno
1287 272 1331 302 dic.
1345 273 1459 312 proponi
1472 296 1478 310 ‚
1493 283 1545 303 non
1558 287 1607 315 po-

866 317 918 345 tnit
932 324 1020 346 autem
1035 317 1132 346 solutio
1149 318 1303 355 quaestionis
1318 319 1408 347 assei-ri
1420 342 1427 352 ,
1444 327 1552 358 propter
1562 332 1608 350 eo-

866 373 927 391 rum
938 363 1138 392 multitudinem
1149 364 1318 401 quaesuerant
1328 365 1354 393 in
1367 364 1483 393 medium
1491 366 1606 404 prolata.

866 409 941 444 Quid
962 409 1031 438 illud
1050 421 1130 448 porro
1142 411 1205 439 est?
1220 412 1260 440 De
1275 412 1414 441 nominum
1435 413 1608 452 impositione

865 454 975 492 quaestio
986 462 1050 492 erat,
1063 467 1121 494 quae
1134 457 1205 485 Deus
1217 459 1315 486 sanctis
1327 457 1463 497 imposuit.
1478 473 1488 483 υ
1501 459 1535 487 Et
1547 461 1608 498 qui-

865 500 979 529 busdam
992 502 1153 541 interpositis
1170 514 1176 530 τ
1193 515 1206 529 «
1220 503 1297 531 Pauli
1309 504 1426 532 facinora
1439 515 1547 534 narrare
1560 516 1606 534 cu-

864 547 1018 586 piebamus,
1036 549 1144 587 jamque
1166 548 1284 577 historiae
1308 550 1499 589 attingeramns
1529 562 1608 580 exor-

864 591 949 629 dium,
959 600 983 621 et
995 593 1037 621 his
1049 593 1138 624 verbis
1151 601 1309 633 conceptum
1327 597 1485 626 narrationis
1498 597 1607 626 initium

869 638 1034 668 invenimus:
1048 640 1155 668 Saulus
1168 647 1264 669 autem
1277 642 1372 670 adhuc
1383 645 1499 679 spirans
1514 646 1609 673 minas

868 691 894 712 ct
910 685 1016 712 coedem
1028 687 1058 713 in
1070 686 1229 724 discipulos
1244 688 1375 722 Domini,
1392 689 1518 718 continuo
1530 690 1608 718 turba

867 730 906 759 vit
918 740 964 758 nos
981 731 1094 759 mutatio
1113 732 1228 759 nominis
1239 744 1252 757 n
1265 744 1270 760 :
1284 739 1308 761 et
1323 740 1415 762 caetera
1426 734 1458 762 de
1470 736 1607 764 nominum

869 776 1015 805 mutatione
1027 799 1036 813 7
1050 787 1109 814 quae
1123 777 1246 816 pluribus
1262 778 1308 806 ille
1324 780 1495 818 prosequitur
1510 793 1515 808 ε
1531 781 1568 809 ita
1580 789 1607 810 ut

866 821 924 851 baec
939 822 1030 850 concio
1042 823 1076 850 sit
1087 833 1134 851 ceu
1150 824 1372 862 complementum
1386 826 1566 864 praeccdentis.

907 868 982 896 Hanc
996 868 1137 896 homiliam
1161 877 1291 908 sequutus
1307 877 1344 898 cst
1362 882 1450 899 sermo
1465 895 1472 909 ,
1488 873 1535 910 qui
1550 881 1609 912 post

866 914 999 942 Homilias
1012 914 1040 942 in
1059 915 1184 944 Genesim
1204 926 1288 944 nonus
1303 924 1458 946 numeratur
1468 941 1477 953 ,
1492 919 1537 947 ubi
1549 919 1608 948 duae

866 960 920 988 issae
936 959 969 988 de
984 960 1082 998 quibus
1103 961 1182 990 modo
1197 962 1299 1000 egimus
1323 963 1441 992 homiliae
1458 975 1609 994 memoran-

867 1012 920 1041 tur,
933 1013 959 1034 ct
974 1005 1009 1035 de
1020 1007 1171 1036 Mutatione
1181 1008 1297 1036 nominis
1308 1008 1432 1045 Abrahae,
1442 1010 1528 1048 deque
1542 1011 1609 1039 alio-

866 1062 926 1080 rum
945 1052 1084 1080 nominum
1103 1053 1284 1092 propriorum,
1296 1065 1354 1093 quae
1367 1055 1394 1083 in
1402 1056 1495 1085 Veteri
1516 1057 1610 1086 Testa-

866 1105 954 1126 mento
973 1106 1035 1127 sunt
1046 1121 1053 1134 ‚
1067 1099 1262 1137 significatione
1277 1107 1414 1129 tractatur.
1434 1103 1464 1131 In
1484 1102 1535 1132 hoc
1550 1114 1607 1132 ser-

866 1153 943 1172 mone
953 1167 961 1181 ,
978 1144 1090 1183 perinde
1101 1152 1181 1184 atque
1194 1146 1220 1174 in
1236 1146 1446 1186 praecedentibus
1465 1149 1585 1179 homiliis
1599 1175 1606 1188 ‚

865 1191 946 1228 longo
960 1190 1089 1229 prooemio
1104 1202 1167 1220 usus
1179 1200 1217 1221 est
1229 1193 1448 1233 Chrysostomus.
1464 1195 1532 1223 Hinc
1542 1207 1609 1234 que-

865 1236 986 1266 rimoniae
999 1237 1092 1276 populi
1105 1239 1262 1268 Antiocheni
1274 1262 1282 1276 ,
1292 1240 1327 1268 ob
1340 1241 1451 1269 nimiam
1465 1243 1609 1280 prooemio-

866 1294 927 1312 rum
947 1284 1138 1323 prolixitatem.
1163 1286 1247 1324 Cujus
1262 1287 1434 1324 querimoniae
1457 1289 1606 1326 occasione,

865 1330 957 1368 paucis
972 1330 1069 1370 elapsis
1081 1331 1176 1359 diebus
1191 1331 1266 1360 illam
1278 1331 1311 1360 de
1324 1332 1440 1361 serendis
1454 1334 1607 1372 Reprehen-

865 1374 986 1404 sionibus
997 1376 1137 1404 homiliam
1150 1377 1244 1405 hahuit
1254 1400 1262 1414 ‚⁷
1279 1387 1361 1415 quam
1376 1388 1423 1407 nos
1434 1379 1461 1407 in
1477 1379 1543 1407 serie
1554 1379 1606 1408 ho-

866 1421 1004 1450 miliarum
1026 1422 1060 1450 de
1078 1423 1227 1450 Nominum
1246 1423 1391 1452 mutatione
1404 1425 1509 1453 tertiam
1524 1425 1605 1464 poni-

866 1477 936 1501 mus,
950 1467 1013 1505 quia
1034 1468 1090 1507 ipsa
1112 1468 1174 1496 licet
1198 1468 1225 1496 in
1250 1469 1324 1507 prius
1348 1468 1428 1497 editis
1443 1469 1571 1498 distracta
1582 1477 1608 1499 et

866 1513 959 1551 procul
974 1513 1008 1541 ab
1021 1513 1080 1543 aliis
1092 1514 1175 1553 posita
1190 1537 1196 1547 ‚
1214 1525 1269 1543 sese
1279 1515 1369 1553 prodit
1384 1514 1434 1543 hoc
1449 1515 1542 1544 ordine
1556 1527 1605 1555 po-

865 1559 979 1588 nendam
991 1571 1046 1589 esse
1062 1571 1134 1589 num.
1147 1563 1165 1590 5
1179 1561 1222 1589 his
1237 1561 1327 1590 verbis
1345 1572 1351 1589 ι
1370 1574 1383 1588 «
1398 1562 1439 1590 De
1458 1562 1542 1591 Panlo
1558 1573 1608 1590 au-

867 1613 918 1634 tem
932 1617 1017 1634 sermo
1031 1606 1107 1635 nohis
1123 1617 1208 1646 nuper
1222 1614 1276 1635 erat
1288 1629 1295 1644 ‚
1312 1606 1421 1645 quando
1434 1607 1468 1636 dc
1486 1608 1607 1636 nomini-

866 1651 917 1680 hus
929 1651 1139 1687 disserebamus,
1153 1653 1390 1691 quaerebamusque
1401 1664 1449 1681 cur
1464 1653 1607 1692 aliquando

866 1698 974 1732 Saulus,
991 1705 1080 1738 postea
1096 1709 1158 1727 vero
1180 1699 1280 1727 Paulus
1305 1706 1415 1728 vocatus
1431 1700 1521 1729 suerit.
1542 1700 1608 1729 Inde

866 1754 930 1772 vero
941 1744 1055 1783 digressi
1070 1755 1163 1773 sumus
1178 1744 1211 1773 ad
1225 1752 1339 1773 veterem
1354 1745 1503 1783 historiam,
1517 1756 1608 1775 omnes

866 1790 910 1828 qui
923 1790 973 1818 alia
986 1791 1093 1819 nomina
1110 1790 1259 1819 habuerant
1274 1790 1522 1819 examinavimus.»
1544 1792 1605 1819 Per-

865 1837 903 1875 git
918 1837 996 1866 etiam
1013 1837 1040 1865 in
1055 1837 1105 1866 hac
1119 1837 1252 1872 concione,
1268 1848 1298 1865 ac
1309 1837 1435 1875 disquirit
1449 1848 1497 1865 cur
1523 1837 1607 1866 Paulo

866 1894 961 1911 nomen
972 1890 1105 1912 mutatum
1114 1883 1160 1919 sit,
1172 1890 1197 1911 et
1206 1893 1252 1910 cur
1262 1893 1312 1911 non
1328 1883 1417 1910 statim
1429 1883 1464 1910 ab
1477 1883 1534 1921 ejus
1541 1893 1608 1911 con-

866 1929 986 1957 versione
1002 1941 1008 1955 :
1021 1929 1067 1957 sed
1080 1939 1132 1956 non
1150 1929 1255 1957 modico
1270 1935 1327 1967 post
1344 1928 1417 1956 illam
1433 1935 1550 1967 tempore
1565 1939 1608 1956 cx-

866 1975 935 2013 ccpit
952 1974 1063 2002 homilia
1078 1975 1104 2002 in
1120 1974 1200 2011 illud,
1219 1975 1331 2002 Paulus
1342 1980 1475 2007 vocatus,
1490 1974 1515 2002 in
1531 1975 1607 2013 cujus

866 2020 954 2049 medio
978 2020 1050 2048 idem
1076 2020 1164 2059 ipsum
1187 2019 1272 2057 tangit
1295 2026 1481 2055 argumentum
1493 2042 1500 2056 ,
1516 2027 1541 2048 et
1555 2027 1607 2048 tres

868 2068 969 2106 priores
983 2067 1109 2095 homilias
1123 2072 1312 2094 commemorat
1327 2065 1369 2093 his
1383 2065 1472 2093 verbis
1488 2077 1494 2095 ;
1510 2078 1522 2092 α
1538 2066 1605 2094 Nam

866 2114 887 2142 si
904 2112 1092 2147 recordamini,
1107 2119 1159 2141 tres
1170 2112 1288 2150 integros
1303 2111 1360 2139 dics
1371 2112 1404 2139 de
1419 2111 1474 2139 solo
1489 2111 1540 2140 hoc
1555 2122 1606 2140 no-

866 2160 939 2188 minc
955 2158 1112 2187 disseruisse
1123 2168 1166 2186 mc
1180 2158 1253 2186 scitis
1266 2180 1275 2193 ,
1288 2168 1349 2186 cum
1363 2168 1454 2186 causas
1466 2158 1603 2192 afferrem,

865 2206 900 2233 ob
914 2215 980 2243 quas
994 2227 1000 2238 ,
1017 2215 1079 2231 cum
1105 2203 1204 2231 Saulus
1228 2209 1302 2231 antea
1326 2210 1486 2240 vocaretur,
1506 2204 1605 2232 Paulus

864 2251 960 2280 deinde
974 2257 1083 2279 vocatus
1095 2257 1143 2283 est⁷
1156 2256 1180 2277 ct
1195 2259 1274 2287 quam
1287 2249 1321 2277 ob
1334 2260 1388 2277 rem
1405 2260 1456 2277 non
1470 2250 1559 2278 statim
1570 2250 1603 2277 ad

864 2297 945 2325 fidem
958 2306 1101 2325 conversus
1116 2295 1185 2323 hanc
1201 2295 1407 2334 appellationem
1424 2296 1541 2335 accepit,
1558 2296 1603 2324 scd

864 2343 899 2371 ad
915 2343 1030 2371 multum
1044 2349 1148 2380 tempus
1163 2352 1258 2370 nomen
1275 2342 1396 2379 retinnit,
1411 2343 1481 2380 quod
1498 2342 1537 2370 illi
1552 2353 1602 2381 pa—

863 2396 949 2418 rentes
962 2389 1172 2427 imposuerant.»
1181 2388 1289 2424 Quibus
1302 2395 1354 2417 tres
1366 2388 1445 2417 hasce
1460 2388 1561 2427 priores
1570 2388 1602 2417 dc

864 2435 1008 2465 Nominum
1023 2434 1169 2463 mutatione
1185 2434 1309 2463 homilias
1325 2435 1359 2462 ita
1373 2434 1469 2463 diserte
1483 2445 1601 2463 comme-

863 2488 948 2510 morat
961 2504 968 2518 ,
984 2487 1013 2509 ut
1040 2480 1114 2509 nulla
1140 2480 1253 2520 supersit
1277 2479 1419 2508 adversum
1447 2480 1600 2519 suspicandi

863 2538 951 2556 causa.
968 2527 1014 2555 Hae
1030 2537 1110 2567 porro
1130 2534 1245 2564 quatuor
1259 2526 1376 2560 homilire
1389 2527 1415 2554 in
1432 2527 1507 2565 prins
1522 2525 1600 2555 editis

863 2573 898 2600 ita
913 2571 1056 2608 distractae,
1073 2578 1108 2603 ct,
1128 2578 1154 2600 ut
1169 2571 1203 2600 ita
1214 2571 1312 2605 dicam,
1327 2571 1461 2609 dissipata*
1474 2576 1558 2602 erant,
1571 2577 1598 2597 ut

862 2615 966 2645 nonnisi
984 2626 1044 2645 cum
1061 2615 1159 2654 ingenti
1185 2615 1274 2643 labor(—
1295 2622 1379 2654 posset
1406 2625 1495 2644 ‹un-nm
1520 2613 1599 2641 series

1621 881 1639 901 Τ
1654 880 1664 910 t
1680 881 1760 911 ime:-
