1884 2922
723 208 823 230 INDEX

79 271 174 300 diebus
188 271 308 310 pretiosa}
330 276 431 305 vestes,
447 279 535 298 mensa
552 269 661 309 opipara
677 281 691 298 a
710 270 821 308 quibus-

79 316 141 344 dam
156 321 327 354 usurpantur.
340 321 360 344 I.
374 319 434 343 612.
456 326 479 342 n.
495 315 604 343 Festum
619 315 819 343 comessationis

78 367 103 388 et
118 359 253 388 ebrietatis
265 366 303 387 est
317 359 413 387 festum
428 360 543 388 Satanan
565 367 585 388 I.
604 364 668 389 866.
686 370 712 389 c.
734 359 820 388 Festis

80 403 195 431 maxime
218 402 314 431 diebus
341 403 377 431 ab
404 402 531 430 ebrietate
555 402 754 431 abstinendum.
783 410 817 431 11.

80 452 146 475 798.
164 458 190 475 C.

120 491 190 519 Festi
213 491 269 519 dics
289 490 425 529 quomodo
447 489 610 520 celebrandi.
637 497 671 520 Χ.
697 495 762 519 291.
790 502 805 518 Λ

80 536 219 564 Festoruin
231 542 341 563 ornatus
352 535 420 563 veri.
435 541 480 563 IV.
492 539 559 563 857.
573 545 598 564 n.
612 534 720 563 Festum
736 534 822 562 maxi-

80 590 154 608 mum
166 580 326 608 conscientza
338 579 417 608 bona.
435 585 480 608 IV.
493 583 558 607 857.
575 589 602 608 c.

120 625 210 652 Festa
224 634 275 652 sex
287 627 317 651 in
330 624 473 651 Ecclesia.
484 629 508 651 1.
523 623 672 651 Nativilas
686 623 818 651 Domini.

81 669 295 707 2.E'piphania.
305 673 320 695 3
340 669 444 695 Passio
451 668 508 695 sive
522 667 583 694 dies
596 676 652 704 quo
663 668 742 694 cruci
753 667 821 705 affi—

80 723 135 741 oeus
151 719 203 741 est.
222 717 250 741 4.
271 713 462 740 Restm-roano.
482 715 507 739 5.
524 711 680 740 Ascensio.
700 715 727 739 6.
750 711 822 739 Pen-

81 763 197 785 tecoste.
210 763 254 784 III.
265 761 328 785 946.
343 767 370 783 c.
384 760 449 784 947.
467 755 622 783 Γεςῑίι·ἰίας
632 758 755 791 septima
766 757 820 783 erit

79 801 223 828 secundus
249 800 392 828 advenias
421 800 458 828 D.
481 799 521 827 N.
544 799 575 827 J.
602 799 635 828 C.
656 801 706 838 qui
723 799 823 826 reddet

81 847 236 884 unicuique
253 845 413 873 secundum
433 853 521 881 opera
539 853 603 872 sua.
632 850 679 872 III.
703 848 768 872 947.
794 853 821 870 D.

120 888 240 916 Finems
254 887 313 925 quis
328 897 389 915 vere
401 886 444 915 sit.
461 894 493 914 II.
508 891 573 914 277.
587 897 612 915 c.
631 886 737 914 Fideles
754 897 820 924 qua-

81 932 118 960 les
133 943 187 960 esse
203 938 332 971 oporteat.
351 938 397 959 ΧΙ.
415 935 478 959 725.
493 931 603 959 D.Vasa
619 931 733 969 pretiosa
745 937 817 958 sunt.

81 983 115 1005 11.
131 980 195 1006 913,
213 986 236 1005 n.
249 975 317 1003 Sunt
328 985 412 1002 unum
425 983 531 1012 corpus.
547 980 594 1002 XI.
607 978 688 1002 8613.

120 1019 222 1048 Fidelis
240 1019 370 1047 officium.
388 1025 446 1046 VII.
463 1022 510 1046 69.
528 1029 553 1045 A.
575 1017 678 1045 Fidelis
699 1023 723 1045 et
739 1017 820 1044 lumi<

79 1074 143 1092 nare
161 1070 187 1091 et
202 1063 240 1091 sal
258 1061 351 1090 mundi
369 1072 426 1090 csse
440 1061 530 1089 debet.
549 1068 607 1091 vu.
628 1066 674 1090 69.
696 1073 722 1089 A.
740 1061 823 1089 Fide-

80 1108 118 1137 les
132 1107 273 1136 concordia
289 1107 443 1145 conjungit,
461 1112 485 1134 et
500 1106 637 1134 caritatem
651 1106 735 1144 ipsam
756 1116 820 1134 con—

79 1153 156 1180 tinet.
174 1159 219 1181 XI.
232 1156 296 1181 255.
308 1161 334 1179 c.
350 1150 485 1179 Fidelium
502 1150 623 1188 priorum
641 1150 744 1178 fervens
762 1156 820 1177 stu-

79 1196 168 1225 dium.
183 1204 243 1225 VII.
267 1201 329 1224 109.
355 1206 380 1224 n.
406 1194 512 1222 Fideles
536 1204 583 1222 eur
605 1205 651 1222 nos
674 1194 821 1222 Christiani

79 1251 217 1269 vocemur.
235 1247 306 1269 vlu.
321 1243 385 1267 165.
403 1250 428 1267 A.
445 1245 491 1267 XI.
509 1243 572 1266 372.
585 1249 610 1267 B.

120 1284 222 1313 Fidelis
248 1291 272 1312 et
300 1283 417 1312 infidelis
443 1281 578 1320 quomodo
610 1281 820 1320 distinguantur.

81 1336 136 1357 vn.
153 1334 198 1357 69.
217 1340 243 1359 c.
261 1336 321 1357 XII.
338 1333 401 1357 579.
421 1338 445 1355 Β.
460 1327 561 1355 Fidelis
576 1337 609 1355 ex
621 1326 684 1354 vitae
698 1326 821 1355 instituto

78 1372 285 1412 dignoscendus.
304 1379 363 1401 vlt.
377 1376 424 1400 69.
438 1384 462 1399 A.
479 1371 584 1399 Fideles
598 1370 724 1398 :erumnis
733 1381 821 1399 neees-

79 1417 149 1445 sario
171 1423 340 1456 premuntur.
360 1423 406 1444 III.
428 1420 491 1444 339.
514 1426 538 1442 A.
560 1420 623 1443 340.
650 1413 754 1442 Fideles
775 1417 820 1453 qui

78 1467 190 1490 mortem
207 1461 312 1494 timent,
328 1459 524 1487 inexcusabiles
541 1466 612 1487 sunt.
630 1465 689 1487 VII.
707 1463 773 1490 408,
790 1471 817 1488 Α,

118 1504 254 1532 Fidelium
280 1504 350 1532 bona
373 1514 441 1541 quse.
468 1510 513 1532 IX.
543 1508 607 1532 442.
634 1514 660 1530 A.
683 1501 819 1531 Fidelium

78 1555 177 1586 quanta
199 1554 306 1587 geratur
319 1547 498 1586 providentia.
517 1553 576 1575 vn.
600 1551 662 1575 827.
683 1557 709 1577 E.
736 1546 819 1575 Fide-

79 1592 130 1620 lem
153 1603 201 1621 nec
219 1593 299 1620 homo
314 1602 362 1619 nec
384 1590 487 1619 daemon
508 1590 603 1619 leedere
625 1597 746 1630 possunt.
771 1598 816 1620 IX.

78 1641 144 1666 (358.
162 1647 188 1665 c.

118 1680 271 1708 Fidelihus
286 1691 345 1708 non
356 1685 560 1719 proponuntur
576 1680 673 1717 signa,
690 1680 741 1707 sed
757 1680 820 1719 inst-

77 1725 202 1752 delilms.
226 1731 271 1752 III.
294 1729 359 1753 991.
384 1735 410 1753 A.
437 1724 554 1752 Fideles
579 1729 645 1751 sunt
664 1734 733 1762 pars
754 1725 823 1759 Dei,

78 1770 157 1796 Deus
172 1768 444 1806 estparsfitlelium.
462 1774 531 1795 VIII.
546 1771 608 1795 926.
626 1778 649 1794 B.

119 1812 214 1840 Fmes.
239 1811 299 1840 Haec
315 1822 369 1839 vox
385 1811 467 1839 variis
488 1810 575 1839 modis
598 1810 740 1849 accipitur.
758 1819 816 1840 XII.

79 1860 144 1884 337.
175 1865 202 1884 e.
229 1855 372 1894 Duplieem
399 1855 479 1882 habet
507 1854 743 1893 significationem.
771 1863 817 1884 III.

79 1903 142 1927 315.
161 1899 237 1927 Fidei
257 1898 390 1926 definitio.
407 1905 453 1927 IV.
471 1903 535 1926 429.
553 1909 579 1926 c.
600 1897 680 1926 Fides
696 1909 756 1926 cum
771 1900 820 1928 ba-

77 1943 139 1971 culo
155 1949 318 1982 comparata.
338 1950 382 1971 III.
406 1947 471 1973 313.
491 1953 519 1971 A.
546 1942 627 1970 Fides
642 1953 703 1971 cum
725 1954 819 1973 ancora

78 1986 185 2015 collata.
202 1993 248 2014 111.
267 1990 331 2014 314.
349 1996 377 2014 o.
398 1993 430 2014 v.
448 1990 512 2014 373.
533 1997 557 2014 B.

118 2030 193 2058 Fidei
207 2030 233 2058 in
244 2030 323 2059 rebus
336 2037 438 2058 naturae
452 2030 519 2059 ordo
531 2029 691 2068 quaerendus
704 2041 755 2059 non
769 2038 817 2059 est.

79 2082 124 2103 111.
141 2079 206 2103 416.
222 2085 247 2102 A.
262 2073 338 2102 Fidei
349 2074 419 2103 oculi
433 2084 485 2103 non
497 2074 614 2102 sentiunt
627 2074 758 2103 visibilia.
774 2082 818 2104 IV.

78 2123 142 2147 267.
157 2129 182 2147 c.

117 2162 184 2190 Fide
199 2161 346 2201 suscipitur
368 2163 527 2191 resurrectio
543 2163 644 2190 sutura.
664 2169 696 2190 V.
713 2168 776 2192 369.
792 2174 818 2192 e.

78 2207 145 2236 Fide
157 2207 210 2236 sola
222 2207 421 2238 Deusvidetur.
436 2215 481 2237 III.
496 2213 559 2237 112.
575 2220 599 2237 B.
616 2207 694 2236 Fides
706 2209 732 2237 in
744 2209 820 2237 Chri-

78 2259 149 2280 stum
164 2262 214 2280 non
230 2252 389 2290 exigebatur
404 2260 463 2280 ante
479 2252 625 2281 adventum
640 2253 753 2281 Christi.
771 2260 817 2283 VI.

79 2300 144 2324 209.
166 2306 192 2324 ε.
214 2295 291 2323 Fidei
306 2295 377 2324 oculi
394 2307 421 2323 ea
438 2296 529 2325 vident
544 2307 603 2334 quse
616 2297 737 2325 Christus
752 2307 821 2335 agc-

79 2340 126 2368 bat
147 2340 258 2375 3Judaei
281 2347 421 2378 przesentes
444 2351 495 2368 non
516 2341 653 2369 videbant.
679 2348 724 2370 Vl.
752 2346 816 2370 330.

79 2394 104 2414 Β.
116 2395 141 2412 c.
155 2383 236 2412 Fides
251 2383 435 2412 invisibilibus
446 2385 526 2412 ctiam
536 2384 670 2413 habenda.
685 2392 744 2415 vit.
757 2390 819 2414 201.

79 2440 103 2457 e.
120 2428 184 2456 Fide
197 2435 310 2466 estopus
325 2427 350 2455 in
366 2428 413 2463 iis,
428 2439 485 2466 quse
500 2429 584 2457 videri
597 2437 816 2467 nequeunt.VIlI.

79 2477 144 2501 382.
159 2483 189 2503 D.
206 2471 287 2500 Fides
296 2482 348 2500 non
361 2483 427 2511 opus
439 2473 519 2501 habet
531 2474 707 2504 visione.V11.
721 2479 818 2504 188.n.

119 2515 194 2544 Fidei
215 2515 374 2544 Christiana:
395 2517 535 2545 veritatem
555 2518 652 2557 probat
668 2518 815 2547 multitudo

80 2560 262 2589 Ecclesiarum
276 2570 322 2599 per
337 2561 439 2590 orbem.
458 2568 478 2589 1.
497 2566 561 2589 682.
577 2572 604 2591 c.
622 2566 684 2591 683.

120 2604 196 2633 Fidei
213 2604 353 2633 certitudo.
371 2612 403 2634 v.
423 2609 466 2633 26.
484 2616 511 2633 n.
528 2605 604 2634 Fides
620 2606 740 2634 omniurn
758 2617 816 2635 ma-

1547 196 1614 232 255

874 271 967 309 gistra.
986 278 1016 300 v.
1041 276 1105 299 371.
1130 283 1153 300 e.
1185 270 1263 299 Fides
1284 276 1356 298 tutus
1372 277 1466 310 portus
1490 278 1540 301 cst.
1566 279 1614 301 IX.

875 319 938 342 433.
956 326 980 343 Λ.
1002 314 1076 343 Fidei
1092 315 1137 352 qui
1152 315 1262 346 liaerent,
1278 320 1332 342 tuta
1349 324 1444 342 ancora
1461 315 1589 353 navigant
1606 326 1612 343 :

876 358 922 395 qni
936 358 970 386 al)
987 358 1032 387 illa
1049 358 1204 387 exciderunt
1218 382 1225 395 ‚
1240 368 1386 396 numquam
1398 358 1541 387 consistere
1556 370 1618 398 pos-

875 408 946 430 sunt.
956 410 1001 432 Xt.
1011 404 1085 431 668⁶.
1099 414 1122 430 F.
1132 404 1182 431 Per
1193 402 1273 430 fidem
1285 409 1354 430 certa
1367 403 1502 441 persuasio
1514 409 1614 433 ‹st.X1.

876 450 938 474 416.
965 457 990 475 r.
1028 447 1108 475 Fides
1130 447 1206 474 firma
1231 446 1313 474 vitam
1337 456 1433 484 puram
1453 447 1533 485 parit.
1555 454 1614 476 XII.

876 494 939 519 131⁴.
959 502 984 518 B.

914 533 994 562 Fides
1008 533 1139 562 ratiocinii
1162 533 1372 562 imbecillitatem
1397 541 1515 573 superat.
1541 542 1612 563 VIII.

878 585 938 607 180.
956 591 982 608 n.
1007 580 1054 608 Est
1070 586 1174 608 scutum
1194 587 1282 618 tegens
1296 590 1354 615 eos,
1369 580 1415 618 qui
1437 581 1493 608 siue
1514 581 1617 609 curiosa

874 624 1066 662 perquisitione
1082 623 1205 652 eredunt.
1230 632 1276 653 XI.
1295 629 1358 652 208.
1377 635 1403 652 A.
1422 624 1496 652 Fidei
1513 625 1619 653 naufra-

874 667 917 705 gia
933 668 1042 706 pariunt
1057 667 1213 704 ratiocinia,
1235 667 1354 705 fidesque
1368 675 1406 696 cst
1425 669 1502 697 navis
1517 669 1618 698 tutissi-

874 722 925 739 ma.
942 718 987 740 XI.
1003 715 1066 739 656.
1080 721 1106 738 E.
1125 710 1205 746 Fide,
1219 721 1270 739 non
1287 712 1425 740 ratiocinio
1441 712 1569 741 utendum
1585 713 1612 740 in

872 754 981 784 divinis.
999 762 1019 783 1.
1038 759 1100 783 555.
1115 766 1138 782 Α.
1156 759 1218 783 563.
1232 765 1260 783 Ι).
1276 755 1352 783 Fidei
1368 766 1408 784 res
1424 757 1617 793 queestionibus

873 810 923 827 non
940 799 1039 827 hahent
1053 809 1128 837 opus.
1149 805 1194 826 XI.
1212 802 1276 826 638.
1295 809 1321 826 E.
1336 800 1403 835 Quae
1416 800 1481 827 sides
1495 801 1614 839 perfecit.

872 843 983 882 qiuestio
1002 842 1106 871 evertit.
1127 848 1171 870 XI.
1189 846 1252 870 639.
1267 852 1291 870 n.
1319 842 1397 870 Fides
1420 849 1460 871 est
1481 844 1613 872 contraria

873 887 1021 916 ratiocinio.
1040 893 1100 916 XII.
1119 890 1184 914 436.
1201 895 1226 913 Β.
1242 885 1301 914 Non
1316 886 1504 915 committenda
1520 887 1620 915 huma-

874 931 914 959 nis
934 930 1092 960 rationibus.
1108 937 1141 958 V.
1158 934 1221 958 373.
1235 940 1259 957 A.
1275 929 1350 958 Fidei
1370 931 1494 968 dogmata
1508 941 1558 959 non
1574 941 1620 959 cu-

873 976 942 1003 riose
953 973 1143 1003 examinanda.
1158 981 1206 1002 IX.
1220 978 1282 1002 486.
1298 985 1319 1001 n.
1336 974 1414 1002 Fides
1425 975 1510 1003 oeulis
1524 975 1619 1003 mentis

874 1019 967 1046 utitur.
984 1025 1028 1046 lv.
1048 1023 1114 1046 703.
1142 1028 1168 1045 A.
1191 1017 1352 1045 Obedientia
1367 1028 1436 1056 opus
1450 1018 1548 1054 hahet,
1566 1029 1617 1047 non

873 1062 1075 1102 perquisitione.
1095 1069 1141 1091 IX.
1155 1067 1221 1091 790.
1239 1073 1264 1090 B.
1278 1061 1346 1090 Fide
1358 1069 1459 1091 tantum
1471 1071 1528 1101 eget
1539 1064 1617 1092 Chri-

873 1108 906 1135 sti
921 1107 1053 1144 doctrina‚
1070 1117 1122 1135 non
1138 1106 1314 1145 syllogismis.
1332 1114 1380 1137 IX.
1397 1112 1462 1135 482.
1483 1118 1509 1136 n.
1525 1107 1619 1136 Ratio-

873 1151 950 1180 ciniis
973 1162 1043 1190 saepe
1067 1151 1252 1180 labefactatur.
1276 1158 1308 1179 X.
1334 1155 1380 1181 27.
1401 1162 1427 1180 Β.
1450 1162 1476 1179 c.
1495 1152 1550 1179 Cur
1565 1162 1616 1179 non

873 1208 963 1226 omnes
984 1197 1107 1225 homines
1129 1196 1259 1224 credant:
1280 1196 1361 1224 fidem
1385 1197 1532 1226 ratiociniis
1556 1208 1617 1236 per-

874 1242 988 1276 mittere,
1005 1248 1132 1280 quantum
1147 1241 1276 1268 damnum
1291 1241 1393 1269 asserat.
1411 1248 1443 1269 X.
1467 1246 1493 1270 2.
1518 1253 1546 1269 1).
1572 1246 1616 1270 55.

874 1297 897 1315 Β.
915 1286 994 1314 Fides
1009 1296 1060 1314 non
1075 1285 1137 1313 sinit
1153 1284 1256 1323 ingredi
1272 1284 1422 1313 ratiocinia.
1448 1293 1494 1314 XI.
1510 1291 1573 1315 417.
1590 1296 1616 1313 Ε.

915 1329 954 1358 Ad
970 1329 1050 1358 fidem
1075 1329 1157 1367 gratia
1170 1328 1324 1358 necessaria.
1353 1335 1385 1356 V.
1411 1333 1475 1358 372.
1497 1340 1524 1358 Ε.
1544 1337 1616 1358 ΠΗ.

874 1379 938 1404 305.
955 1385 978 1402 c.
992 1374 1072 1402 Fides
1082 1383 1132 1401 non
1143 1383 1177 1401 ex
1190 1372 1277 1405 nobis,
1289 1372 1336 1400 sed
1348 1383 1381 1400 ex
1393 1373 1476 1410 gratia
1489 1374 1617 1412 Spiritus.

874 1424 920 1445 111.
938 1422 1003 1446 316.
1020 1428 1045 1445 c.
1072 1416 1151 1445 Fides
1166 1423 1194 1444 ut
1210 1416 1363 1444 inconcussa
1378 1424 1550 1454 permaneat,
1566 1428 1618 1445 au-

874 1461 942 1489 xilio
963 1460 1080 1499 Spiritus
1097 1460 1207 1498 indiget.
1225 1466 1270 1490 111.
1297 1464 1362 1488 320.
1379 1470 1405 1488 c.
1432 1460 1509 1489 Fides
1532 1471 1546 1489 a
1562 1461 1617 1490 vita

874 1506 957 1544 prolia
967 1506 1089 1544 juvatur.
1107 1512 1152 1533 III.
1167 1509 1230 1533 320.
1247 1514 1271 1532 c.
1288 1511 1335 1532 IX.
1355 1509 1419 1533 400.
1438 1516 1462 1532 Λ.
1479 1506 1615 1534 Generosa

873 1560 941 1588 opus
953 1549 1035 1577 habet
1049 1549 1147 1578 anima.
1163 1556 1220 1577 Xll.
1239 1553 1303 1576 287.
1323 1560 1346 1576 n.

914 1593 990 1621 Fidei
1008 1593 1096 1620 unitas
1109 1591 1174 1630 quid
1190 1591 1233 1622 sit,
1259 1599 1305 1620 XI.
1322 1596 1367 1620 96.
1385 1603 1411 1620 E.
1429 1592 1507 1620 Fides
1529 1603 1616 1630 quan-

873 1644 930 1666 tum
946 1637 1055 1666 bonum.
1073 1644 1130 1665 XII.
1151 1641 1214 1664 350.
1231 1646 1255 1663 B.
1272 1640 1337 1664 351.
1354 1637 1405 1665 Res
1423 1643 1460 1665 est
1482 1647 1577 1675 magna
1593 1644 1618 1665 et

873 1681 1009 1709 salutaris.
1027 1688 1086 1709 XII.
1105 1686 1166 1709 100.
1182 1691 1211 1708 D.

913 1725 989 1753 Fidei
1005 1724 1153 1753 necessitas.
1170 1730 1203 1753 V.
1222 1729 1286 1752 370.
1302 1734 1328 1752 D.
1344 1731 1391 1752 IX.
1410 1728 1472 1751 551.
1489 1724 1549 1752 Non
1565 1724 1617 1752 nisi

874 1780 920 1808 per
932 1770 1014 1797 fidem
1026 1769 1099 1796 salus
1114 1768 1260 1796 obtinetur.
1278 1775 1323 1796 IX.
1343 1772 1405 1796 544.
1424 1780 1449 1796 Α.
1470 1767 1535 1796 Fide
1550 1768 1616 1796 ubi-

873 1823 925 1850 que
941 1823 1008 1852 opus
1023 1819 1071 1841 est.
1089 1819 1158 1840 vm.
1181 1816 1244 1840 218.
1263 1822 1291 1839 D.
1316 1812 1396 1839 Fides
1413 1811 1542 1840 bonorum
1559 1822 1620 1840 ma-

873 1863 921 1885 ter.
938 1864 1009 1886 VIII.
1023 1861 1087 1885 218.
1107 1867 1134 1884 D.
1159 1863 1238 1895 caput
1253 1862 1327 1884 estet
1344 1855 1431 1883 radix.
1448 1862 1505 1884 vit.
1518 1860 1618 1884 4236.

874 1900 941 1929 Fide
956 1900 1040 1938 magis
1062 1910 1129 1939 opus
1153 1899 1252 1928 hahent
1276 1899 1420 1928 Christiani
1445 1910 1526 1937 quam
1551 1900 1618 1928 olim

875 1945 974 1975 Judaei.
992 1952 1025 1973 V.
1041 1949 1104 1973 372.
1121 1955 1146 1972 A.
1163 1944 1242 1973 Fides
1258 1951 1326 1972 recta
1341 1951 1366 1972 et
1377 1944 1444 1972 hona
1456 1943 1510 1971 vita
1527 1943 1561 1971 ad
1576 1954 1618 1975 sa-

875 1989 958 2017 lutem
975 1989 1137 2018 necessariae.
1158 1996 1212 2017 VII.
1224 1993 1319 2017 721.Β.
1335 1987 1413 2016 Fides
1436 1987 1550 2026 perfecta
1564 1987 1618 2016 ali-

875 2033 982 2070 quando
994 2044 1055 2061 eum
1068 2033 1121 2061 vita
1136 2033 1266 2071 flagitiosa
1282 2043 1337 2060 esse
1351 2038 1447 2071 potest.
1462 2038 1492 2060 V.
1509 2036 1574 2062 432,
1591 2042 1616 2060 13.

875 2077 955 2105 Fides
967 2084 1036 2106 recta
1053 2087 1112 2105 cum
1128 2077 1218 2115 probis
1235 2077 1365 2105 moribus.
1382 2084 1403 2105 1.
1418 2081 1481 2105 679.
1502 2087 1531 2104 A.

918 2125 992 2154 Fidei
1003 2125 1045 2153 vis
1063 2132 1172 2163 quauta.
1190 2132 1224 2153 X.
1241 2129 1304 2153 834.
1320 2125 1455 2164 Operatur
1470 2122 1615 2163 justitiam.

875 2176 933 2198 XII.
951 2173 1016 2198 300.
1034 2180 1060 2197 1).
1080 2168 1160 2197 Fides
1178 2167 1205 2196 id
1222 2168 1343 2206 praestitit
1358 2167 1430 2206 quod
1445 2168 1490 2196 lex
1504 2178 1555 2196 non
1570 2178 1617 2207 po-

873 2212 934 2241 tuit.
951 2220 996 2241 1x.
1015 2217 1080 2241 534.
1096 2223 1122 2240 ιε.
1139 2216 1202 2242 535.
1215 2211 1258 2240 Ex
1274 2211 1327 2240 fide
1341 2212 1490 2240 salus.vu.
1504 2216 1568 2240 361.
1586 2224 1614 2240 A.

875 2256 942 2285 Inde
954 2258 1038 2285 oritur
1047 2256 1155 2284 fiducia.
1164 2263 1209 2285 IX.
1219 2260 1283 2284 686.
1295 2267 1318 2284 Β.
1328 2256 1407 2284 Fides
1417 2256 1528 2284 alterius
1536 2266 1568 2284 an
1579 2256 1617 2284 al-

874 2301 921 2328 teri
936 2300 1028 2339 prosit.
1040 2305 1169 2329 ΙΙΙ.49,[).
1180 2299 1259 2327 Fides
1269 2300 1324 2327 sine
1335 2299 1403 2328 bona
1417 2300 1470 2327 vita
1484 2310 1534 2327 non
1551 2310 1617 2338 pro-

873 2343 931 2372 dest
942 2344 977 2372 ad
989 2354 1101 2382 regnum
1114 2344 1240 2372 caelorum
1262 2351 1305 2372 III.
1322 2348 1490 2372 286.e.x·11.
1506 2348 1570 2372 339.
1588 2354 1613 2371 (2.

875 2393 939 2416 830.
951 2395 1051 2416 ANIII.
1060 2393 1106 2417 70.
1117 2399 1143 2415 Λ.
1155 2392 1219 2417 572.
1229 2398 1253 2415 13.
1265 2387 1344 2416 Fides
1354 2398 1405 2416 nou
1416 2387 1483 2420 sola,
1495 2387 1541 2415 sed
1556 2397 1617 2415 cum

874 2432 941 2460 bona
957 2432 1009 2460 vita
1026 2431 1180 2470 requiritur.
1199 2439 1219 2460 1.
1238 2436 1284 2463 64,
1302 2443 1329 2462 D.
1348 2431 1426 2460 Fides
1441 2438 1465 2459 et
1479 2431 1613 2469 baptisma

874 2485 927 2504 non
940 2476 1076 2504 sufficiunt
1090 2476 1145 2504 sine
1158 2475 1369 2515 oper-ibiis.VIII.
1383 2479 1427 2504 69.
1439 2486 1463 2503 C.
1474 2474 1554 2503 Fides
1564 2485 1615 2503 non

875 2519 958 2557 nuda,
973 2519 1019 2548 sed
1027 2530 1087 2547 cuni
1101 2519 1226 2558 operibus
1238 2519 1613 2557 requi1·itur.XI.328.n.424.

876 2576 902 2591 A.
912 2563 974 2592 Sine
989 2563 1114 2602 operibus
1124 2563 1210 2601 ligura
1225 2569 1328 2591 tantum
1343 2563 1617 2591 estsinevirtute.X1.

875 2612 941 2637 764.
967 2618 992 2635 e.
1005 2607 1097 2636 ‘Fides
1116 2615 1140 2636 et
1159 2607 1253 2636 caritas
1272 2607 1334 2645 biga
1357 2607 1549 2646 inseparabilis.
1572 2614 1618 2636 XI.

852 208 978 231 RERUM.
