1950 2922
283 206 350 242 186
750 214 778 235 s.
809 211 949 236 JoANNts
976 209 1209 232 cnnvsosrmn
1240 210 1337 239 vrrs,

277 280 446 310 incendisset.
465 278 638 308 Innocentius
657 286 720 305 vero
736 275 791 303 illis
803 272 962 312 respondere
976 271 1017 300 di-

277 335 376 365 guatus
399 337 449 355 non
471 333 518 354 est.
535 326 598 352 Post
622 323 725 359 aliquot
743 321 800 348 dies
816 321 930 348 Romam
945 318 1017 346 venit

277 374 357 402 etiam
371 373 499 411 Cyriacus
514 370 654 409 episcopus
673 379 706 395 ex
722 367 841 402 Oriente,
860 365 954 404 pulsus
972 374 1017 403 per

277 431 335 448 cam
355 419 438 456 legem
452 428 508 454 quie
520 416 627 444 terebat:
637 415 743 453 Siquis
757 423 814 441 non
825 412 1018 440 communicat

277 476 342 494 cum
355 463 521 501 Theophila,
537 462 663 496 Arsacia
670 460 878 497 etl’orpltyrio,
891 457 941 485 ille
951 458 1016 495 qui-

277 513 341 539 dem
356 512 518 548 episcopatu
531 514 674 540 arceatur,
689 506 776 534 simul
788 507 874 532 etiam
888 505 1016 536 mnium,

277 560 301 584 si
312 567 398 595 quam
409 555 594 593 vvisussuerit
612 554 719 581 habere
729 552 920 589 substantiam
931 559 1017 586 pecu-

234 613 269 631 ¹57
279 605 395 630 uiarum
407 607 457 629 aut
471 600 654 639 praediormn.
667 599 729 626 Post
746 596 890 636 Cyriacum
909 595 1019 623 advenit

278 646 418 685 Eulysius,
435 652 458 673 et
472 644 517 672 alii
532 643 687 682 quoque,de
702 641 800 680 quibus
816 641 882 668 infra
897 639 1018 668 narrabi-

277 702 337 720 mus
358 703 364 719 τ
382 701 443 720 nam
460 690 590 729 Cyriacus
602 688 706 718 nonnisi
722 698 791 716 anno
808 688 866 715 405
881 686 1019 714 advenisse

277 737 374 777 potuit.
401 739 469 765 Ante
491 736 681 776 prosectionem
707 745 770 763 vero
790 744 865 762 suam
884 733 1019 771 aliquanto

277 791 396 823 tempore
410 781 642 821 Constantinopoli
656 780 754 809 occulti
773 789 904 808 mansere.

174 832 270 853 Honorii
318 830 377 858 Hoc
395 829 454 868 ipso
476 838 545 856 anno
567 828 641 862 404,
656 837 704 854 nec
724 826 810 854 multo
832 831 890 864 post
910 823 1020 863 pulsum

127 863 250 916 Ἇᾞξζᾱζέω
279 877 424 911 Joannem,
445 873 580 902 Honorius
592 896 599 909 ,
614 872 767 902 Occidentis
788 872 954 910 Imperator,
971 871 1020 897 Ar-

128 925 208 946 luerae.
285 922 362 950 cadio
372 921 446 950 fratri
460 932 507 949 suo
519 920 639 958 scripsit,
648 929 677 947 ac
686 929 712 947 se
721 928 804 956 nuper
813 917 945 956 accepisse
954 915 1021 944 dicit

155 968 268 1008 (Ἷὶΐῖςῦῖῑ-
279 967 306 995 in
320 967 364 995 die
374 968 403 996 S.
418 967 527 995 Paschae
538 989 544 1001 ‚
560 966 663 993 clausas
677 964 767 992 subito
778 964 860 992 fuisse
872 962 1020 991 Catholicas

129 997 175 1021 “3'
204 998 416 1050 '5²⁴'ecclesias,
434 1019 520 1041 trusos
535 1012 561 1040 in
579 1011 727 1040 custodiam
749 1009 916 1045 sacerdotes,
931 1009 1021 1037 onmia

278 1060 408 1088 bellicum
423 1060 450 1087 in
465 1059 575 1087 modum
598 1058 702 1086 turbata
718 1056 863 1095 mysteria,
879 1056 1021 1084 nonnullos

279 1107 306 1134 in
321 1106 387 1146 ipsis
408 1106 524 1134 ecclesiae
544 1104 666 1133 sacrariis
683 1103 838 1132 interemtos
856 1102 937 1130 fuisse
948 1125 955 1137 ,
969 1102 1022 1140 epi-

279 1163 426 1192 scoposque
447 1151 473 1179 in
493 1150 618 1179 exsilium
633 1150 736 1189 pulsos.
754 1151 785 1178 In
801 1149 858 1176 haec
874 1155 961 1176 autem
977 1148 1022 1176 ille

279 1198 477 1227 vehementiore
498 1196 569 1236 stylo
581 1219 588 1232 ,
604 1203 633 1223 ut
647 1206 696 1234 par
711 1202 766 1224 erat
777 1217 784 1229 ‚
800 1194 937 1222 invehitur
950 1206 955 1221 ι
971 1193 1022 1221 sub

280 1246 360 1273 finem
377 1255 439 1272 vero
453 1243 540 1271 innuit
553 1241 759 1280 exspectandam
779 1240 859 1268 fuisse
878 1240 957 1278 Papa:
969 1250 1022 1267 au-

281 1290 439 1324 ctoritatem,
451 1289 497 1326 qui
511 1288 651 1327 pacificam
661 1287 757 1316 Joanni
772 1287 896 1324 episcopo
911 1295 1023 1313 concor-

282 1336 355 1364 diam
367 1336 493 1367 miserat,
514 1345 560 1362 nec
576 1344 736 1371 quemquam
752 1332 863 1371 putabat
877 1338 937 1359 ante
951 1330 1023 1369 judi-

282 1383 353 1411 cium
369 1380 551 1420 repellendum
563 1390 627 1408 esse.
636 1379 789 1407 Periculum
803 1388 865 1405 vero
879 1377 943 1405 dicit
952 1387 1007 1405 esse
1016 1398 1024 1412 ,

283 1440 315 1458 ne
334 1428 362 1457 id
386 1427 545 1456 inhumani
569 1426 672 1463 generis
694 1425 839 1464 perniciem
856 1425 955 1451 sactum
977 1424 1022 1451 sit.

322 1475 399 1503 Nihil
416 1475 441 1502 in
458 1474 519 1502 aula
532 1471 824 1510 Constantinopolitana
839 1470 903 1498 boni
919 1480 1025 1508 pepere-

285 1528 351 1550 runt
374 1521 486 1549 Ilonorii
511 1520 612 1554 litei-m,
627 1517 743 1547 Arcadio
765 1527 867 1555 semper
889 1517 981 1544 uxoris
1003 1523 1029 1544 et

135 1596 149 1619 8
159 1567 245 1616 ⁵⁰²⁰}
258 1565 276 1586 ¹·
287 1567 437 1595 aulicorum
447 1573 536 1605 optata
551 1571 683 1602 sequente.
708 1564 793 1591 ferum
806 1563 844 1590 ira
856 1561 1027 1599 vindictaque

135 1603 244 1661 2:555*
286 1612 379 1641 divina
398 1612 496 1646 secvta,
518 1622 532 1639 a
553 1610 697 1647 multisque
711 1609 849 1637 observata
865 1607 915 1635 fuit
929 1620 937 1636 ς
965 1618 1026 1635 nam

181 1656 186 1661 ⁵
209 1656 214 1661 ⁸
245 1655 250 1660 ’
286 1659 336 1686 hoc
346 1669 414 1686 anno
424 1657 541 1686 Thracia
552 1655 723 1694 etlllyricum
735 1653 1026 1682 abttunnisdevastaia

286 1705 374 1733 fuere:
391 1711 416 1732 et
432 1714 486 1741 quo
501 1710 620 1741 ternpore
633 1703 747 1730 ,loannes
761 1699 906 1738 pellebatur
919 1722 927 1734 ,
947 1700 1027 1727 Isau-

286 1761 377 1780 rorum
391 1750 500 1778 rebellio
515 1746 744 1785 Constantinopoli
760 1745 879 1774 nuntiata
893 1745 942 1772 suit
955 1767 963 1781 ,
979 1745 1026 1782 qui

286 1798 313 1826 in
334 1797 424 1825 Asiam
441 1795 574 1824 Minorem
588 1793 655 1822 etin
674 1793 781 1832 Syriam
799 1791 867 1819 mala
888 1791 1026 1818 innumera

286 1842 410 1871 intulere.
427 1841 561 1879 Cyrinus,
577 1838 754 1868 Chalcedonis
776 1838 931 1876 episcopus,
959 1847 1027 1865 unus

287 1900 321 1918 ex
342 1886 544 1917 ardentioribus
564 1885 674 1914 Joannis
694 1884 826 1919 inimicis,
843 1885 888 1921 qui
905 1883 931 1910 in
948 1890 1028 1922 caput

287 1947 384 1969 suum,
413 1942 442 1963 ut
471 1944 551 1972 supra
581 1933 720 1963 vidimus,
742 1932 898 1970 sanguinem
919 1930 1028 1960 Joannis

287 1982 455 2015 contulerat,
481 1991 515 2008 ex
536 1979 629 2007 dolore
651 1990 712 2007 crus
732 1978 784 2006 sibi
803 1977 922 2006 exscindi
935 1977 1028 2015 jubere

288 2035 393 2056 coactus
412 2034 468 2063 est,
492 2035 522 2055 ut
542 2034 631 2066 postea
656 2027 682 2054 in
705 2025 840 2053 diuturnis
866 2023 1028 2052 cruciatibus

289 2073 358 2102 lente
377 2074 481 2112 periret.
498 2074 649 2111 Trigesimo
664 2072 708 2099 die
719 2071 884 2110 Septembris
898 2072 1027 2099 Constan-

290 2120 417 2158 tinopolis
437 2126 462 2147 et
480 2119 667 2157 circumposita
690 2118 763 2155 regio
784 2117 913 2155 grandine
930 2117 1029 2155 ingenti

291 2166 388 2193 afflicta
404 2166 454 2193 suit
468 2177 473 2192 ε
486 2173 511 2193 et
523 2172 597 2193 sexto
612 2164 737 2192 Octobris
753 2163 847 2191 infelix
862 2163 986 2191 Eudoxi-1
1003 2164 1029 2191 in

141 2208 282 2261 Aufssffg‘ffi
293 2210 387 2238 abortu
414 2211 502 2249 periit.
527 2212 593 2239 ltaee
621 2209 699 2238 multi
725 2209 916 2244 observavere,
933 2216 959 2237 et
984 2209 1030 2237 has

142 2258 246 2292 „wssmm
293 2266 384 2295 poenas
399 2257 432 2283 ob
449 2256 574 2294 injustam
591 2264 616 2284 et
637 2255 781 2284 violentam
802 2255 913 2283 joannis
932 2254 1030 2293 expul—

155 2313 216 2332 socr.
230 2313 245 2334 ι,
259 2311 282 2334 6,
294 2302 394 2329 sionem
409 2312 423 2329 a
437 2303 492 2329 Deo
507 2302 620 2330 inflictas
635 2309 772 2340 putavere.
783 2301 914 2329 Arcadius
930 2308 1031 2336 tamen,

141 2351 161 2364 ⁰·
179 2350 212 2371 ¹9·
294 2355 340 2376 aut
363 2348 452 2386 potius
475 2348 521 2385 qui
543 2348 616 2375 illius
631 2347 737 2375 nomine
752 2347 841 2375 onmia
857 2347 1030 2375 moderaban-

294 2401 339 2422 tur
351 2416 358 2428 ‚
373 2394 399 2421 in
416 2401 501 2432 erepto
517 2394 666 2432 perstitere.

334 2441 448 2469 Joannes
474 2450 536 2468 vero
564 2439 658 2467 Niczeae
688 2439 713 2466 in
741 2438 867 2476 Bithynia
895 2438 1031 2476 aliquanto

293 2494 412 2525 tempore
433 2485 555 2514 detentus
568 2507 574 2518 ,
590 2495 623 2512 ex
638 2486 705 2512 aeris
719 2485 876 2513 salubritate
898 2485 1031 2513 valetudi-

294 2544 354 2562 nem
371 2539 396 2560 et
417 2531 535 2570 corporis
558 2530 640 2558 robur
661 2538 838 2568 consequutus
858 2537 912 2565 est,
933 2538 962 2558 ut
978 2531 1033 2570 ipse

294 2578 360 2607 dicit
376 2578 402 2605 in
418 2577 539 2617 Epistola
554 2576 656 2604 decima
673 2577 707 2604 ad
727 2577 919 2615 Olympiadem
932 2600 938 2613 ,
951 2589 1031 2615 quam

292 2622 400 2662 scripsit
413 2621 540 2661 postridie
551 2621 717 2659 profecturus
727 2622 879 2658 Cucusum,
895 2622 982 2650 exsilii
996 2623 1033 2651 lo-

1070 281 1140 299 cum.
1157 270 1258 299 Milites
1279 277 1369 299 autem
1385 269 1522 305 Praefecti,
1537 270 1583 307 qui
1599 270 1676 297 illum
1692 269 1717 297 in
1733 269 1809 297 exsi-

1070 318 1139 345 lium
1154 317 1305 350 ducebant,
1324 316 1393 344 nihil
1415 326 1466 344 non
1488 315 1601 351 agebant
1616 322 1645 343 ut
1666 315 1742 343 illum
1763 325 1809 343 re·-

1071 370 1190 392 crearent
1204 374 1234 391 ac
1248 363 1404 396 reficerent,
1422 362 1526 401 ipsique
1539 361 1618 389 etiam
1633 361 1709 399 plura
1730 371 1810 398 quam

1071 409 1152 438 vellet
1168 409 1256 437 osticia
1281 408 1454 448 praestabant.
1469 408 1572 435 Rumor
1592 407 1680 434 statim
1703 417 1810 445 sparsus

1070 455 1156 483 suerat
1181 455 1269 494 ipsum
1300 454 1327 482 in
1355 454 1497 492 Scythiam
1520 452 1716 492 deportandum
1741 463 1808 480 esse.

1072 502 1162 529 Primo
1190 507 1320 528 statutum
1345 500 1426 528 fuisse
1452 499 1559 527 videtur
1587 498 1613 526 in
1636 498 1810 536 Imperatoria

1071 546 1132 574 aula
1144 569 1152 581 ‚
1170 546 1236 574 dicit
1253 546 1297 574 ille
1312 546 1338 574 in
1355 545 1475 584 Epistola
1495 544 1598 573 decima
1612 543 1704 579 tertia,
1719 550 1747 572 ut
1760 544 1808 572 Se-

1072 593 1206 628 basteam,
1234 592 1364 620 Armeniae
1388 592 1482 620 urbem
1495 613 1502 627 ‚
1517 590 1669 620 exsulatum
1692 589 1809 618 mittere-

1072 645 1116 666 tur
1129 650 1135 665 :
1154 637 1216 673 sed,
1234 645 1337 666 mutato
1353 637 1478 672 consilio,
1495 638 1631 665 Cucnsnm
1644 635 1740 664 missus
1754 642 1811 671 est,

1072 685 1162 712 locum
1178 684 1311 712 Armeniae
1325 683 1544 711 desertissimum.
1559 683 1619 721 Ipse
1634 691 1697 710 vero
1711 680 1813 709 amieo-

1072 741 1132 758 rnm
1148 729 1295 758 multorum
1307 740 1415 768 operam
1426 728 1596 763 adhibuerat,
1605 727 1671 755 utin
1680 727 1812 756 mitiorem

1072 783 1096 804 et
1118 775 1336 816 propinquiorem
1351 775 1440 803 locum
1455 774 1614 803 mitteretur.
1629 775 1731 802 Verum
1741 795 1750 810 ,
1767 782 1815 801 nec

1072 823 1130 852 sine
1144 823 1262 862 querela,
1273 823 1340 851 dicit
1354 824 1426 862 ipsos
1437 833 1502 858 rem,
1511 832 1592 860 quam
1604 821 1723 849 scelerati
1735 820 1815 849 etiam

1074 869 1195 898 homines
1210 870 1353 908 impetrant
1364 891 1372 905 ,
1385 868 1510 906 consequi
1526 878 1578 896 non
1591 867 1716 906 potuisse.
1728 867 1815 905 Impe-

1073 915 1199 943 ratricem
1214 926 1277 943 vero
1289 914 1443 943 Eudoxiam
1455 925 1482 942 se
1491 915 1628 943 Cncusum
1641 912 1816 952 mittijussis-

1073 971 1101 989 se
1113 960 1178 989 dicit
1192 961 1218 988 in
1232 960 1353 999 Epistola
1365 959 1498 988 CXXXV
1514 959 1547 987 ad
1561 959 1714 998 Cyriacum.

1113 1015 1264 1052 Insequenti
1288 1014 1371 1052 igitur
1394 1013 1439 1042 die
1460 1013 1690 1051 Chrysostomus‚
1707 1012 1816 1041 Panemi

1074 1062 1172 1090 mensis
1194 1067 1305 1099 quarto,
1319 1060 1364 1098 qui
1380 1059 1478 1087 mensis
1502 1060 1634 1087 Panemus
1651 1058 1742 1088 Julius
1762 1064 1815 1094 est,
1828 1060 1899 1089 Epist.
1913 1066 1924 1081 ²

1075 1115 1105 1136 nt
1121 1107 1212 1135 videas
1228 1106 1298 1146 apud
1315 1105 1433 1135 Selidam
1458 1112 1483 1133 et
1503 1104 1663 1139 Usserium‚
1678 1104 1767 1132 Nicaea
1789 1104 1817 1132 in

1076 1153 1204 1192 Bithynia
1219 1152 1352 1191 profectus
1369 1158 1418 1179 est.
1438 1150 1595 1187 Eodemque
1612 1149 1657 1177 die
1678 1150 1818 1188 epistolam

1077 1199 1183 1237 scripsit
1202 1198 1237 1226 ad
1256 1197 1442 1225 Constantium
1457 1196 1661 1235 presbyterum,
1676 1196 1818 1225 cohortans

1076 1245 1155 1273 illum
1166 1252 1194 1272 ut
1206 1255 1239 1272 ne
1254 1255 1287 1272 ex
1297 1243 1433 1282 praesentis
1446 1243 1570 1282 procellae
1581 1249 1738 1281 tempestate
1746 1253 1820 1271 amo-

1077 1297 1184 1319 veretur
1202 1290 1236 1318 ab
1259 1289 1348 1318 officio
1361 1296 1384 1317 et
1399 1300 1412 1316 a
1429 1299 1456 1317 re
1471 1296 1590 1327 suscepta
1601 1311 1608 1325 ‚
1623 1289 1668 1317 sed
1684 1300 1732 1328 pro
1746 1299 1820 1318 more

1077 1347 1126 1364 suo
1137 1346 1181 1364 eos
1193 1357 1200 1370 ‚
1217 1335 1263 1373 qui
1278 1334 1368 1363 adhuc
1384 1335 1542 1363 Graecorum
1555 1334 1758 1373 superstitioni,
1773 1345 1818 1363 sen

1078 1382 1254 1418 idololatriac,
1271 1381 1355 1409 dediti
1380 1387 1471 1417 erant,
1487 1380 1523 1409 ad
1544 1380 1624 1409 fidem
1640 1381 1819 1410 Christianam

1078 1435 1231 1457 convertere
1253 1434 1394 1466 pergeret,
1412 1434 1438 1455 et
1462 1427 1574 1466 impiam
1597 1427 1754 1464 religionem
1773 1438 1822 1455 ex-

1079 1475 1232 1504 terminaret
1246 1496 1253 1507 ,
1269 1480 1348 1511 atque
1363 1473 1507 1501 Phoeniciae
1519 1495 1527 1509 ,
1547 1472 1650 1500 Arabiae
1665 1479 1689 1500 ct
1702 1472 1820 1501 Orientis

1082 1521 1264 1549 Ecclesiarum
1280 1530 1370 1548 curam
1387 1526 1486 1557 gereret
1500 1529 1506 1546 ε
1528 1517 1647 1556 dicitque
1664 1529 1691 1546 se
1704 1528 1756 1546 non
1771 1518 1821 1547 Se—

1080 1568 1216 1601 basteani‚
1233 1573 1261 1594 ut
1276 1566 1404 1604 putabat,
1421 1564 1467 1592 sed
1488 1565 1624 1592 Cucusum
1644 1564 1670 1591 in
1694 1563 1821 1592 exsilium

1081 1613 1160 1641 mitti.
1176 1613 1205 1640 ln
1222 1612 1276 1640 sine
1291 1622 1354 1639 vero
1370 1611 1423 1646 ait,
1438 1610 1489 1638 sibi
1502 1617 1563 1638 ante
1577 1610 1766 1648 profectionem
1779 1620 1824 1638 cu-

1081 1669 1117 1686 rze
1133 1658 1215 1686 fuisse
1226 1680 1234 1692 ,
1253 1664 1281 1685 ut
1296 1668 1309 1685 e
1328 1657 1463 1686 Salamina
1479 1657 1563 1695 Cypri
1577 1656 1688 1684 haeresin
1702 1656 1822 1685 Marcio-

1081 1705 1211 1732 nistarnm
1223 1726 1229 1738 ,
1253 1714 1310 1741 quae
1334 1703 1372 1731 lbi
1397 1702 1584 1741 grassabatur,
1609 1702 1768 1733 eliminaret.
1792 1703 1820 1732 Si

1080 1761 1144 1778 vero
1167 1750 1297 1789 Cyriacus
1319 1749 1458 1788 episcopus
1483 1747 1571 1776 adhuc
1592 1748 1822 1788 Constantinopoli

1081 1797 1134 1833 sit,
1149 1796 1249 1824 scribat
1263 1795 1301 1823 illi
1321 1801 1349 1822 ut
1366 1801 1458 1834 pergat
1472 1805 1502 1822 ea
1524 1794 1663 1833 perlicere,
1685 1805 1743 1833 quae
1767 1795 1823 1834 ipse

1081 1852 1221 1880 aggressus
1241 1841 1338 1869 fuerat.
1360 1841 1405 1869 Sic
1423 1840 1605 1868 sanctissimus
1620 1840 1666 1868 ille
1681 1840 1737 1875 vir,
1755 1851 1823 1868 aeru-

1083 1888 1153 1916 mnis
1168 1886 1288 1924 undique
1304 1886 1486 1926 prementibus
1497 1908 1504 1921 ,
1520 1885 1647 1924 augendae
1661 1885 1688 1914 in
1709 1886 1822 1915 diversis

1084 1932 1239 1971 regionibus
1254 1932 1412 1960 Christianae
1424 1931 1461 1959 rei
1475 1942 1566 1960 euram
1580 1942 1728 1969 numquam
1739 1931 1823 1971 depo-

1082 1979 1171 2007 nebat.
1191 1978 1340 2017 Epistolam
1356 1988 1418 2006 vero
1431 1977 1464 2005 ad
1479 1977 1669 2016 Theophilum
1687 1977 1824 2017 scripsisse
1835 1986 1907 2014 Epist.

1083 2031 1210 2063 putatur,
1225 2035 1286 2052 cum
1298 2025 1386 2052 Nicaea
1399 2023 1533 2062 profectus
1547 2030 1629 2058 esset,
1643 2030 1672 2051 ut
1686 2024 1824 2052 Cucusum

1080 2069 1260 2103 contenderet,
1272 2070 1446 2106 hortaturque
1462 2069 1538 2097 illum
1553 2075 1583 2096 ut
1598 2075 1691 2107 pergat
1707 2069 1824 2107 pericula

1083 2117 1173 2145 subire
1195 2123 1219 2144 et
1241 2123 1348 2143 strenue
1369 2126 1460 2153 agere;
1476 2125 1522 2142 nec
1543 2115 1613 2142 clarc
1635 2114 1701 2142 dicit
1726 2115 1824 2153 quibus

1083 2163 1129 2190 ille
1149 2162 1230 2190 rebus
1254 2168 1317 2189 tunc
1339 2171 1447 2199 operam
1472 2160 1555 2188 daret.
1576 2161 1696 2188 Alteram
1717 2161 1774 2200 ejus
1790 2161 1825 2190 ad

1085 2208 1269 2247 Theophilum
1285 2207 1424 2246 epistolam
1440 2207 1570 2235 habemns
1580 2229 1588 2240 ,
1605 2206 1732 2245 scriptam
1746 2214 1825 2246 post—

1085 2265 1164 2293 quam
1181 2256 1316 2281 (lucusum
1328 2253 1489 2283 advenisset.

1127 2301 1196 2329 Cum
1220 2301 1365 2328 Caesaream
1389 2301 1415 2328 in
1440 2299 1628 2338 Cappadocia,
1649 2299 1737 2328 Nicaea
1757 2311 1824 2339 pro·
1836 2315 1908 2343 Epist.

1085 2348 1169 2375 sectus
1183 2369 1191 2380 ,
1216 2346 1374 2380 duceretur,
1391 2345 1547 2383 Olympiadi
1574 2345 1696 2383 scripsit,
1711 2352 1737 2373 et
1759 2346 1822 2383 qui-

1085 2394 1146 2421 dem
1170 2393 1250 2432 paulo
1273 2399 1412 2431 postquam
1429 2399 1477 2419 uer
1492 2391 1560 2419 illud
1575 2397 1746 2429 susceperat,
1763 2401 1825 2420 cum

1086 2439 1176 2467 adhuc
1195 2438 1347 2466 valetudine
1362 2438 1406 2465 illa
1421 2461 1426 2468 ,
1440 2448 1520 2475 qnam
1538 2437 1634 2465 Nicaeae
1650 2448 1823 2476 recuperave-

1086 2492 1143 2519 rat,
1159 2492 1183 2513 et
1197 2485 1277 2512 animi
1301 2484 1433 2512 hilaritate
1445 2484 1586 2511 frueretur.
1602 2482 1640 2510 Ea
1657 2494 1720 2511 vero
1731 2505 1740 2517 ,
1764 2494 1824 2521 quae

1085 2532 1120 2560 de
1135 2530 1257 2559 Proesecii
1278 2531 1425 2563 militibus,
1440 2529 1487 2567 qui
1509 2540 1535 2557 se
1553 2529 1580 2556 in
1598 2529 1723 2558 exsilium
1739 2529 1824 2557 duee-

1087 2579 1168 2612 bant,
1195 2577 1238 2605 hic
1261 2584 1386 2607 enarrat.
1410 2575 1634 2615 p1·;cte1·riiitte11da
1660 2586 1711 2603 non
1737 2575 1821 2603 duxi-

1090 2633 1148 2651 mus
1163 2634 1167 2649 :
1181 2634 1193 2648 «
1211 2623 1295 2658 Atque
1307 2621 1427 2650 Praefecti
1442 2620 1539 2648 milites
1549 2642 1557 2655 ‚
1568 2619 1654 2657 inquit
1664 2642 1672 2653 ‚
1690 2619 1707 2647 ii
1722 2620 1766 2658 qui
1780 2630 1822 2648 no-
