1884 2922
251 155 318 201 392

281 639 428 670 Tsnnnnas
446 643 622 682 Imperatores
641 645 771 683 praefectis
787 643 843 673 suis
861 643 982 684 porrige-

240 683 302 712 bant
313 695 416 721 ¹aureas,
427 688 598 726 magistratus
609 688 726 727 signum.
741 693 863 718 x·1.126.
878 692 980 716 2127.

278 733 483 763 'sannnuacnm
498 737 643 774 justorum.
662 744 695 765 v.
719 742 783 767 387.
802 747 830 765 a.
844 736 982 765 Taberna-

239 775 298 803 cula
313 784 484 814 peccatorum
498 790 567 817 quae.
584 787 629 810 111.
649 785 713 809 155.
733 791 760 809 c.

279 823 528 854 Tabernaculorum
542 827 636 855 festum
652 827 725 866 apud
739 827 856 857 Judaeos.
876 835 897 857 Ι.
914 832 980 856 809.

237 879 261 898 13.
282 879 306 897 c.
322 867 388 895 Erat
402 868 467 896 olim
479 869 530 898 hoc
545 870 641 899 festum
652 871 815 905 venerabile,
830 882 891 899 cum
901 873 980 910 juxta

236 912 321 950 legem
336 911 419 945 fieret,
434 912 537 950 Dcique
548 914 643 952 jussu;
661 925 730 944 nunc
746 923 834 944 autem
851 926 902 944 non
917 925 979 943 am-

235 955 319 994 plius⁷
339 965 369 983 eo
382 955 456 993 quod
471 964 562 985 contra
580 958 630 986 Dei
646 965 760 987 mentem
779 959 937 988 celebratur.
956 966 977 987 Ι.

235 1003 300 1027 809.
319 1009 344 1027 e.
360 1004 424 1027 810.
442 1000 472 1028 In
487 1000 568 1040 hujus
583 1001 641 1030 festi
663 1009 781 1042 tempore
797 1013 918 1032 summus
938 1013 979 1031 sa-

235 1042 327 1071 cerdos
350 1043 550 1081 ingrediebatur
580 1045 607 1073 in
632 1052 721 1074 sancta
747 1053 909 1075 sanctorum.
944 1053 976 1075 Π.

235 1090 299 1114 425.
316 1098 341 1114 Α.
358 1097 383 1115 B.

273 1134 492 1162 Tabernaculum
516 1135 584 1163 nihil
612 1136 735 1174 proderat
757 1136 859 1166 Judaeis
879 1137 904 1165 in
928 1138 977 1167 de-

233 1184 313 1207 serto.
333 1185 379 1206 lx.
397 1182 462 1206 158.
476 1189 504 1207 n.
519 1190 545 1207 Ε.
564 1180 904 1219 Tabernaculumfigura
921 1183 976 1209 Ve-

233 1222 298 1249 teris
317 1222 504 1250 Testamenti.
523 1230 569 1251 111.
592 1228 657 1253 987.
676 1234 702 1252 D.

274 1269 419 1297 TABERNAE
433 1269 480 1298 ubi
496 1269 555 1298 ludi
570 1270 614 1299 die
635 1271 811 1300 kalendarum
825 1272 934 1301 fiebant.
952 1281 971 1302 1.

232 1316 296 1340 855.
313 1324 340 1340 Α.

272 1361 398 1390 ΤΑΒΙΤΗΑ
413 1361 490 1390 bonis
505 1362 631 1401 operibus
647 1363 756 1392 celebris
771 1371 875 1393 mortua
890 1366 974 1394 susci-

231 1411 302 1432 tatur
315 1415 329 1432 a
344 1405 433 1434 Petro.
448 1413 496 1436 lx.
512 1411 575 1435 183.
598 1418 624 1434 n.
642 1417 669 1435 E.
685 1418 714 1437 A.
732 1410 842 1447 Propter
857 1409 973 1438 eleemo-

231 1458 326 1487 synam
341 1449 449 1478 revixit.
468 1457 513 1478 lv.
540 1455 603 1479 620.
624 1461 650 1479 n.
669 1462 695 1480 c.
714 1453 855 1492 Lacrymis
875 1453 973 1482 vidua-

230 1503 291 1520 rum
300 1493 399 1530 quibus
409 1493 573 1523 benefecerat
583 1494 617 1523 ad
629 1495 714 1524 vitam
724 1505 855 1526 revocata.
870 1506 890 1526 Ι.
904 1503 969 1529 822.

229 1546 253 1564 c.
265 1547 289 1565 n.
303 1537 373 1565 Cum
392 1537 518 1566 Tabitlza
532 1541 676 1568 exanimis
686 1542 808 1578 jaceret,
823 1553 921 1571 omnes
933 1546 976 1572 νὶ-

229 1580 293 1608 duae
305 1579 409 1618 [lentes
425 1582 673 1612 circumsteterunt
689 1586 823 1622 Petrum,
837 1593 864 1615 et
880 1593 975 1615 osten-

230 1624 330 1652 dentes
346 1626 372 1652 ei
386 1625 464 1653 dona
479 1627 637 1665 defunctae,
661 1630 697 1656 ab
713 1630 816 1670 inferis
834 1638 975 1660 mortuam

229 1674 429 1697 extraxerunt.
448 1676 494 1698 111.
510 1675 575 1699 938.
593 1682 621 1701 A.
640 1682 667 1700 Β.

268 1717 393 1746 ΤΛΒῡῑ..Ε
408 1717 441 1746 de
457 1719 571 1757 nuptiis,
586 1719 621 1748 de
634 1720 744 1757 debitis,
761 1721 846 1760 deque
860 1723 970 1761 reliquis

228 1761 416 1797 contractibus,
429 1763 480 1791 nisi
492 1763 518 1792 in
532 1764 698 1803 frontispicio
710 1766 815 1794 nomina
825 1768 974 1797 Consulum

227 1803 364 1840 haherent,
377 1806 478 1835 nullam
490 1817 524 1835 ex
536 1817 564 1836 se
578 1808 634 1836 vim
650 1808 795 1838 habebant.
810 1818 853 1839 VI.
870 1816 932 1841 127.
947 1823 972 1840 n.

266 1853 377 1882 Tierus
394 1854 514 1883 mulieris
530 1866 610 1893 quam
626 1857 803 1896 periculosus.
820 1867 841 1888 1.
859 1865 923 1889 281.
942 1872 970 1889 c.

266 1901 392 1930 Tannum
405 1902 550 1931 concrediti
562 1902 720 1934 distributio
731 1906 861 1936 facienda.
874 1916 894 1937 Ι.
906 1914 970 1937 968.

225 1955 250 1972 Α.
266 1944 443 1973 Talentorum
458 1946 674 1984 evangelicorum
692 1949 817 1981 rationes.
837 1959 884 1980 lv.
901 1957 966 1981 782.

225 1987 338 2015 Talenta
354 1987 380 2015 in
396 1988 544 2027 Evangelio
563 1990 630 2027 quid
649 1992 811 2030 significent.
831 2001 888 2023 VH.
905 2000 969 2025 851.

225 2041 250 2059 E.
272 2032 426 2060 Talentum
447 2034 478 2060 in
504 2039 611 2062 terram
631 2037 807 2066 abscondere
822 2040 902 2077 quid.
924 2046 968 2068 VI.

226 2079 291 2103 964.
309 2087 333 2103 Β.

265 2129 334 2156 Tm
349 2136 373 2157 et
386 2129 447 2157 cubi
461 2129 495 2158 ad
518 2129 613 2159 ludum
629 2131 755 2160 adhibiti.
774 2140 843 2164 Vllt.
859 2139 923 2164 216.
941 2147 969 2164 A.

225 2170 359 2201 Talorum
375 2173 456 2202 ludus
471 2175 685 2214 reprehenditur.
703 2182 748 2205 IV.
766 2181 811 2205 58.
828 2189 855 2206 Λ.

264 2220 393 2248 TANTALI
413 2221 514 2250 sabula.
532 2230 551 2251 1.
567 2228 632 2252 281.
648 2234 674 2252 A.

263 2269 510 2308 Ταπεινοφροσύνη,
526 2271 582 2299 sive
596 2271 734 2300 humilitas
747 2294 755 2307 ‚
778 2273 842 2302 inde
867 2273 969 2303 dicitur

223 2313 295 2350 quod
312 2313 345 2341 sit
362 2313 457 2342 interni
473 2325 565 2342 sensus
582 2315 744 2343 humiliatio.
762 2323 806 2345 XI.
822 2321 887 2346 272.
905 2329 931 2347 Ε.

262 2358 404 2385 Tarans.
421 2365 442 2386 1.
461 2363 525 2387 895.
544 2369 570 2387 n.

265 2405 422 2433 Tananffls
440 2406 581 2445 episcopus
602 2406 670 2434 inter
688 2406 856 2437 adversarios
875 2409 967 2449 Chry-

223 2449 343 2477 sostomi.
360 2456 404 2477 Ill.
419 2454 482 2478 861.
499 2460 524 2477 A.

264 2497 386 2525 Tar-svm
403 2508 485 2535 quare
501 2498 598 2526 missus
621 2506 659 2527 cst
674 2500 784 2528 Paulus.
810 2508 830 2529 1.
852 2506 916 2531 504.
939 2514 964 2531 Β.

263 2545 411 2572 ΤΑῐιτΑῐιις
430 2552 532 2574 tantum
558 2557 571 2573 a
595 2553 663 2576 terra
689 2548 812 2586 distans,
834 2557 964 2588 quantum

889 171 990 194 tNDEx
1021 170 1148 193 RERUM.

1037 649 1108 670 terra
1122 652 1137 670 a
1152 642 1226 670 caelo.
1245 649 1266 670 1.
1283 647 1329 671 90.
1351 654 1375 672 13.
1393 645 1499 674 Tartari
1515 645 1640 674 fundum.
1659 654 1693 675 11.
1713 651 1777 675 459.

1077 686 1231 714 TELowa
1245 686 1323 723 quid.
1337 694 1382 718 111.
1401 693 1465 717 518.
1483 700 1509 718 c.
1533 689 1638 718 Telonii
1663 697 1780 728 qurestus

1036 728 1156 767 iniquus.
1175 736 1231 758 vn.
1251 734 1314 758 393.
1328 741 1354 758 c.

1077 778 1289 806 TEMPERANTIA
1302 785 1340 807 est
1350 778 1445 808 animae
1458 780 1642 818 pulchritudo.
1652 788 1698 811 XI.
1711 786 1776 812 213.

1035 832 1062 849 A.
1082 821 1124 849 Ad
1141 821 1279 849 sanitatem
1300 829 1325 850 et
1342 823 1440 852 bonam
1459 824 1646 854 habitudinem
1660 826 1780 865 corporis

1035 865 1184 904 plurimum
1200 864 1334 894 conducit.
1353 874 1396 895 lv.
1416 872 1460 896 89.
1473 879 1499 896 Α.
1512 879 1535 897 11.

1075 914 1304 942 Tfflmnmnmx
1316 922 1413 952 quanta
1428 915 1461 943 sit
1473 916 1611 956 voluptas.
1625 925 1659 946 Χ.
1672 922 1737 946 405.
1753 929 1777 945 A.

1033 957 1124 995 Longe
1140 957 1267 994 majorem
1283 968 1340 986 eam
1355 969 1435 996 quam
1455 959 1636 1000 intemperans
1647 961 1771 1000 percipit.

1036 1007 1070 1030 X.
1079 1000 1352 1039 405.n.Voluptatem
1361 1008 1509 1042 temperans
1518 1004 1597 1034 habet
1607 1015 1640 1034 ex
1651 1005 1773 1034 victoria.

1034 1051 1066 1073 Χ.
1080 1049 1142 1073 406,
1160 1054 1188 1071 Ε.

1071 1089 1236 1117 Tnmrnsms
1256 1089 1391 1127 quomodo
1417 1091 1508 1120 sedata
1531 1103 1546 1121 a
1572 1093 1690 1124 Christo.
1714 1101 1773 1125 VH.

1032 1136 1098 1160 377.
1116 1142 1143 1159 E.
1161 1142 1226 1170 sqq.

1071 1180 1224 1207 TEMPLUM
1239 1179 1382 1208 Judaicum
1399 1192 1478 1219 quam
1493 1184 1604 1213 celebre.
1622 1193 1643 1214 1.
1660 1192 1725 1216 708.
1744 1199 1770 1216 A.

1031 1222 1219 1261 Quadraginta
1235 1222 1339 1251 cubitos
1352 1223 1527 1263 longitudinis
1539 1249 1547 1264 ,
1570 1228 1666 1267 viginti
1678 1230 1773 1259 latitu-

1030 1265 1102 1294 dinis
1124 1266 1248 1294 habebat.
1265 1273 1299 1296 V.
1324 1271 1388 1295 518.
1412 1279 1437 1297 B.
1455 1271 1601 1310 Templum
1627 1274 1773 1303 secundum

1029 1320 1075 1339 sex
1089 1317 1114 1339 et
1129 1310 1306 1349 quadraginta
1324 1312 1401 1340 annis
1415 1312 1589 1343 aedificatum.
1608 1323 1639 1344 V.
1660 1322 1725 1348 426.
1745 1330 1770 1347 B.

1029 1355 1135 1394 Templi
1158 1355 1316 1384 Judaeorum
1340 1356 1546 1393 magnificentia.
1572 1366 1631 1389 ΧΗ.
1658 1366 1721 1390 234.
1745 1374 1770 1392 13.

1029 1403 1093 1427 235.
1109 1400 1139 1427 In
1151 1398 1219 1427 duas
1232 1405 1320 1438 partes
1334 1399 1465 1435 divisum,
1477 1402 1630 1433 interiorem
1651 1412 1677 1434 et
1696 1413 1772 1435 exte-

1028 1442 1133 1471 riorem.
1148 1450 1180 1473 11.
1193 1448 1256 1472 423.
1273 1454 1299 1471 Α.
1322 1444 1352 1472 In
1368 1446 1498 1484 templum
1515 1446 1626 1477 interius
1648 1449 1712 1478 solis
1727 1461 1771 1479 sa-

1028 1486 1183 1515 cerdotibus
1195 1487 1302 1525 ingredi
1320 1487 1428 1516 licebat.
1444 1496 1464 1517 1.
1483 1494 1548 1520 708.
1565 1501 1588 1519 1³.
1607 1492 1635 1520 In
1650 1503 1680 1521 eo
1701 1493 1772 1532 ignis

1029 1529 1063 1558 de
1081 1530 1146 1559 ezelo
1166 1530 1321 1566 decidebat,
1339 1532 1385 1569 qui
1408 1533 1530 1562 victimas
1547 1544 1721 1565 consumeret.
1747 1545 1767 1569 ῐ,

1029 1578 1094 1602 800.
1109 1585 1137 1604 n.
1154 1575 1300 1613 Templum
1314 1575 1469 1604 Judaeorum
1491 1578 1560 1606 Deus
1579 1579 1643 1607 olim
1663 1591 1770 1609 aversa-

1028 1617 1151 1646 baturob
1167 1619 1276 1647 illorum
1291 1619 1399 1648 seelera.
1419 1627 1438 1649 ῐΔ
1453 1625 1519 1650 729.
1533 1632 1562 1650 n.
1587 1623 1653 1662 Ejus
1667 1624 1770 1653 destru-

1029 1662 1142 1691 ctionem
1158 1663 1286 1702 praedixit
1295 1664 1401 1693 Daniel.
1417 1672 1438 1693 1.
1452 1670 1516 1694 785.
1532 1677 1556 1694 Β.
1567 1668 1674 1708 Templi
1686 1670 1770 1698 vasti-

1028 1713 1068 1735 tas
1082 1717 1129 1745 per
1143 1708 1278 1736 Romanos
1293 1708 1381 1737 sutura
1397 1716 1505 1740 aeterna.
1532 1718 1552 1739 1.
1575 1717 1640 1741 785.
1658 1723 1683 1741 Β.
1702 1718 1768 1742 786.

1027 1750 1173 1790 Templum
1185 1751 1329 1780 Judaicum
1342 1754 1485 1782 restaurari
1495 1764 1546 1782 non
1560 1756 1654 1794 potuit.
1669 1764 1688 1785 1.
1701 1762 1766 1786 708.

1028 1805 1054 1823 c.
1068 1794 1142 1823 Illud
1158 1795 1308 1824 instaurare
1319 1804 1430 1825 conatur
1441 1798 1565 1827 Julianus
1580 1800 1766 1838 Apostata.11.

1028 1842 1092 1866 685.
1110 1849 1134 1868 B.
1151 1838 1197 1866 sed
1210 1839 1326 1874 frustra;
1341 1841 1410 1879 ignis
1424 1841 1495 1870 enim
1507 1853 1521 1870 a
1533 1843 1713 1873 fundamentis
1723 1856 1770 1873 ex-

1027 1881 1101 1910 siliit.
1116 1889 1137 1910 Ι.
1152 1887 1216 1911 709.
1232 1890 1263 1911 11.
1283 1887 1346 1911 685.
1361 1894 1386 1912 c.
1402 1884 1474 1913 Illud
1490 1895 1551 1914 cum
1564 1887 1662 1916 vellent
1676 1899 1769 1917 rursus

1026 1925 1158 1954 :edificare
1172 1926 1260 1956 Judaei
1274 1949 1281 1962 ‚
1303 1927 1363 1965 igne
1380 1938 1394 1956 e
1408 1929 1582 1958 fundamento
1601 1939 1767 1971 erumpente,

1026 1969 1139 1998 cohibiti
1166 1977 1237 2000 sunt.
1263 1978 1295 2000 v.
1325 1976 1390 2000 325.
1421 1984 1446 2003 Α.
1474 1973 1538 2002 Plus
1565 1975 1769 2014 quadringentis

1025 2013 1124 2042 abhinc
1138 2015 1214 2043 annis
1229 2014 1350 2043 dirutum
1362 2023 1417 2044 erat
1431 2023 1548 2056 tempore
1568 2018 1764 2058 Chrysostomi.

1026 2063 1046 2085 1.
1064 2062 1128 2085 796.
1144 2068 1170 2085 Β.
1193 2069 1218 2085 c.
1242 2058 1349 2097 Templi
1374 2067 1461 2098 partes
1481 2061 1583 2100 aliquot
1602 2070 1766 2101 supererant.

1026 2107 1083 2129 ΠΙ.
1102 2105 1167 2130 815.
1182 2112 1207 2130 A.
1225 2102 1271 2129 sed
1283 2108 1386 2130 tantum
1398 2125 1404 2135 ‚
1425 2112 1555 2142 quantum
1570 2107 1635 2134 satis
1652 2114 1712 2144 est,
1736 2114 1767 2136 ut

1024 2144 1190 2179 ostendatur,
1202 2144 1311 2173 ubinam
1324 2146 1389 2173 olim
1399 2154 1474 2175 esset.
1489 2155 1510 2176 1.
1523 2153 1586 2177 708.
1598 2160 1622 2177 c.
1633 2150 1689 2178 Hoc
1701 2157 1766 2179 tem-

1024 2187 1111 2226 plum,
1128 2188 1192 2216 olim
1208 2188 1244 2216 ita
1261 2188 1380 2222 celebre.
1400 2191 1542 2228 profanum
1564 2192 1712 2224 redditum.
1730 2202 1764 2224 11.

1023 2236 1088 2260 208.
1101 2243 1127 2260 E.
1139 2243 1165 2260 A.
1180 2232 1332 2270 Numquam
1342 2234 1546 2263 restaurandum
1558 2246 1612 2265 essc
1620 2237 1764 2276 probatur.

1023 2283 1044 2304 1.
1061 2280 1124 2304 767.
1137 2287 1163 2304 n.
1178 2287 1259 2315 seqq.

1069 2325 1217 2363 Templum
1229 2325 1402 2362 Salomonis,
1416 2327 1513 2365 imago
1524 2329 1633 2358 mundi.
1648 2336 1681 2358 11.
1697 2335 1761 2360 947.

1022 2379 1047 2397 Β.
1074 2370 1169 2397 carnis
1187 2370 1310 2397 Domini
1321 2369 1436 2408 figura.
1453 2377 1499 2399 111.
1523 2377 1587 2400 987.
1613 2383 1642 2402 D.
1667 2375 1764 2413 imago

1021 2415 1173 2443 Dominici
1187 2416 1289 2454 templi
1299 2422 1326 2444 et
1340 2416 1488 2445 Dominici
1501 2421 1643 2456 eorporis.
1660 2419 1701 2448 Ib.

1060 2464 1203 2503 Templum
1218 2464 1350 2503 Apollinis
1371 2465 1397 2493 in
1412 2465 1539 2505 Daphnes
1555 2467 1686 2496 suburbio
1706 2470 1764 2496 An-

1020 2507 1153 2536 tiocheno.
1172 2516 1191 2537 1.
1210 2513 1273 2537 726.
1291 2519 1318 2536 n.
1335 2508 1400 2547 Igne
1415 2508 1601 2539 labefactatum
1616 2533 1623 2547 ,
1643 2511 1763 2540 immisso

1020 2551 1142 2580 fulmine.
1162 2559 1195 2583 11.
1209 2556 1274 2591 639..
1290 2563 1317 2580 Α.
