1950 2922
311 180 378 216 126
779 186 808 208 s,

308 255 470 293 Imperatore
484 253 592 281 demum
606 251 746 289 irrogatas,
759 249 830 277 leves
842 245 1048 282 tolerabilcsque

307 310 375 336 csse,
391 310 476 338 neque
492 297 639 327 dolendum
654 296 677 324 si
694 295 871 323 orchestram
893 299 918 320 et
941 291 1049 319 balnea

308 346 461 380 occluserit,
475 356 505 373 ac
516 342 691 382 metropoleos
703 339 859 377 dignitatem
874 338 909 366 ab
922 337 988 365 urbe
998 339 1049 365 An—

310 393 415 422 tiochiae
437 391 584 421 sustulerit.
602 390 702 417 Veram
719 385 869 414 Antiochiae
890 384 1050 422 dignitatem

310 450 377 476 esse,
393 438 466 476 quod
486 437 512 465 in
531 447 561 464 ea
577 433 705 472 discipuli
720 432 819 460 Christi
835 430 954 470 primum
970 428 1052 457 Chri-

310 485 389 514 stiani
405 484 457 512 sint
475 482 572 514 vocati,
589 487 613 509 et
629 479 701 518 quod
717 477 876 506 Antiocheni
892 475 989 504 sanctis
1004 477 1052 505 Je-

312 528 510 569 rosolymitanis
532 527 601 555 fame
619 524 804 554 laborantibus
824 534 901 563 opem
924 522 1051 550 tulerint:

312 586 364 604 non
380 573 602 613 magnitudinem,
616 571 662 600 sed
676 572 801 610 pietatem
817 570 895 598 urbes
911 579 1051 597 exornare.

312 622 343 649 ln
355 621 407 649 fine
418 627 506 648 autem
518 619 596 654 dicit,
610 618 676 646 alios
687 617 777 645 adhuc
790 617 816 644 in
830 625 934 644 carcere
946 614 1053 652 degere,

311 667 380 696 alios
395 668 421 695 in
437 666 562 695 exsilium
579 663 722 693 mittendos
735 674 802 691 esse.
820 662 895 690 Ilanc
915 661 1054 689 homiliam

314 712 506 741 'l'illemontius
531 711 631 740 confert
656 710 683 738 in
710 708 905 737 hebdomadem
933 714 1055 745 quartam

314 759 535 797 Quadragesimae
549 764 609 797 post
624 756 718 784 feriam
733 762 866 794 quartam,
881 754 926 782 sed
943 764 974 782 ex
990 763 1057 781 con-

310 807 414 845 jectura
425 811 540 833 tantum.
554 803 732 841 Metropoleos
745 812 807 829 vero
820 800 938 838 dignitas
949 799 1059 827 transla-

312 859 341 880 ta
354 852 404 880 suit
417 850 558 879 Antiochia
574 849 744 883 Laodiceam,
763 848 890 876 referente
903 846 1056 875 Theodore-

314 905 343 927 to
359 899 376 926 l.
393 899 421 932 5,
437 908 460 926 c.
474 898 521 925 tf).

357 944 466 973 Decima
480 950 574 972 octava
590 941 701 970 homilia
720 947 780 979 post
798 939 944 968 dimidium
962 939 1059 978 jejunii

316 991 389 1019 dieta
407 990 470 1027 fuit,
483 996 513 1017 ut
526 989 564 1017 ait
579 988 656 1016 initio
673 987 890 1026 Chrysostomus.
903 987 982 1014 Putat
998 995 1060 1014 vero

318 1036 509 1066 'tillemontius
524 1035 598 1063 illam
618 1035 645 1062 in
661 1033 828 1062 Dominicam
845 1032 965 1070 quintam
982 1032 1061 1066 Qua-

318 1082 477 1121 dragesimae
487 1080 665 1120 probabiliter
675 1079 771 1118 conjici
784 1089 866 1117 posse.
876 1079 971 1116 Agitur
982 1088 1061 1117 porro

318 1129 353 1158 de
368 1139 431 1157 vera
443 1126 584 1167 jejunandi
598 1126 711 1162 ratione,
725 1125 758 1153 de
772 1125 931 1153 divitiarum
946 1131 1062 1153 contem-

320 1182 367 1212 tu,
378 1174 412 1203 de
427 1174 534 1202 tristitia
549 1172 696 1202 secundum
709 1173 813 1207 Deum,
827 1177 877 1198 etc.

361 1221 495 1249 Hactenus
509 1219 537 1247 in
549 1218 721 1246 homiliarum
742 1227 854 1245 numero
868 1223 895 1245 et
907 1217 1002 1245 ordine
1014 1217 1063 1245 Sa-

321 1266 382 1295 vilii
395 1272 420 1294 et
431 1264 573 1294 Frontonis
584 1263 675 1291 Dueaei
688 1261 827 1291 Editiones
840 1269 967 1300 sequutus
982 1273 1040 1291 sum
1052 1274 1060 1300 ;

321 1313 375 1340 imo
398 1311 478 1340 etiam
502 1310 634 1338 decimam
656 1319 753 1337 nonam
778 1308 942 1336 continenter
964 1309 1042 1348 posui
1055 1331 1061 1345 ,

321 1356 489 1386 'l'illemontii
501 1355 621 1394 opinioni
636 1354 826 1393 adstipulatus,
846 1354 892 1392 qui
910 1355 977 1383 inter
988 1357 1065 1391 Qua*

321 1403 511 1443 dragesimales
531 1402 664 1431 decimam
679 1411 776 1430 nonam
791 1407 815 1428 et
832 1401 887 1440 ipse
902 1402 1007 1440 putavit
1019 1412 1063 1430 ac-

322 1449 490 1479 censendam.
502 1450 605 1478 Verum
619 1454 708 1486 postea
721 1446 846 1475 secundis
861 1447 932 1475 curis
947 1447 1064 1486 comperi

323 1498 399 1526 illam
420 1496 469 1524 diu
496 1501 556 1535 post
578 1494 693 1529 Pascha,
718 1493 857 1522 Dominiea
885 1504 979 1532 nempe
1004 1500 1066 1522 ante

325 1541 513 1571 Ascensionem
526 1539 636 1569 Domini
650 1539 771 1567 habitam
787 1538 878 1574 fuisse,
895 1546 924 1567 ut
940 1540 1021 1568 etiam
1038 1540 1065 1568 in

324 1589 403 1617 titulo
418 1588 516 1622 fertur,
530 1596 624 1625 nempe
636 1585 778 1614 Dominiea
794 1587 840 1619 τῆς
857 1587 1065 1623 ἐπισωζομένης,

325 1645 386 1672 quae
401 1632 571 1661 Dominicam
592 1632 713 1670 quintam
728 1638 787 1670 post
803 1631 918 1665 Pascha,
935 1631 992 1660 sive
1008 1633 1067 1661 Do-

326 1680 451 1709 minieam
466 1686 526 1707 ante
540 1678 727 1707 Ascensionem
750 1678 898 1716 significat,
915 1686 944 1706 ut
964 1678 1001 1706 ait
1015 1680 1068 1708 Leo

327 1726 451 1754 Allatius.
462 1724 514 1754 Sed
529 1735 558 1752 ea
573 1724 607 1752 de
621 1735 649 1752 re
664 1724 732 1752 infra
748 1724 880 1763 pluribus.
895 1725 962 1753 Cum
978 1725 1069 1763 itaque

325 1771 374 1800 illa
386 1771 455 1799 inter
464 1770 597 1798 Homilias
607 1769 640 1797 de
652 1769 753 1798 Statuis
764 1793 771 1806 ‚
783 1769 826 1798 vel
839 1770 1068 1809 Quadragesima-

326 1819 365 1847 les
385 1816 515 1846 recenseri
533 1827 584 1845 non
600 1815 711 1852 debeat,
726 1815 829 1844 decima
845 1827 914 1844 nona
932 1817 982 1845 erit
1004 1817 1050 1846 illa
1063 1840 1070 1853 ,

327 1875 409 1903 quam
433 1873 481 1891 nos
504 1863 663 1901 vigesimam
690 1873 863 1902 posueramus
874 1886 882 1897 ,
906 1874 1018 1901 quaeque
1043 1864 1069 1892 in

329 1910 456 1939 Editione
469 1909 611 1937 Frontonis
625 1909 715 1936 Duc-si
730 1909 861 1947 vigesima
880 1909 995 1938 secunda
1018 1921 1070 1938 nu-

329 1965 463 1993 meratur,
479 1956 625 1994 habitaque
639 1956 705 1992 fuit,
721 1962 786 1984 teste
803 1956 1005 1995 Chrysostomo‚
1022 1956 1070 1986 de-

329 2015 387 2034 cem
406 2005 501 2034 diebus
516 2010 576 2032 ante
588 2003 699 2032 Pascha*
712 2003 762 2032 Illa
782 2014 844 2032 vero
855 2026 863 2040 ,
878 2014 958 2042 quam
970 2005 1069 2033 Fronto

330 2053 446 2080 Ducaeus
460 2050 620 2089 vigesimam
642 2057 843 2086 numeraverat,
859 2057 884 2078 et
906 2061 953 2079 nos
968 2051 1070 2089 vigesi-

332 2108 402 2125 mam
416 2097 530 2136 primam
544 2096 694 2135 posuimus,
705 2097 762 2134 jam
774 2096 903 2134 vigesima
915 2097 982 2131 erit,
996 2097 1072 2126 dem·

332 2151 358 2171 ta
374 2153 468 2182 nempe
482 2143 529 2171 illa
542 2142 636 2170 habita
650 2142 676 2170 in
693 2142 830 2171 Dominica
843 2145 890 2178 τῆς
906 2144 1072 2182 ἐπισιιιζομέ-

332 2202 389 2224 νης,
400 2189 434 2217 de
448 2199 499 2227 qua
514 2199 562 2217 suo
577 2189 635 2216 loco
651 2195 754 2227 agetur.
767 2189 830 2217 Haec
845 2200 926 2228 porro
945 2190 1073 2228 vigesima

334 2241 374 2263 est
388 2234 483 2262 ultima
502 2233 536 2262 de
551 2234 661 2263 Statuis.
680 2235 772 2272 ltaque
787 2235 845 2274 jam
868 2235 966 2274 viginti
987 2235 1073 2264 solum

336 2280 467 2308 Homilias
481 2279 513 2307 de
529 2280 631 2308 Statuis
648 2290 782 2308 recensere
796 2288 910 2319 oportet,
925 2281 988 2319 quia
1009 2282 1055 2310 illa
1067 2305 1074 2319 ,

335 2338 420 2366 quam
434 2338 481 2355 nos
494 2326 625 2355 decimam
642 2338 737 2356 nonam
754 2329 905 2367 posuimus,
919 2329 972 2358 alio
988 2337 1076 2358 trans-

336 2373 443 2402 ferenda
454 2379 505 2407 est,
517 2380 541 2400 et
553 2372 674 2405 homilia,
684 2384 764 2411 quam
783 2374 940 2413 vigesimam
960 2375 1076 2414 primam

339 2419 436 2447 Fronto
448 2420 563 2446 Dueieus
577 2426 713 2457 posuerat,
729 2427 767 2448 est
782 2420 926 2450 catechesis
940 2429 1014 2450 extra
1032 2433 1076 2450 se-

338 2466 405 2494 riem
417 2465 596 2494 Homiliarum
609 2466 642 2494 de
652 2467 752 2495 Statuis
766 2467 895 2505 ponenda,
913 2475 941 2496 ut
956 2468 1014 2497 loco
1027 2479 1075 2497 suo

339 2512 472 2541 dicemus.

378 2559 409 2587 In
425 2558 555 2597 vigesima
569 2557 696 2594 homilia,
711 2569 791 2596 quam
810 2569 857 2588 nos
873 2561 930 2599 jam
946 2560 1077 2590 decimam

341 2615 437 2634 nonam
460 2614 645 2642 numeramus,
666 2605 691 2633 in
709 2604 787 2633 titulo
811 2605 868 2634 ha‘c
888 2606 1027 2636 adduntur
1049 2608 1075 2636 in

837 185 916 208 JOAN
925 183 975 206 MS
1002 180 1232 204 CHRYSOSTOMI
1260 182 1336 204 vrrA
1345 197 1353 211 ,

1106 243 1296 283 Manuscriptis
1313 241 1476 282 quibusdam
1489 254 1495 270 ι
1508 243 1598 271 Dicta
1613 248 1654 270 est
1670 242 1765 269 decem
1781 240 1842 268 ‹lie-

1106 293 1158 319 lms
1178 299 1247 320 ante
1262 299 1395 320 sanctam
1409 297 1437 318 et
1457 290 1601 329 vivificam
1618 290 1738 317 Domini
1753 289 1843 316 nostri

1106 340 1137 367 J.
1153 340 1186 369 C.
1202 341 1450 369 Resurrectionem
1461 348 1498 366 ex
1508 339 1627 366 mortuis
1639 349 1648 367 .·
1659 337 1729 375 quod
1743 335 1844 375 optime

1108 385 1220 423 quadrat
1234 385 1268 414 ad
1281 385 1383 413 dictum
1404 383 1473 412 illud
1489 383 1673 422 Chrysostomi
1689 382 1768 422 paulo
1783 389 1844 409 ante

1105 433 1184 461 finem
1206 433 1325 461 homiliae
1347 445 1352 460 :
1380 433 1585 470 Quadraginta
1614 431 1674 458 dies
1694 431 1843 468 pra’leric-

1106 486 1182 508 runt.
1202 479 1301 508 Habita
1325 489 1387 517 ergo
1403 477 1483 506 fuerit
1504 476 1560 504 haec
1580 475 1671 504 concio
1691 475 1754 503 feria
1770 481 1844 503 sexta

1108 533 1166 565 post
1181 525 1363 561 Dominicam,
1382 535 1462 562 quam
1481 521 1614 552 Passionis
1633 531 1768 549 vocamus.
1783 520 1846 548 Haec

1109 573 1209 611 quippe
1220 571 1276 600 dies
1290 578 1345 600 erat
1364 569 1579 609 quadragesima,
1592 567 1744 606 incipiendo
1758 578 1771 595 a
1785 567 1849 595 seria

1109 618 1223 647 secunda
1242 625 1300 656 post
1320 616 1588 654 Quinquagesimam,
1602 625 1661 652 quae
1675 620 1729 642 erat
1743 613 1849 641 initium

1110 664 1330 701 Quadragesimze
1348 675 1353 690 :
1373 669 1426 691 erat
1442 663 1507 690 item
1529 660 1632 689 decima
1653 666 1713 688 ante
1735 658 1850 693 Pascha,

1111 710 1199 749 ipsum
1218 710 1355 738 Paschatis
1373 709 1446 737 diem
1468 706 1679 735 annumerando.
1695 705 1743 733 Est
1761 711 1851 733 autem

1112 757 1168 784 lire
1183 756 1294 785 homilia
1312 757 1394 784 ferme
1415 761 1469 783 tota
1488 760 1579 782 eontra
1594 752 1754 781 simultatem
1770 758 1795 780 et
1810 751 1852 779 in-

1111 803 1243 841 juriarum
1265 802 1432 839 memoriam,
1453 807 1478 829 et
1501 800 1527 828 in
1548 800 1600 827 fine
1619 809 1667 838 pro
1686 808 1760 826 more
1774 798 1852 826 solito

1114 857 1204 878 contra
1214 850 1375 888 juramenta.

1155 896 1294 935 Yigesima
1307 895 1392 934 prima
1405 893 1532 927 homilia,
1546 901 1627 929 quam
1637 901 1684 919 nos
1699 890 1854 929 vigesimam

1114 941 1307 971 numerandam
1320 948 1456 980 putamus,
1469 945 1508 979 est
1520 938 1614 966 ultima
1627 937 1660 965 de
1671 936 1782 965 Statuis.
1793 936 1854 975 Ipso

1115 989 1326 1019 Resurrectionis
1341 988 1385 1017 die
1396 987 1487 1016 habita
1502 985 1631 1025 probatur
1643 995 1676 1012 ex
1688 984 1720 1012 iis
1730 994 1788 1022 quae
1803 984 1854 1011 sub

1116 1036 1223 1064 initium
1234 1035 1372 1069 dicuntur,
1384 1041 1409 1062 et
1421 1039 1480 1072 post
1491 1031 1608 1060 reditum
1618 1030 1740 1058 Flaviani
1754 1029 1855 1068 episco-

1116 1083 1152 1121 pi.
1167 1082 1257 1110 Primo
1274 1080 1366 1109 laudat
1382 1079 1558 1113 Flavianum,
1571 1076 1645 1114 quod
1659 1086 1749 1104 sorore
1762 1075 1856 1103 morbo

1116 1129 1263 1162 laborante,
1279 1127 1312 1156 de
1328 1125 1455 1155 extremis
1469 1123 1650 1163 periclitante,
1665 1128 1689 1150 et
1703 1122 1812 1149 fratrem
1825 1130 1858 1148 ne

1117 1185 1144 1203 se
1156 1175 1287 1203 desereret
1302 1179 1424 1210 rogante,
1437 1170 1527 1199 omnia
1538 1175 1626 1197 tamen
1639 1167 1684 1195 ille
1695 1166 1858 1205 posthabue-

1117 1221 1165 1257 rit,
1181 1228 1209 1249 ut
1224 1218 1387 1259 periclitanti
1407 1216 1479 1256 gregi
1493 1214 1665 1254 prospiceret.
1678 1214 1776 1242 Narrat
1791 1222 1859 1250 quo-

1118 1266 1198 1295 modo
1215 1267 1406 1305 Imperatorem
1425 1262 1519 1291 adierit
1535 1261 1599 1290 etin
1615 1266 1785 1298 conspectum
1802 1259 1859 1297 ejus

1119 1314 1262 1349 adductos,
1279 1313 1368 1342 statim
1387 1310 1531 1350 lacrymis,
1547 1309 1620 1337 luctu
1639 1314 1664 1336 et
1682 1306 1788 1335 silentio
1803 1306 1858 1334 vim

1118 1360 1220 1389 doloris
1244 1358 1405 1399 expresserit
1423 1369 1428 1384 :
1448 1355 1599 1393 deindeque
1619 1354 1714 1382 leniter
1738 1352 1860 1380 hortante

1120 1409 1283 1446 Imperatore
1294 1405 1440 1433 orationem
1452 1401 1591 1437 habuerit,
1604 1411 1685 1438 quam
1699 1399 1859 1438 Chrysosto-

1120 1464 1180 1481 mus
1193 1452 1227 1480 ad
1239 1452 1352 1480 verbum
1366 1450 1446 1478 refert
1461 1455 1522 1487 apte
1536 1446 1711 1486 compositam
1721 1445 1755 1473 ad
1766 1445 1860 1473 Theo-

1119 1500 1224 1529 dosium
1241 1496 1402 1538 placandum
1416 1493 1607 1524 :Theodosius
1623 1503 1687 1521 vero
1705 1491 1738 1520 ad
1754 1491 1860 1519 miseri-

1121 1547 1240 1576 cordiam
1260 1551 1424 1579 commotus,
1440 1543 1496 1570 haee
1514 1540 1666 1569 Christiano
1682 1538 1806 1577 Principe
1820 1537 1862 1565 di-

1122 1605 1172 1633 gna
1188 1591 1300 1632 protulit
1315 1590 1396 1619 verba
1412 1601 1417 1616 z
1435 1602 1448 1615 (t
1459 1587 1531 1623 Quid
1550 1596 1677 1623 magnum
1694 1585 1743 1613 erit
1756 1607 1762 1618 ,
1777 1583 1799 1612 si
1811 1583 1862 1612 ho—

1123 1639 1241 1669 minibus
1250 1661 1256 1673 ,
1268 1636 1314 1675 qui
1330 1646 1377 1664 nos
1389 1633 1559 1663 contumeliis
1571 1632 1728 1667 affecerunt,
1742 1630 1808 1658 iram
1823 1639 1863 1657 re-

1123 1687 1271 1718 mittamus,
1286 1693 1347 1711 cum
1367 1692 1415 1710 nos
1436 1681 1487 1720 ipsi
1505 1679 1625 1708 homines
1644 1677 1743 1713 simns;
1756 1675 1864 1714 quando

1122 1731 1217 1761 mundi
1230 1729 1360 1759 Dominus
1374 1728 1400 1756 in
1414 1735 1512 1756 terram
1526 1724 1699 1758 descendens,
1714 1733 1744 1751 ac
1757 1729 1865 1761 propter

1123 1789 1171 1807 nos
1194 1778 1274 1805 homo
1295 1776 1388 1809 sactus,
1402 1781 1427 1802 et
1447 1785 1461 1802 a
1481 1771 1612 1801 beneficio
1633 1770 1735 1798 affectis
1755 1768 1865 1797 crucifi-

1124 1837 1186 1859 xus,
1200 1835 1249 1863 pro
1262 1820 1481 1860 crucifigentibus
1495 1830 1522 1847 se
1537 1819 1643 1846 Patrem
1659 1816 1745 1845 oravit
1755 1815 1846 1844 dicens
1859 1827 1864 1842 ε

1126 1875 1244 1907 Ignosce
1263 1869 1343 1903 illis;
1360 1878 1418 1896 non
1434 1867 1508 1895 enim
1525 1865 1620 1894 sciunt
1635 1863 1707 1902 quid
1716 1863 1866 1901 faciunt.»

1125 1918 1193 1946 Cum
1203 1923 1292 1944 autem
1300 1913 1446 1943 Flavianus
1454 1911 1555 1941 Pascha
1564 1921 1624 1939 cum
1631 1910 1795 1949 Imperatore
1803 1908 1868 1936 cele-

1124 1964 1203 1992 brare
1220 1961 1312 1997 vellet,
1326 1960 1431 1999 reponit
1444 1957 1614 1986 Theodosius
1629 1955 1715 1984 :Novi
1730 1953 1869 1982 Antioche-

1126 2020 1220 2038 norum
1232 2007 1335 2036 animos
1348 2004 1527 2038 conturbatos,
1537 2009 1562 2031 et
1572 2001 1670 2030 multas
1681 2009 1818 2039 superesse
1829 2009 1869 2027 ca-

1125 2055 1252 2084 lamitatis
1268 2051 1403 2090 reliquias.
1419 2062 1434 2077 (ι
1443 2049 1496 2078 Abi
1508 2055 1532 2077 et
1543 2047 1690 2076 consolare.
1701 2046 1730 2074 Si
1742 2045 1870 2083 gnberna-

1126 2109 1208 2130 torem
1222 2098 1350 2133 viderint,
1364 2106 1413 2125 nee
1426 2093 1567 2134 praeteritae
1582 2091 1786 2121 reminiscentur
1802 2097 1870 2118 tem-

1126 2146 1247 2186 pestatis,
1257 2144 1303 2173 sed
1313 2143 1400 2182 ipsam
1412 2140 1532 2170 tristium
1544 2140 1701 2167 memoriam
1711 2136 1870 2165 delebunt.»

1128 2193 1191 2221 Haec
1207 2191 1253 2220 ubi
1267 2187 1436 2218 Antiochenis
1449 2186 1571 2215 nuntiata
1586 2185 1676 2219 suere,
1689 2183 1789 2222 gaudio
1805 2193 1870 2222 per-

1127 2239 1181 2267 fusi
1199 2238 1287 2266 sorum
1306 2239 1480 2267 coronarunt,
1493 2233 1614 2260 lucernas
1632 2229 1826 2264 accenderunt,
1845 2235 1871 2257 et

1130 2292 1190 2313 ante
1200 2283 1323 2313 officinas
1335 2280 1494 2309 lectisternia
1506 2287 1628 2318 posuere.
1638 2276 1689 2304 Hic
1701 2275 1809 2304 tandem
1820 2274 1871 2302 fuit
1882 2289 1917 2308 no

1132 2330 1301 2360 Antiochenae
1311 2325 1449 2356 seditionis
1458 2325 1556 2354 exitus.

1171 2378 1231 2406 Jam
1251 2373 1285 2403 ad
1308 2371 1444 2411 sequentia
1466 2369 1619 2405 veniamus,
1635 2379 1694 2406 quae
1716 2373 1774 2407 post
1798 2366 1871 2395 diem

1134 2421 1271 2452 Paschatis
1287 2419 1450 2456 subsequuta
1465 2423 1526 2445 snut
1543 2428 1549 2443 z
1566 2416 1591 2443 in
1611 2414 1686 2453 queis
1700 2424 1731 2442 ex
1745 2413 1871 2441 diuturna

1134 2467 1289 2497 tractatione
1309 2475 1361 2494 non
1382 2473 1466 2503 pauca
1489 2468 1563 2497 sunt,
1578 2471 1638 2499 quae
1656 2458 1759 2499 pridem
1778 2468 1873 2487 secun-

1134 2516 1199 2544 dnm
1219 2510 1386 2541 Tillemontii
1410 2508 1566 2538 sententiam
1590 2513 1781 2539 statueramus,
1801 2514 1874 2542 qum-

1134 2573 1185 2600 que
1199 2561 1256 2599 jam
1274 2556 1402 2587 mutanda
1424 2555 1501 2584 nobis
1521 2559 1592 2581 sunt.
1607 2553 1725 2586 Eorum,
1740 2561 1799 2588 quie
1816 2555 1874 2588 post

1134 2608 1203 2637 diem
1220 2604 1355 2636 Pasehatis
1372 2603 1452 2641 hujus
1469 2599 1530 2628 anni
1547 2599 1605 2627 587
1619 2597 1780 2634 subsequuta
1797 2602 1871 2627 sunt,
