<?xml version="1.0" encoding="UTF-8"?>
<!DOCTYPE html PUBLIC "-//W3C//DTD XHTML 1.0 Transitional//EN"
    "http://www.w3.org/TR/xhtml1/DTD/xhtml1-transitional.dtd">
<html xmlns="http://www.w3.org/1999/xhtml" xml:lang="en" lang="en">
 <head>
  <title>
</title>
<meta http-equiv="Content-Type" content="text/html;charset=utf-8" />
  <meta name='ocr-system' content='tesseract 3.04.00' />
  <meta name='ocr-capabilities' content='ocr_page ocr_carea ocr_par ocr_line ocrx_word'/>
</head>
<body>
  <div class='ocr_page' id='page_1' title='image "./operaomniaquaeex13johnuoft_0414.png"; bbox 0 0 1884 2922; ppageno 0'>
   <div class='ocr_carea' id='block_1_1' title="bbox 221 227 288 262">
    <p class='ocr_par' dir='ltr' id='par_1_1' title="bbox 221 227 288 262">
     <span class='ocr_line' id='line_1_1' title="bbox 221 227 288 262; baseline 0 0"><span class='ocrx_word' id='word_1_1' title='bbox 221 227 288 262; x_wconf 82' lang='lat'>382</span> 
     </span>
    </p>
   </div>
   <div class='ocr_carea' id='block_1_2' title="bbox 221 295 964 1070">
    <p class='ocr_par' dir='ltr' id='par_1_2' title="bbox 221 295 958 426">
     <span class='ocr_line' id='line_1_2' title="bbox 221 295 955 334; baseline -0.011 -5"><span class='ocrx_word' id='word_1_2' title='bbox 221 298 395 330; x_wconf 77' lang='lat' dir='ltr'>Saltationem</span> <span class='ocrx_word' id='word_1_3' title='bbox 422 296 596 333; x_wconf 83' lang='lat' dir='ltr'>Hcrodiadis‚</span> <span class='ocrx_word' id='word_1_4' title='bbox 608 303 626 325; x_wconf 83' lang='lat' dir='ltr'>t.</span> <span class='ocrx_word' id='word_1_5' title='bbox 643 299 659 326; x_wconf 85' lang='lat'>8</span> <span class='ocrx_word' id='word_1_6' title='bbox 674 299 705 325; x_wconf 85' lang='lat' dir='ltr'>in</span> <span class='ocrx_word' id='word_1_7' title='bbox 725 296 837 334; x_wconf 81' lang='lat' dir='ltr'>Spuriis</span> <span class='ocrx_word' id='word_1_8' title='bbox 847 317 854 328; x_wconf 87' lang='lat'><em>‚</em></span> <span class='ocrx_word' id='word_1_9' title='bbox 866 305 893 333; x_wconf 87' lang='lat' dir='ltr'>p.</span> <span class='ocrx_word' id='word_1_10' title='bbox 908 295 955 324; x_wconf 87' lang='grc'>39.</span> 
     </span>
     <span class='ocr_line' id='line_1_3' title="bbox 259 339 958 384; baseline -0.013 -9"><span class='ocrx_word' id='word_1_11' title='bbox 259 345 365 384; x_wconf 58' lang='grc' dir='ltr'>εὨονπερ</span> <span class='ocrx_word' id='word_1_12' title='bbox 382 346 412 374; x_wconf 86' lang='grc' dir='ltr'>τὸ</span> <span class='ocrx_word' id='word_1_13' title='bbox 433 346 523 376; x_wconf 82' lang='grc' dir='ltr'>ἁπλῶς</span> <span class='ocrx_word' id='word_1_14' title='bbox 548 343 593 372; x_wconf 86' lang='grc' dir='ltr'>καὶ</span> <span class='ocrx_word' id='word_1_15' title='bbox 614 343 649 374; x_wconf 79' lang='grc' dir='ltr'>ὡς</span> <span class='ocrx_word' id='word_1_16' title='bbox 674 341 751 380; x_wconf 83' lang='grc' dir='ltr'>ἔτυχε</span> <span class='ocrx_word' id='word_1_17' title='bbox 772 339 914 376; x_wconf 77' lang='grc' dir='ltr'>πιστεύειν,</span> <span class='ocrx_word' id='word_1_18' title='bbox 930 339 958 367; x_wconf 88' lang='lat' dir='ltr'>in</span> 
     </span>
     <span class='ocr_line' id='line_1_4' title="bbox 222 389 657 426; baseline -0.007 -6"><span class='ocrx_word' id='word_1_19' title='bbox 222 393 298 421; x_wconf 81' lang='lat' dir='ltr'>Joan.</span> <span class='ocrx_word' id='word_1_20' title='bbox 313 391 390 419; x_wconf 90' lang='lat' dir='ltr'>Hom.</span> <span class='ocrx_word' id='word_1_21' title='bbox 407 392 455 419; x_wconf 77' lang='lat'>87.</span> <span class='ocrx_word' id='word_1_22' title='bbox 472 396 491 417; x_wconf 91' lang='lat' dir='ltr'>t.</span> <span class='ocrx_word' id='word_1_23' title='bbox 507 391 534 418; x_wconf 85' lang='lat'>8.</span> <span class='ocrx_word' id='word_1_24' title='bbox 547 399 572 426; x_wconf 69' lang='lat' dir='ltr'>p.</span> <span class='ocrx_word' id='word_1_25' title='bbox 587 389 657 417; x_wconf 88' lang='grc'><strong>519.</strong></span> 
     </span>
    </p>

    <p class='ocr_par' dir='ltr' id='par_1_3' title="bbox 224 431 960 565">
     <span class='ocr_line' id='line_1_5' title="bbox 261 431 960 474; baseline -0.007 -9"><span class='ocrx_word' id='word_1_26' title='bbox 261 437 367 474; x_wconf 56' lang='grc' dir='ltr'>ἸΩσπερ</span> <span class='ocrx_word' id='word_1_27' title='bbox 383 438 435 467; x_wconf 84' lang='grc' dir='ltr'>τοῖς</span> <span class='ocrx_word' id='word_1_28' title='bbox 454 434 602 473; x_wconf 75' lang='grc' dir='ltr'>σπείρουσιν</span> <span class='ocrx_word' id='word_1_29' title='bbox 623 433 713 472; x_wconf 74' lang='grc' dir='ltr'>ὄφελος</span> <span class='ocrx_word' id='word_1_30' title='bbox 736 432 911 467; x_wconf 80' lang='grc' dir='ltr'>οὖδὲν,”ὅταν,</span> <span class='ocrx_word' id='word_1_31' title='bbox 926 431 960 460; x_wconf 88' lang='lat' dir='ltr'>de</span> 
     </span>
     <span class='ocr_line' id='line_1_6' title="bbox 224 477 956 517; baseline -0.008 -6"><span class='ocrx_word' id='word_1_32' title='bbox 224 482 381 512; x_wconf 76' lang='lat' dir='ltr'>poenitentia</span> <span class='ocrx_word' id='word_1_33' title='bbox 391 503 398 515; x_wconf 92' lang='lat'>‚</span> <span class='ocrx_word' id='word_1_34' title='bbox 410 487 435 509; x_wconf 85' lang='lat' dir='ltr'>et</span> <span class='ocrx_word' id='word_1_35' title='bbox 461 480 494 508; x_wconf 87' lang='lat' dir='ltr'>de</span> <span class='ocrx_word' id='word_1_36' title='bbox 517 480 550 507; x_wconf 87' lang='lat' dir='ltr'>iis</span> <span class='ocrx_word' id='word_1_37' title='bbox 574 479 621 517; x_wconf 87' lang='lat' dir='ltr'>qui</span> <span class='ocrx_word' id='word_1_38' title='bbox 636 489 650 507; x_wconf 89' lang='lat' dir='ltr'>a</span> <span class='ocrx_word' id='word_1_39' title='bbox 665 478 783 507; x_wconf 80' lang='lat' dir='ltr'>collectis</span> <span class='ocrx_word' id='word_1_40' title='bbox 796 477 956 512; x_wconf 81' lang='lat' dir='ltr'>abfuerunt,</span> 
     </span>
     <span class='ocr_line' id='line_1_7' title="bbox 224 525 548 565; baseline -0.009 -9"><span class='ocrx_word' id='word_1_41' title='bbox 224 529 303 556; x_wconf 82' lang='lat' dir='ltr'>Hom.</span> <span class='ocrx_word' id='word_1_42' title='bbox 316 529 344 556; x_wconf 83' lang='lat'>9.</span> <span class='ocrx_word' id='word_1_43' title='bbox 358 533 376 555; x_wconf 90' lang='lat' dir='ltr'>t.</span> <span class='ocrx_word' id='word_1_44' title='bbox 392 529 421 556; x_wconf 80' lang='lat'><strong>2.</strong></span> <span class='ocrx_word' id='word_1_45' title='bbox 439 537 464 565; x_wconf 86' lang='lat' dir='ltr'>p.</span> <span class='ocrx_word' id='word_1_46' title='bbox 479 525 548 556; x_wconf 76' lang='lat'>348.</span> 
     </span>
    </p>

    <p class='ocr_par' dir='ltr' id='par_1_4' title="bbox 222 569 963 786">
     <span class='ocr_line' id='line_1_8' title="bbox 260 569 961 611; baseline -0.007 -9"><span class='ocrx_word' id='word_1_47' title='bbox 260 573 367 611; x_wconf 71' lang='grc' dir='ltr'>”Ωσπερ</span> <span class='ocrx_word' id='word_1_48' title='bbox 381 574 433 600; x_wconf 81' lang='grc' dir='ltr'>τῶν</span> <span class='ocrx_word' id='word_1_49' title='bbox 448 571 607 610; x_wconf 75' lang='grc' dir='ltr'>σπειρόντων</span> <span class='ocrx_word' id='word_1_50' title='bbox 622 570 712 609; x_wconf 69' lang='grc' dir='ltr'>ὄφελος</span> <span class='ocrx_word' id='word_1_51' title='bbox 726 570 811 606; x_wconf 76' lang='grc' dir='ltr'>οὐδὲν,</span> <span class='ocrx_word' id='word_1_52' title='bbox 823 569 886 598; x_wconf 74' lang='grc' dir='ltr'>ὅταν</span> <span class='ocrx_word' id='word_1_53' title='bbox 905 580 961 597; x_wconf 86' lang='grc' dir='ltr'>πα-</span> 
     </span>
     <span class='ocr_line' id='line_1_9' title="bbox 225 615 962 658; baseline -0.005 -11"><span class='ocrx_word' id='word_1_54' title='bbox 225 619 256 658; x_wconf 84' lang='grc' dir='ltr'>ρά</span> <span class='ocrx_word' id='word_1_55' title='bbox 266 641 274 656; x_wconf 84' lang='lat'><em>,</em></span> <span class='ocrx_word' id='word_1_56' title='bbox 290 617 358 655; x_wconf 87' lang='lat' dir='ltr'>quid</span> <span class='ocrx_word' id='word_1_57' title='bbox 371 618 406 646; x_wconf 91' lang='lat' dir='ltr'>sit</span> <span class='ocrx_word' id='word_1_58' title='bbox 420 617 501 653; x_wconf 88' lang='lat' dir='ltr'>illud,</span> <span class='ocrx_word' id='word_1_59' title='bbox 516 617 569 645; x_wconf 75' lang='lat' dir='ltr'>Ad</span> <span class='ocrx_word' id='word_1_60' title='bbox 582 615 814 652; x_wconf 78' lang='lat' dir='ltr'>similitudinem,</span> <span class='ocrx_word' id='word_1_61' title='bbox 827 626 848 643; x_wconf 85' lang='lat' dir='ltr'>s.</span> <span class='ocrx_word' id='word_1_62' title='bbox 862 615 890 643; x_wconf 88' lang='lat' dir='ltr'>in</span> <span class='ocrx_word' id='word_1_63' title='bbox 905 616 962 644; x_wconf 81' lang='lat' dir='ltr'>Ge-</span> 
     </span>
     <span class='ocr_line' id='line_1_10' title="bbox 222 660 961 702; baseline -0.005 -9"><span class='ocrx_word' id='word_1_64' title='bbox 222 664 307 693; x_wconf 80' lang='lat' dir='ltr'>nesim</span> <span class='ocrx_word' id='word_1_65' title='bbox 323 665 417 693; x_wconf 86' lang='lat' dir='ltr'>Sermo</span> <span class='ocrx_word' id='word_1_66' title='bbox 431 665 459 693; x_wconf 90' lang='lat'>3.</span> <span class='ocrx_word' id='word_1_67' title='bbox 473 670 492 692; x_wconf 86' lang='lat' dir='ltr'>t.</span> <span class='ocrx_word' id='word_1_68' title='bbox 510 663 537 692; x_wconf 78' lang='lat'>4.</span> <span class='ocrx_word' id='word_1_69' title='bbox 553 674 579 702; x_wconf 81' lang='lat' dir='ltr'>p.</span> <span class='ocrx_word' id='word_1_70' title='bbox 596 664 662 691; x_wconf 84' lang='lat'><strong>655.</strong></span> <span class='ocrx_word' id='word_1_71' title='bbox 673 662 686 675; x_wconf 77' lang='lat'><strong>*</strong></span> <span class='ocrx_word' id='word_1_72' title='bbox 698 662 760 690; x_wconf 63' lang='lat' dir='ltr'>Haec</span> <span class='ocrx_word' id='word_1_73' title='bbox 772 661 856 690; x_wconf 73' lang='lat' dir='ltr'>oratio</span> <span class='ocrx_word' id='word_1_74' title='bbox 869 660 961 690; x_wconf 83' lang='lat' dir='ltr'>eadem</span> 
     </span>
     <span class='ocr_line' id='line_1_11' title="bbox 222 708 963 749; baseline -0.001 -10"><span class='ocrx_word' id='word_1_75' title='bbox 222 712 276 740; x_wconf 86' lang='lat' dir='ltr'>sere</span> <span class='ocrx_word' id='word_1_76' title='bbox 289 721 371 749; x_wconf 84' lang='lat' dir='ltr'>quam</span> <span class='ocrx_word' id='word_1_77' title='bbox 385 721 462 739; x_wconf 86' lang='lat' dir='ltr'>sensu</span> <span class='ocrx_word' id='word_1_78' title='bbox 486 716 540 739; x_wconf 80' lang='lat' dir='ltr'>tam</span> <span class='ocrx_word' id='word_1_79' title='bbox 554 709 644 739; x_wconf 84' lang='lat' dir='ltr'>verbis</span> <span class='ocrx_word' id='word_1_80' title='bbox 659 716 697 738; x_wconf 84' lang='lat' dir='ltr'>est</span> <span class='ocrx_word' id='word_1_81' title='bbox 708 720 769 738; x_wconf 88' lang='lat' dir='ltr'>cum</span> <span class='ocrx_word' id='word_1_82' title='bbox 780 719 848 737; x_wconf 78' lang='lat' dir='ltr'>nona</span> <span class='ocrx_word' id='word_1_83' title='bbox 863 708 890 736; x_wconf 87' lang='lat' dir='ltr'>in</span> <span class='ocrx_word' id='word_1_84' title='bbox 903 709 963 738; x_wconf 79' lang='lat' dir='ltr'>Ge-</span> 
     </span>
     <span class='ocr_line' id='line_1_12' title="bbox 223 757 316 786; baseline -0.011 -1"><span class='ocrx_word' id='word_1_85' title='bbox 223 757 316 786; x_wconf 87' lang='lat' dir='ltr'>nesim.</span> 
     </span>
    </p>

    <p class='ocr_par' dir='ltr' id='par_1_5' title="bbox 224 801 963 932">
     <span class='ocr_line' id='line_1_13' title="bbox 262 801 962 841; baseline -0.001 -11"><span class='ocrx_word' id='word_1_86' title='bbox 262 801 370 841; x_wconf 58' lang='grc' dir='ltr'>ςὨσπερ</span> <span class='ocrx_word' id='word_1_87' title='bbox 384 801 554 841; x_wconf 68' lang='grc' dir='ltr'>ὑὸριζομένου</span> <span class='ocrx_word' id='word_1_88' title='bbox 576 801 702 831; x_wconf 82' lang='grc' dir='ltr'>δεσπότου</span> <span class='ocrx_word' id='word_1_89' title='bbox 724 804 737 831; x_wconf 85' lang='grc' dir='ltr'><em>ὃ</em></span> <span class='ocrx_word' id='word_1_90' title='bbox 751 802 830 835; x_wconf 84' lang='grc' dir='ltr'>καλὸς</span> <span class='ocrx_word' id='word_1_91' title='bbox 845 801 962 837; x_wconf 78' lang='grc' dir='ltr'>οἰκέτης,</span> 
     </span>
     <span class='ocr_line' id='line_1_14' title="bbox 225 847 963 887; baseline 0 -11"><span class='ocrx_word' id='word_1_92' title='bbox 225 848 252 876; x_wconf 90' lang='lat' dir='ltr'>in</span> <span class='ocrx_word' id='word_1_93' title='bbox 273 847 409 875; x_wconf 80' lang='lat' dir='ltr'>Psalmum</span> <span class='ocrx_word' id='word_1_94' title='bbox 424 850 454 885; x_wconf 83' lang='lat'>8,</span> <span class='ocrx_word' id='word_1_95' title='bbox 474 848 560 876; x_wconf 77' lang='lat' dir='ltr'>Dixit</span> <span class='ocrx_word' id='word_1_96' title='bbox 579 850 718 887; x_wconf 81' lang='lat' dir='ltr'><em>insipiens</em></span> <span class='ocrx_word' id='word_1_97' title='bbox 740 851 772 876; x_wconf 86' lang='lat' dir='ltr'>in</span> <span class='ocrx_word' id='word_1_98' title='bbox 787 848 873 876; x_wconf 86' lang='lat' dir='ltr'>corde</span> <span class='ocrx_word' id='word_1_99' title='bbox 887 857 939 876; x_wconf 83' lang='lat' dir='ltr'>suo</span> <span class='ocrx_word' id='word_1_100' title='bbox 951 860 963 882; x_wconf 84' lang='lat'>,-</span> 
     </span>
     <span class='ocr_line' id='line_1_15' title="bbox 224 894 534 932; baseline 0.003 -11"><span class='ocrx_word' id='word_1_101' title='bbox 224 895 334 932; x_wconf 84' lang='lat' dir='ltr'>spuria,</span> <span class='ocrx_word' id='word_1_102' title='bbox 350 899 369 921; x_wconf 82' lang='lat' dir='ltr'>t.</span> <span class='ocrx_word' id='word_1_103' title='bbox 383 894 409 922; x_wconf 90' lang='lat'>5.</span> <span class='ocrx_word' id='word_1_104' title='bbox 425 904 451 932; x_wconf 87' lang='lat' dir='ltr'>p.</span> <span class='ocrx_word' id='word_1_105' title='bbox 467 894 534 922; x_wconf 85' lang='lat'>557.</span> 
     </span>
    </p>

    <p class='ocr_par' dir='ltr' id='par_1_6' title="bbox 226 938 964 1024">
     <span class='ocr_line' id='line_1_16' title="bbox 264 938 964 977; baseline -0.001 -9"><span class='ocrx_word' id='word_1_106' title='bbox 264 939 314 972; x_wconf 64' lang='lat' dir='ltr'>‘stc</span> <span class='ocrx_word' id='word_1_107' title='bbox 327 939 444 972; x_wconf 83' lang='grc' dir='ltr'>ποθεινὸς</span> <span class='ocrx_word' id='word_1_108' title='bbox 458 939 503 968; x_wconf 74' lang='grc' dir='ltr'>καὶ</span> <span class='ocrx_word' id='word_1_109' title='bbox 518 939 660 977; x_wconf 71' lang='grc' dir='ltr'>ἐπέραστος</span> <span class='ocrx_word' id='word_1_110' title='bbox 674 940 725 967; x_wconf 81' lang='grc' dir='ltr'>τῶν</span> <span class='ocrx_word' id='word_1_111' title='bbox 737 938 801 967; x_wconf 78' lang='grc' dir='ltr'>νέων</span> <span class='ocrx_word' id='word_1_112' title='bbox 816 940 879 977; x_wconf 84' lang='grc' dir='ltr'>ἡμῖν</span> <span class='ocrx_word' id='word_1_113' title='bbox 892 939 964 967; x_wconf 77' lang='grc' dir='ltr'>ἀδελ·</span> 
     </span>
     <span class='ocr_line' id='line_1_17' title="bbox 226 984 964 1024; baseline 0.001 -11"><span class='ocrx_word' id='word_1_114' title='bbox 226 986 293 1024; x_wconf 81' lang='grc' dir='ltr'>φῶν,</span> <span class='ocrx_word' id='word_1_115' title='bbox 309 985 460 1014; x_wconf 79' lang='lat' dir='ltr'>Catechesis</span> <span class='ocrx_word' id='word_1_116' title='bbox 475 987 487 1014; x_wconf 94' lang='lat'>1</span> <span class='ocrx_word' id='word_1_117' title='bbox 502 985 538 1013; x_wconf 86' lang='lat' dir='ltr'>ad</span> <span class='ocrx_word' id='word_1_118' title='bbox 554 984 757 1021; x_wconf 83' lang='lat' dir='ltr'>Illuminandos‚</span> <span class='ocrx_word' id='word_1_119' title='bbox 772 991 792 1015; x_wconf 85' lang='lat' dir='ltr'>t.</span> <span class='ocrx_word' id='word_1_120' title='bbox 811 987 838 1014; x_wconf 89' lang='lat'><strong>2.</strong></span> <span class='ocrx_word' id='word_1_121' title='bbox 854 995 883 1024; x_wconf 90' lang='lat' dir='ltr'>p.</span> <span class='ocrx_word' id='word_1_122' title='bbox 897 986 964 1014; x_wconf 86' lang='lat'><strong>225.</strong></span> 
     </span>
    </p>

    <p class='ocr_par' dir='ltr' id='par_1_7' title="bbox 265 1030 964 1070">
     <span class='ocr_line' id='line_1_18' title="bbox 265 1030 964 1070; baseline 0 -11"><span class='ocrx_word' id='word_1_123' title='bbox 265 1030 349 1060; x_wconf 66' lang='lat' dir='ltr'>“stote</span> <span class='ocrx_word' id='word_1_124' title='bbox 367 1033 414 1059; x_wconf 87' lang='grc' dir='ltr'>οὐκ</span> <span class='ocrx_word' id='word_1_125' title='bbox 429 1031 494 1070; x_wconf 80' lang='grc' dir='ltr'>ἀνὴρ</span> <span class='ocrx_word' id='word_1_126' title='bbox 513 1030 601 1069; x_wconf 75' lang='grc' dir='ltr'>μόνον,</span> <span class='ocrx_word' id='word_1_127' title='bbox 618 1031 676 1059; x_wconf 83' lang='grc' dir='ltr'>οὔτε</span> <span class='ocrx_word' id='word_1_128' title='bbox 690 1031 766 1069; x_wconf 82' lang='grc' dir='ltr'>γυνὴ,</span> <span class='ocrx_word' id='word_1_129' title='bbox 782 1030 840 1059; x_wconf 80' lang='grc' dir='ltr'>οὔτε</span> <span class='ocrx_word' id='word_1_130' title='bbox 852 1031 945 1060; x_wconf 73' lang='grc' dir='ltr'>παιδία</span> <span class='ocrx_word' id='word_1_131' title='bbox 955 1053 964 1068; x_wconf 86' lang='lat'><em>,</em></span> 
     </span>
    </p>
   </div>
   <div class='ocr_carea' id='block_1_3' title="bbox 226 1076 860 1116">
    <p class='ocr_par' dir='ltr' id='par_1_8' title="bbox 226 1076 860 1116">
     <span class='ocr_line' id='line_1_19' title="bbox 226 1076 860 1116; baseline 0.002 -12"><span class='ocrx_word' id='word_1_132' title='bbox 226 1076 254 1104; x_wconf 89' lang='lat' dir='ltr'>iu</span> <span class='ocrx_word' id='word_1_133' title='bbox 269 1076 321 1116; x_wconf 85' lang='lat' dir='ltr'>Ep.</span> <span class='ocrx_word' id='word_1_134' title='bbox 336 1076 371 1105; x_wconf 82' lang='lat' dir='ltr'>ad</span> <span class='ocrx_word' id='word_1_135' title='bbox 385 1076 483 1116; x_wconf 85' lang='lat' dir='ltr'>Ephes.</span> <span class='ocrx_word' id='word_1_136' title='bbox 498 1077 579 1104; x_wconf 88' lang='lat' dir='ltr'>Hom.</span> <span class='ocrx_word' id='word_1_137' title='bbox 597 1079 644 1106; x_wconf 91' lang='lat'>22.</span> <span class='ocrx_word' id='word_1_138' title='bbox 658 1083 676 1105; x_wconf 90' lang='lat' dir='ltr'>t.</span> <span class='ocrx_word' id='word_1_139' title='bbox 694 1080 739 1105; x_wconf 92' lang='lat'>11.</span> <span class='ocrx_word' id='word_1_140' title='bbox 752 1087 779 1115; x_wconf 92' lang='lat' dir='ltr'>p.</span> <span class='ocrx_word' id='word_1_141' title='bbox 796 1077 860 1106; x_wconf 83' lang='lat'>165.</span> 
     </span>
    </p>
   </div>
   <div class='ocr_carea' id='block_1_4' title="bbox 697 229 1269 257">
    <p class='ocr_par' dir='ltr' id='par_1_9' title="bbox 697 229 1269 257">
     <span class='ocr_line' id='line_1_20' title="bbox 697 229 1269 257; baseline -0.01 0"><span class='ocrx_word' id='word_1_142' title='bbox 697 235 726 257; x_wconf 83' lang='lat' dir='ltr'>S·</span> <span class='ocrx_word' id='word_1_143' title='bbox 754 232 894 257; x_wconf 70' lang='lat' dir='ltr'>JOANNIS</span> <span class='ocrx_word' id='word_1_144' title='bbox 921 230 1103 255; x_wconf 73' lang='lat' dir='ltr'><strong>CHRYSOST.</strong></span> <span class='ocrx_word' id='word_1_145' title='bbox 1133 229 1269 252; x_wconf 73' lang='lat' dir='ltr'>OPERUM</span> 
     </span>
    </p>
   </div>
   <div class='ocr_carea' id='block_1_5' title="bbox 1014 289 1763 1103">
    <p class='ocr_par' dir='ltr' id='par_1_10' title="bbox 1014 289 1751 422">
     <span class='ocr_line' id='line_1_21' title="bbox 1044 289 1749 331; baseline -0.003 -11"><span class='ocrx_word' id='word_1_146' title='bbox 1044 292 1092 324; x_wconf 87' lang='grc' dir='ltr'>Ὡς</span> <span class='ocrx_word' id='word_1_147' title='bbox 1105 291 1203 331; x_wconf 81' lang='grc' dir='ltr'>τερπνὰ</span> <span class='ocrx_word' id='word_1_148' title='bbox 1218 293 1264 326; x_wconf 77' lang='grc' dir='ltr'>τῆς</span> <span class='ocrx_word' id='word_1_149' title='bbox 1277 292 1456 329; x_wconf 73' lang='grc' dir='ltr'>πνευματικῆς</span> <span class='ocrx_word' id='word_1_150' title='bbox 1466 289 1562 325; x_wconf 83' lang='grc' dir='ltr'>ταύτης</span> <span class='ocrx_word' id='word_1_151' title='bbox 1571 291 1634 327; x_wconf 83' lang='grc' dir='ltr'>ἡμῖν</span> <span class='ocrx_word' id='word_1_152' title='bbox 1648 289 1749 319; x_wconf 77' lang='grc' dir='ltr'>θαλάσ-</span> 
     </span>
     <span class='ocr_line' id='line_1_22' title="bbox 1014 336 1751 376; baseline -0.003 -10"><span class='ocrx_word' id='word_1_153' title='bbox 1014 349 1073 374; x_wconf 84' lang='grc' dir='ltr'>σης,</span> <span class='ocrx_word' id='word_1_154' title='bbox 1095 337 1128 366; x_wconf 79' lang='lat' dir='ltr'>de</span> <span class='ocrx_word' id='word_1_155' title='bbox 1155 337 1312 366; x_wconf 81' lang='lat' dir='ltr'>Poenitentia</span> <span class='ocrx_word' id='word_1_156' title='bbox 1337 343 1363 366; x_wconf 89' lang='lat' dir='ltr'>et</span> <span class='ocrx_word' id='word_1_157' title='bbox 1385 336 1492 376; x_wconf 83' lang='lat' dir='ltr'>Jejunio</span> <span class='ocrx_word' id='word_1_158' title='bbox 1520 336 1598 364; x_wconf 87' lang='lat' dir='ltr'>Hom.</span> <span class='ocrx_word' id='word_1_159' title='bbox 1622 337 1650 366; x_wconf 88' lang='grc'>6.</span> <span class='ocrx_word' id='word_1_160' title='bbox 1678 343 1697 364; x_wconf 79' lang='lat' dir='ltr'>t.</span> <span class='ocrx_word' id='word_1_161' title='bbox 1723 338 1751 365; x_wconf 88' lang='lat'><strong>2.</strong></span> 
     </span>
     <span class='ocr_line' id='line_1_23' title="bbox 1014 385 1121 422; baseline -0.009 -10"><span class='ocrx_word' id='word_1_162' title='bbox 1014 394 1041 422; x_wconf 88' lang='lat' dir='ltr'>p.</span> <span class='ocrx_word' id='word_1_163' title='bbox 1054 385 1121 414; x_wconf 89' lang='lat'><strong>316.</strong></span> 
     </span>
    </p>

    <p class='ocr_par' dir='ltr' id='par_1_11' title="bbox 1016 427 1755 513">
     <span class='ocr_line' id='line_1_24' title="bbox 1055 427 1755 469; baseline -0.006 -11"><span class='ocrx_word' id='word_1_164' title='bbox 1055 429 1101 462; x_wconf 86' lang='grc' dir='ltr'>Ὡς</span> <span class='ocrx_word' id='word_1_165' title='bbox 1111 429 1207 469; x_wconf 80' lang='grc' dir='ltr'>φαιδρὰ</span> <span class='ocrx_word' id='word_1_166' title='bbox 1219 429 1263 458; x_wconf 76' lang='grc' dir='ltr'>καὶ</span> <span class='ocrx_word' id='word_1_167' title='bbox 1278 428 1425 469; x_wconf 79' lang='grc' dir='ltr'>περιχαρὴς</span> <span class='ocrx_word' id='word_1_168' title='bbox 1438 429 1528 466; x_wconf 80' lang='grc' dir='ltr'>ἡμῐνὴ</span> <span class='ocrx_word' id='word_1_169' title='bbox 1538 428 1624 462; x_wconf 83' lang='grc' dir='ltr'>πόλις,</span> <span class='ocrx_word' id='word_1_170' title='bbox 1638 427 1664 455; x_wconf 91' lang='lat' dir='ltr'>in</span> <span class='ocrx_word' id='word_1_171' title='bbox 1678 428 1755 456; x_wconf 84' lang='lat' dir='ltr'><strong>Mac-</strong></span> 
     </span>
     <span class='ocr_line' id='line_1_25' title="bbox 1016 475 1475 513; baseline 0.002 -9"><span class='ocrx_word' id='word_1_172' title='bbox 1016 475 1136 504; x_wconf 79' lang='lat' dir='ltr'>chabaeos</span> <span class='ocrx_word' id='word_1_173' title='bbox 1149 475 1227 504; x_wconf 87' lang='lat' dir='ltr'>Hom.</span> <span class='ocrx_word' id='word_1_174' title='bbox 1245 478 1272 504; x_wconf 93' lang='lat'>1.</span> <span class='ocrx_word' id='word_1_175' title='bbox 1289 482 1309 503; x_wconf 86' lang='lat' dir='ltr'>t.</span> <span class='ocrx_word' id='word_1_176' title='bbox 1327 477 1354 504; x_wconf 91' lang='lat'><strong>2.</strong></span> <span class='ocrx_word' id='word_1_177' title='bbox 1366 485 1392 513; x_wconf 85' lang='lat' dir='ltr'>p.</span> <span class='ocrx_word' id='word_1_178' title='bbox 1404 475 1475 505; x_wconf 85' lang='lat'><strong>622.</strong></span> 
     </span>
    </p>

    <p class='ocr_par' dir='ltr' id='par_1_12' title="bbox 1017 518 1754 605">
     <span class='ocr_line' id='line_1_26' title="bbox 1056 518 1754 561; baseline -0.007 -10"><span class='ocrx_word' id='word_1_179' title='bbox 1056 523 1077 560; x_wconf 86' lang='lat'>†</span> <span class='ocrx_word' id='word_1_180' title='bbox 1091 521 1139 554; x_wconf 69' lang='lat' dir='ltr'>‘stc</span> <span class='ocrx_word' id='word_1_181' title='bbox 1146 522 1231 561; x_wconf 79' lang='grc' dir='ltr'>ὡραία</span> <span class='ocrx_word' id='word_1_182' title='bbox 1243 524 1259 557; x_wconf 84' lang='grc' dir='ltr'>ἡ</span> <span class='ocrx_word' id='word_1_183' title='bbox 1274 520 1440 559; x_wconf 80' lang='grc' dir='ltr'>πνευματικὴ</span> <span class='ocrx_word' id='word_1_184' title='bbox 1454 519 1538 556; x_wconf 76' lang='grc' dir='ltr'>ἐλαία,</span> <span class='ocrx_word' id='word_1_185' title='bbox 1547 519 1688 548; x_wconf 80' lang='lat' dir='ltr'>undecima</span> <span class='ocrx_word' id='word_1_186' title='bbox 1697 518 1754 547; x_wconf 85' lang='lat' dir='ltr'>Ho-</span> 
     </span>
     <span class='ocr_line' id='line_1_27' title="bbox 1017 568 1530 605; baseline -0.006 -9"><span class='ocrx_word' id='word_1_187' title='bbox 1017 568 1155 597; x_wconf 84' lang='lat' dir='ltr'>miliarum</span> <span class='ocrx_word' id='word_1_188' title='bbox 1167 578 1307 602; x_wconf 85' lang='lat' dir='ltr'>novarum,</span> <span class='ocrx_word' id='word_1_189' title='bbox 1323 574 1342 595; x_wconf 88' lang='lat' dir='ltr'>t.</span> <span class='ocrx_word' id='word_1_190' title='bbox 1362 569 1407 596; x_wconf 84' lang='lat'><strong>12.</strong></span> <span class='ocrx_word' id='word_1_191' title='bbox 1423 577 1451 605; x_wconf 85' lang='lat' dir='ltr'>p.</span> <span class='ocrx_word' id='word_1_192' title='bbox 1464 568 1530 596; x_wconf 81' lang='lat'>395.</span> 
     </span>
    </p>

    <p class='ocr_par' dir='ltr' id='par_1_13' title="bbox 1018 609 1756 697">
     <span class='ocr_line' id='line_1_28' title="bbox 1056 609 1756 650; baseline -0.006 -8"><span class='ocrx_word' id='word_1_193' title='bbox 1056 612 1093 642; x_wconf 89' lang='grc' dir='ltr'>Ὢ</span> <span class='ocrx_word' id='word_1_194' title='bbox 1106 616 1153 648; x_wconf 73' lang='grc' dir='ltr'>τῆς</span> <span class='ocrx_word' id='word_1_195' title='bbox 1171 613 1258 645; x_wconf 82' lang='grc' dir='ltr'>ἀνοίας</span> <span class='ocrx_word' id='word_1_196' title='bbox 1273 615 1320 647; x_wconf 67' lang='grc' dir='ltr'>τῆς</span> <span class='ocrx_word' id='word_1_197' title='bbox 1333 613 1480 646; x_wconf 78' lang='grc' dir='ltr'>Ἰουδαϊκῆς</span> <span class='ocrx_word' id='word_1_198' title='bbox 1502 610 1554 650; x_wconf 82' lang='grc' dir='ltr'>πρὸ</span> <span class='ocrx_word' id='word_1_199' title='bbox 1573 613 1618 639; x_wconf 77' lang='grc' dir='ltr'>τοῦ</span> <span class='ocrx_word' id='word_1_200' title='bbox 1637 609 1737 648; x_wconf 76' lang='grc' dir='ltr'>Πάσχα</span> <span class='ocrx_word' id='word_1_201' title='bbox 1748 631 1756 645; x_wconf 84' lang='lat'>‚</span> 
     </span>
     <span class='ocr_line' id='line_1_29' title="bbox 1018 659 1484 697; baseline -0.004 -9"><span class='ocrx_word' id='word_1_202' title='bbox 1018 660 1045 689; x_wconf 89' lang='lat' dir='ltr'>in</span> <span class='ocrx_word' id='word_1_203' title='bbox 1057 661 1134 690; x_wconf 81' lang='lat' dir='ltr'>Joan.</span> <span class='ocrx_word' id='word_1_204' title='bbox 1145 659 1224 688; x_wconf 90' lang='lat' dir='ltr'>Hom.</span> <span class='ocrx_word' id='word_1_205' title='bbox 1238 661 1284 689; x_wconf 79' lang='lat'>53.</span> <span class='ocrx_word' id='word_1_206' title='bbox 1301 666 1320 687; x_wconf 82' lang='lat' dir='ltr'>t.</span> <span class='ocrx_word' id='word_1_207' title='bbox 1334 661 1360 689; x_wconf 85' lang='lat'>8.</span> <span class='ocrx_word' id='word_1_208' title='bbox 1373 669 1398 697; x_wconf 84' lang='lat' dir='ltr'>p.</span> <span class='ocrx_word' id='word_1_209' title='bbox 1415 660 1484 688; x_wconf 87' lang='lat'><strong>310.</strong></span> 
     </span>
    </p>

    <p class='ocr_par' dir='ltr' id='par_1_14' title="bbox 1018 700 1759 882">
     <span class='ocr_line' id='line_1_30' title="bbox 1058 700 1759 743; baseline -0.009 -9"><span class='ocrx_word' id='word_1_210' title='bbox 1058 705 1079 742; x_wconf 82' lang='lat'>†</span> <span class='ocrx_word' id='word_1_211' title='bbox 1088 703 1127 734; x_wconf 82' lang='grc' dir='ltr'>Ὢ</span> <span class='ocrx_word' id='word_1_212' title='bbox 1135 707 1181 739; x_wconf 82' lang='grc' dir='ltr'>τῆς</span> <span class='ocrx_word' id='word_1_213' title='bbox 1197 704 1264 743; x_wconf 76' lang='grc' dir='ltr'>βίας,</span> <span class='ocrx_word' id='word_1_214' title='bbox 1276 704 1297 733; x_wconf 81' lang='grc' dir='ltr'>ὣ</span> <span class='ocrx_word' id='word_1_215' title='bbox 1311 706 1358 739; x_wconf 84' lang='grc' dir='ltr'>τ’ῆς</span> <span class='ocrx_word' id='word_1_216' title='bbox 1367 703 1525 743; x_wconf 81' lang='grc' dir='ltr'>τυραννίδος·</span> <span class='ocrx_word' id='word_1_217' title='bbox 1537 700 1759 740; x_wconf 79' lang='grc' dir='ltr'>πεπληρωμένην,</span> 
     </span>
     <span class='ocr_line' id='line_1_31' title="bbox 1018 746 1758 790; baseline -0.007 -11"><span class='ocrx_word' id='word_1_218' title='bbox 1018 752 1044 780; x_wconf 89' lang='lat' dir='ltr'>in</span> <span class='ocrx_word' id='word_1_219' title='bbox 1059 751 1136 785; x_wconf 89' lang='lat' dir='ltr'>illud,</span> <span class='ocrx_word' id='word_1_220' title='bbox 1150 752 1318 790; x_wconf 84' lang='lat' dir='ltr'><em>Numquam</em></span> <span class='ocrx_word' id='word_1_221' title='bbox 1331 750 1428 778; x_wconf 73' lang='lat' dir='ltr'>Filius</span> <span class='ocrx_word' id='word_1_222' title='bbox 1442 748 1558 787; x_wconf 81' lang='lat' dir='ltr'>aliquid</span> <span class='ocrx_word' id='word_1_223' title='bbox 1570 758 1589 776; x_wconf 85' lang='lat' dir='ltr'><em>a</em></span> <span class='ocrx_word' id='word_1_224' title='bbox 1600 746 1758 786; x_wconf 77' lang='lat' dir='ltr'>seipsofa-</span> 
     </span>
     <span class='ocr_line' id='line_1_32' title="bbox 1019 792 1758 836; baseline -0.008 -9"><span class='ocrx_word' id='word_1_225' title='bbox 1019 801 1067 834; x_wconf 78' lang='lat' dir='ltr'>cit,</span> <span class='ocrx_word' id='word_1_226' title='bbox 1078 805 1096 826; x_wconf 87' lang='lat' dir='ltr'>t.</span> <span class='ocrx_word' id='word_1_227' title='bbox 1108 799 1135 827; x_wconf 90' lang='lat'>6.</span> <span class='ocrx_word' id='word_1_228' title='bbox 1150 808 1178 836; x_wconf 89' lang='lat' dir='ltr'>p.</span> <span class='ocrx_word' id='word_1_229' title='bbox 1196 798 1263 827; x_wconf 84' lang='lat'><strong>255.</strong></span> <span class='ocrx_word' id='word_1_230' title='bbox 1278 797 1291 811; x_wconf 59' lang='lat'>&#39;⁹</span> <span class='ocrx_word' id='word_1_231' title='bbox 1305 797 1360 824; x_wconf 78' lang='lat' dir='ltr'>Csr.</span> <span class='ocrx_word' id='word_1_232' title='bbox 1375 806 1434 834; x_wconf 86' lang='lat' dir='ltr'>quae</span> <span class='ocrx_word' id='word_1_233' title='bbox 1448 795 1481 824; x_wconf 88' lang='lat' dir='ltr'>de</span> <span class='ocrx_word' id='word_1_234' title='bbox 1495 795 1545 823; x_wconf 80' lang='lat' dir='ltr'>hac</span> <span class='ocrx_word' id='word_1_235' title='bbox 1559 793 1670 823; x_wconf 83' lang='lat' dir='ltr'><strong>homilia</strong></span> <span class='ocrx_word' id='word_1_236' title='bbox 1682 792 1758 822; x_wconf 73' lang='lat' dir='ltr'>dixi-</span> 
     </span>
     <span class='ocr_line' id='line_1_33' title="bbox 1019 842 1420 882; baseline -0.005 -10"><span class='ocrx_word' id='word_1_237' title='bbox 1019 855 1079 872; x_wconf 83' lang='lat' dir='ltr'>mus</span> <span class='ocrx_word' id='word_1_238' title='bbox 1091 851 1111 872; x_wconf 91' lang='lat' dir='ltr'>t.</span> <span class='ocrx_word' id='word_1_239' title='bbox 1130 846 1174 874; x_wconf 90' lang='lat'><strong>12.</strong></span> <span class='ocrx_word' id='word_1_240' title='bbox 1190 855 1218 882; x_wconf 79' lang='lat' dir='ltr'>p.</span> <span class='ocrx_word' id='word_1_241' title='bbox 1235 844 1264 873; x_wconf 87' lang='lat'>5.</span> <span class='ocrx_word' id='word_1_242' title='bbox 1279 842 1322 872; x_wconf 86' lang='lat' dir='ltr'>ed.</span> <span class='ocrx_word' id='word_1_243' title='bbox 1333 852 1420 871; x_wconf 76' lang='lat' dir='ltr'>novae.</span> 
     </span>
    </p>

    <p class='ocr_par' dir='ltr' id='par_1_15' title="bbox 1021 884 1759 975">
     <span class='ocr_line' id='line_1_34' title="bbox 1058 884 1759 927; baseline -0.009 -8"><span class='ocrx_word' id='word_1_244' title='bbox 1058 889 1097 919; x_wconf 85' lang='grc' dir='ltr'>Ὢ</span> <span class='ocrx_word' id='word_1_245' title='bbox 1110 891 1157 923; x_wconf 79' lang='grc' dir='ltr'>τῆς</span> <span class='ocrx_word' id='word_1_246' title='bbox 1173 891 1325 927; x_wconf 79' lang='grc' dir='ltr'>θαυμαστῆς</span> <span class='ocrx_word' id='word_1_247' title='bbox 1337 888 1381 916; x_wconf 74' lang='grc' dir='ltr'>καὶ</span> <span class='ocrx_word' id='word_1_248' title='bbox 1396 886 1505 926; x_wconf 73' lang='grc' dir='ltr'>ταχείας</span> <span class='ocrx_word' id='word_1_249' title='bbox 1517 886 1602 924; x_wconf 68' lang='grc' dir='ltr'>νίκης,</span> <span class='ocrx_word' id='word_1_250' title='bbox 1614 885 1641 914; x_wconf 83' lang='lat' dir='ltr'>in</span> <span class='ocrx_word' id='word_1_251' title='bbox 1658 884 1759 914; x_wconf 78' lang='lat' dir='ltr'>Psalm.</span> 
     </span>
     <span class='ocr_line' id='line_1_35' title="bbox 1021 937 1331 975; baseline -0.01 -9"><span class='ocrx_word' id='word_1_252' title='bbox 1021 939 1050 973; x_wconf 84' lang='lat'>8,</span> <span class='ocrx_word' id='word_1_253' title='bbox 1064 938 1163 975; x_wconf 81' lang='lat' dir='ltr'>spuria</span> <span class='ocrx_word' id='word_1_254' title='bbox 1178 943 1204 963; x_wconf 79' lang='lat' dir='ltr'>et</span> <span class='ocrx_word' id='word_1_255' title='bbox 1217 937 1331 964; x_wconf 83' lang='lat' dir='ltr'>omissa.</span> 
     </span>
    </p>

    <p class='ocr_par' dir='ltr' id='par_1_16' title="bbox 1020 976 1763 1103">
     <span class='ocr_line' id='line_1_36' title="bbox 1059 976 1760 1018; baseline -0.009 -8"><span class='ocrx_word' id='word_1_256' title='bbox 1059 982 1096 1010; x_wconf 84' lang='grc' dir='ltr'>Ὦ</span> <span class='ocrx_word' id='word_1_257' title='bbox 1116 984 1167 1010; x_wconf 80' lang='grc' dir='ltr'>τῶν</span> <span class='ocrx_word' id='word_1_258' title='bbox 1184 981 1261 1015; x_wconf 77' lang='grc' dir='ltr'>ξένων</span> <span class='ocrx_word' id='word_1_259' title='bbox 1289 981 1334 1009; x_wconf 76' lang='grc' dir='ltr'>καὶ</span> <span class='ocrx_word' id='word_1_260' title='bbox 1360 979 1514 1018; x_wconf 72' lang='grc' dir='ltr'>παραδόξων</span> <span class='ocrx_word' id='word_1_261' title='bbox 1544 977 1721 1017; x_wconf 80' lang='grc' dir='ltr'>πραγμάτων,</span> <span class='ocrx_word' id='word_1_262' title='bbox 1733 976 1760 1005; x_wconf 90' lang='lat' dir='ltr'>in</span> 
     </span>
     <span class='ocr_line' id='line_1_37' title="bbox 1020 1025 1763 1063; baseline -0.009 -6"><span class='ocrx_word' id='word_1_263' title='bbox 1020 1029 1184 1057; x_wconf 78' lang='lat' dir='ltr'>Descensum</span> <span class='ocrx_word' id='word_1_264' title='bbox 1196 1026 1297 1056; x_wconf 86' lang='lat' dir='ltr'>Christi</span> <span class='ocrx_word' id='word_1_265' title='bbox 1308 1025 1343 1054; x_wconf 84' lang='lat' dir='ltr'>ad</span> <span class='ocrx_word' id='word_1_266' title='bbox 1364 1026 1477 1061; x_wconf 81' lang='lat' dir='ltr'>inferos,</span> <span class='ocrx_word' id='word_1_267' title='bbox 1488 1026 1588 1063; x_wconf 82' lang='lat' dir='ltr'>spuria</span> <span class='ocrx_word' id='word_1_268' title='bbox 1597 1034 1634 1052; x_wconf 76' lang='lat' dir='ltr'>ac·</span> <span class='ocrx_word' id='word_1_269' title='bbox 1642 1029 1763 1062; x_wconf 69' lang='lat' dir='ltr'>proeter-</span> 
     </span>
     <span class='ocr_line' id='line_1_38' title="bbox 1022 1084 1120 1103; baseline -0.01 0"><span class='ocrx_word' id='word_1_270' title='bbox 1022 1084 1120 1103; x_wconf 77' lang='lat' dir='ltr'>mlssa.</span> 
     </span>
    </p>
   </div>
   <div class='ocr_carea' id='block_1_6' title="bbox 223 1177 1767 1191">
    <p class='ocr_par' dir='ltr' id='par_1_17' title="bbox 223 1177 1767 1191">
     <span class='ocr_line' id='line_1_39' title="bbox 223 1177 1767 1191; baseline 0 1731"><span class='ocrx_word' id='word_1_271' title='bbox 223 1177 1767 1191; x_wconf 95' lang='lat' dir='ltr'> </span> 
     </span>
    </p>
   </div>
   <div class='ocr_carea' id='block_1_7' title="bbox 223 1185 1762 1200">
    <p class='ocr_par' dir='ltr' id='par_1_18' title="bbox 223 1185 1762 1200">
     <span class='ocr_line' id='line_1_40' title="bbox 223 1185 1762 1200; baseline -0.004 -4"><span class='ocrx_word' id='word_1_272' title='bbox 223 1185 1762 1200; x_wconf 77' lang='lat'><strong>——--—-—.-————-—-—-——————-——-——-</strong></span> 
     </span>
    </p>
   </div>
   <div class='ocr_carea' id='block_1_8' title="bbox 482 1277 1514 1309">
    <p class='ocr_par' dir='ltr' id='par_1_19' title="bbox 482 1277 1514 1309">
     <span class='ocr_line' id='line_1_41' title="bbox 482 1277 1514 1309; baseline -0.004 0"><span class='ocrx_word' id='word_1_273' title='bbox 482 1279 698 1309; x_wconf 87' lang='lat' dir='ltr'><em>ADDENDA</em></span> <span class='ocrx_word' id='word_1_274' title='bbox 721 1280 778 1308; x_wconf 89' lang='lat' dir='ltr'>ET</span> <span class='ocrx_word' id='word_1_275' title='bbox 799 1279 1071 1309; x_wconf 86' lang='lat' dir='ltr'><em>CORRIGENDA</em></span> <span class='ocrx_word' id='word_1_276' title='bbox 1093 1279 1145 1307; x_wconf 89' lang='lat' dir='ltr'>IN</span> <span class='ocrx_word' id='word_1_277' title='bbox 1159 1277 1274 1307; x_wconf 89' lang='lat' dir='ltr'><em>NOVA</em></span> <span class='ocrx_word' id='word_1_278' title='bbox 1296 1277 1514 1306; x_wconf 89' lang='lat' dir='ltr'><em>EDITIONE.</em></span> 
     </span>
    </p>
   </div>
   <div class='ocr_carea' id='block_1_9' title="bbox 231 1384 977 1840">
    <p class='ocr_par' dir='ltr' id='par_1_20' title="bbox 231 1384 970 1518">
     <span class='ocr_line' id='line_1_42' title="bbox 269 1384 969 1426; baseline -0.006 -10"><span class='ocrx_word' id='word_1_279' title='bbox 269 1387 304 1416; x_wconf 84' lang='grc' dir='ltr'>Εἶ</span> <span class='ocrx_word' id='word_1_280' title='bbox 319 1386 364 1415; x_wconf 75' lang='grc' dir='ltr'>καὶ</span> <span class='ocrx_word' id='word_1_281' title='bbox 379 1386 480 1426; x_wconf 79' lang='grc' dir='ltr'>δάκρυα</span> <span class='ocrx_word' id='word_1_282' title='bbox 492 1386 537 1415; x_wconf 73' lang='grc' dir='ltr'>καὶ</span> <span class='ocrx_word' id='word_1_283' title='bbox 551 1385 706 1424; x_wconf 83' lang='grc' dir='ltr'>στεναγμός,</span> <span class='ocrx_word' id='word_1_284' title='bbox 717 1384 756 1413; x_wconf 84' lang='lat' dir='ltr'>sic</span> <span class='ocrx_word' id='word_1_285' title='bbox 768 1384 862 1424; x_wconf 86' lang='lat' dir='ltr'>incipit</span> <span class='ocrx_word' id='word_1_286' title='bbox 875 1384 902 1412; x_wconf 84' lang='lat' dir='ltr'>in</span> <span class='ocrx_word' id='word_1_287' title='bbox 917 1385 969 1414; x_wconf 74' lang='lat' dir='ltr'>Sa-</span> 
     </span>
     <span class='ocr_line' id='line_1_43' title="bbox 231 1430 970 1470; baseline -0.003 -9"><span class='ocrx_word' id='word_1_288' title='bbox 231 1432 297 1461; x_wconf 81' lang='lat' dir='ltr'>vilio</span> <span class='ocrx_word' id='word_1_289' title='bbox 312 1439 337 1461; x_wconf 82' lang='lat' dir='ltr'>et</span> <span class='ocrx_word' id='word_1_290' title='bbox 353 1432 480 1470; x_wconf 80' lang='lat' dir='ltr'>Catalogo</span> <span class='ocrx_word' id='word_1_291' title='bbox 502 1433 571 1470; x_wconf 79' lang='lat' dir='ltr'>Aug,</span> <span class='ocrx_word' id='word_1_292' title='bbox 587 1433 679 1461; x_wconf 84' lang='lat' dir='ltr'>Sermo</span> <span class='ocrx_word' id='word_1_293' title='bbox 698 1433 716 1460; x_wconf 88' lang='lat'><strong>2</strong></span> <span class='ocrx_word' id='word_1_294' title='bbox 738 1431 773 1459; x_wconf 78' lang='lat' dir='ltr'>ad</span> <span class='ocrx_word' id='word_1_295' title='bbox 796 1430 970 1460; x_wconf 86' lang='lat' dir='ltr'>Theodorum</span> 
     </span>
     <span class='ocr_line' id='line_1_44' title="bbox 232 1479 718 1518; baseline -0.002 -11"><span class='ocrx_word' id='word_1_296' title='bbox 232 1479 348 1518; x_wconf 76' lang='lat' dir='ltr'>lapsum.</span> <span class='ocrx_word' id='word_1_297' title='bbox 366 1479 462 1507; x_wconf 84' lang='lat' dir='ltr'>Montf.</span> <span class='ocrx_word' id='word_1_298' title='bbox 474 1479 508 1508; x_wconf 83' lang='grc' dir='ltr'>Εἴ</span> <span class='ocrx_word' id='word_1_299' title='bbox 523 1479 623 1517; x_wconf 80' lang='grc' dir='ltr'>δάκρυα</span> <span class='ocrx_word' id='word_1_300' title='bbox 637 1490 662 1506; x_wconf 82' lang='grc' dir='ltr'>κ.</span> <span class='ocrx_word' id='word_1_301' title='bbox 677 1490 718 1507; x_wconf 84' lang='grc' dir='ltr'>στ.</span> 
     </span>
    </p>

    <p class='ocr_par' dir='ltr' id='par_1_21' title="bbox 232 1523 971 1607">
     <span class='ocr_line' id='line_1_45' title="bbox 272 1523 971 1562; baseline -0.001 -9"><span class='ocrx_word' id='word_1_302' title='bbox 272 1524 422 1562; x_wconf 80' lang='grc' dir='ltr'>Εὐλογητὸς</span> <span class='ocrx_word' id='word_1_303' title='bbox 435 1527 448 1553; x_wconf 83' lang='grc' dir='ltr'>ὁ</span> <span class='ocrx_word' id='word_1_304' title='bbox 462 1523 544 1556; x_wconf 86' lang='grc' dir='ltr'>Θεός·</span> <span class='ocrx_word' id='word_1_305' title='bbox 560 1523 605 1552; x_wconf 78' lang='grc' dir='ltr'>καὶ</span> <span class='ocrx_word' id='word_1_306' title='bbox 625 1523 650 1557; x_wconf 82' lang='grc' dir='ltr'>ἐξ</span> <span class='ocrx_word' id='word_1_307' title='bbox 670 1523 818 1562; x_wconf 81' lang='grc' dir='ltr'>Αἰγύπτου,</span> <span class='ocrx_word' id='word_1_308' title='bbox 831 1523 870 1552; x_wconf 90' lang='lat' dir='ltr'>sic</span> <span class='ocrx_word' id='word_1_309' title='bbox 888 1524 971 1552; x_wconf 86' lang='lat' dir='ltr'>Savi-</span> 
     </span>
     <span class='ocr_line' id='line_1_46' title="bbox 232 1568 838 1607; baseline -0.002 -8"><span class='ocrx_word' id='word_1_310' title='bbox 232 1570 294 1599; x_wconf 89' lang='lat' dir='ltr'>lius.</span> <span class='ocrx_word' id='word_1_311' title='bbox 304 1570 402 1598; x_wconf 80' lang='lat' dir='ltr'>Montf.</span> <span class='ocrx_word' id='word_1_312' title='bbox 417 1579 479 1597; x_wconf 84' lang='lat' dir='ltr'>vero</span> <span class='ocrx_word' id='word_1_313' title='bbox 494 1569 644 1607; x_wconf 74' lang='grc' dir='ltr'>Εὐλογητὸς</span> <span class='ocrx_word' id='word_1_314' title='bbox 655 1571 668 1597; x_wconf 82' lang='grc' dir='ltr'>ὁ</span> <span class='ocrx_word' id='word_1_315' title='bbox 678 1570 714 1598; x_wconf 91' lang='grc' dir='ltr'>Θ.</span> <span class='ocrx_word' id='word_1_316' title='bbox 727 1569 767 1597; x_wconf 79' lang='grc' dir='ltr'>ὅτι</span> <span class='ocrx_word' id='word_1_317' title='bbox 783 1568 838 1598; x_wconf 85' lang='grc' dir='ltr'>καί.</span> 
     </span>
    </p>

    <p class='ocr_par' dir='ltr' id='par_1_22' title="bbox 231 1614 974 1700">
     <span class='ocr_line' id='line_1_47' title="bbox 272 1614 974 1654; baseline 0 -11"><span class='ocrx_word' id='word_1_318' title='bbox 272 1615 423 1654; x_wconf 77' lang='grc' dir='ltr'>Εὐλογητὸς</span> <span class='ocrx_word' id='word_1_319' title='bbox 433 1618 446 1643; x_wconf 80' lang='grc' dir='ltr'>ὃ</span> <span class='ocrx_word' id='word_1_320' title='bbox 455 1615 523 1647; x_wconf 88' lang='grc' dir='ltr'>Θεὸς</span> <span class='ocrx_word' id='word_1_321' title='bbox 534 1616 547 1643; x_wconf 82' lang='grc' dir='ltr'>ὁ</span> <span class='ocrx_word' id='word_1_322' title='bbox 561 1615 738 1653; x_wconf 74' lang='grc' dir='ltr'>χαρισάμενος</span> <span class='ocrx_word' id='word_1_323' title='bbox 753 1615 779 1643; x_wconf 88' lang='lat' dir='ltr'>in</span> <span class='ocrx_word' id='word_1_324' title='bbox 794 1614 910 1643; x_wconf 77' lang='lat' dir='ltr'>mediam</span> <span class='ocrx_word' id='word_1_325' title='bbox 924 1615 974 1644; x_wconf 87' lang='lat' dir='ltr'>Je-</span> 
     </span>
     <span class='ocr_line' id='line_1_48' title="bbox 231 1660 774 1700; baseline -0.002 -12"><span class='ocrx_word' id='word_1_326' title='bbox 231 1661 380 1700; x_wconf 85' lang='lat' dir='ltr'>juniorum,</span> <span class='ocrx_word' id='word_1_327' title='bbox 393 1660 477 1688; x_wconf 81' lang='lat' dir='ltr'>edidit</span> <span class='ocrx_word' id='word_1_328' title='bbox 492 1660 578 1688; x_wconf 86' lang='lat' dir='ltr'>Savil.</span> <span class='ocrx_word' id='word_1_329' title='bbox 594 1667 613 1688; x_wconf 89' lang='lat' dir='ltr'>t.</span> <span class='ocrx_word' id='word_1_330' title='bbox 628 1662 656 1689; x_wconf 81' lang='lat'>5.</span> <span class='ocrx_word' id='word_1_331' title='bbox 669 1671 694 1699; x_wconf 84' lang='lat' dir='ltr'>p.</span> <span class='ocrx_word' id='word_1_332' title='bbox 707 1662 774 1691; x_wconf 84' lang='grc'>876,</span> 
     </span>
    </p>

    <p class='ocr_par' dir='ltr' id='par_1_23' title="bbox 236 1707 974 1792">
     <span class='ocr_line' id='line_1_49' title="bbox 273 1707 974 1746; baseline 0 -10"><span class='ocrx_word' id='word_1_333' title='bbox 273 1707 340 1737; x_wconf 78' lang='grc' dir='ltr'>Ἡδὺ</span> <span class='ocrx_word' id='word_1_334' title='bbox 353 1707 400 1745; x_wconf 83' lang='grc' dir='ltr'>μὲν</span> <span class='ocrx_word' id='word_1_335' title='bbox 412 1707 579 1743; x_wconf 78' lang='grc' dir='ltr'>ναύταις,...,</span> <span class='ocrx_word' id='word_1_336' title='bbox 593 1707 627 1735; x_wconf 84' lang='lat' dir='ltr'>de</span> <span class='ocrx_word' id='word_1_337' title='bbox 645 1708 752 1746; x_wconf 82' lang='lat' dir='ltr'>Jejunio</span> <span class='ocrx_word' id='word_1_338' title='bbox 766 1718 797 1736; x_wconf 83' lang='lat' dir='ltr'>ac</span> <span class='ocrx_word' id='word_1_339' title='bbox 817 1707 974 1744; x_wconf 81' lang='lat' dir='ltr'>Hierosoly-</span> 
     </span>
     <span class='ocr_line' id='line_1_50' title="bbox 236 1753 680 1792; baseline -0.002 -9"><span class='ocrx_word' id='word_1_340' title='bbox 236 1764 290 1783; x_wconf 81' lang='lat' dir='ltr'>ma.</span> <span class='ocrx_word' id='word_1_341' title='bbox 319 1754 437 1792; x_wconf 80' lang='lat' dir='ltr'>Corrige</span> <span class='ocrx_word' id='word_1_342' title='bbox 451 1763 481 1781; x_wconf 81' lang='lat' dir='ltr'>ac</span> <span class='ocrx_word' id='word_1_343' title='bbox 496 1753 680 1792; x_wconf 84' lang='lat' dir='ltr'>Eleemosyna.</span> 
     </span>
    </p>

    <p class='ocr_par' dir='ltr' id='par_1_24' title="bbox 278 1799 977 1840">
     <span class='ocr_line' id='line_1_51' title="bbox 278 1799 977 1840; baseline 0 -11"><span class='ocrx_word' id='word_1_344' title='bbox 278 1800 389 1832; x_wconf 86' lang='grc' dir='ltr'>Ἤκουες</span> <span class='ocrx_word' id='word_1_345' title='bbox 404 1803 448 1829; x_wconf 79' lang='grc' dir='ltr'>τοῦ</span> <span class='ocrx_word' id='word_1_346' title='bbox 465 1800 598 1829; x_wconf 87' lang='grc' dir='ltr'>Δεσπότου</span> <span class='ocrx_word' id='word_1_347' title='bbox 614 1800 728 1839; x_wconf 74' lang='grc' dir='ltr'>Χριστοῦ</span> <span class='ocrx_word' id='word_1_348' title='bbox 741 1799 837 1838; x_wconf 80' lang='grc' dir='ltr'>ἀρτίως</span> <span class='ocrx_word' id='word_1_349' title='bbox 849 1800 977 1840; x_wconf 77' lang='grc' dir='ltr'>λέγοντος,</span> 
     </span>
    </p>
   </div>
   <div class='ocr_carea' id='block_1_10' title="bbox 1024 1382 1767 1838">
    <p class='ocr_par' dir='ltr' id='par_1_25' title="bbox 1024 1382 1764 1422">
     <span class='ocr_line' id='line_1_52' title="bbox 1024 1382 1764 1422; baseline -0.005 -9"><span class='ocrx_word' id='word_1_350' title='bbox 1024 1384 1052 1413; x_wconf 91' lang='lat' dir='ltr'>in</span> <span class='ocrx_word' id='word_1_351' title='bbox 1067 1383 1466 1422; x_wconf 69' lang='lat' dir='ltr'>Tmusfigmafionem,spuria,</span> <span class='ocrx_word' id='word_1_352' title='bbox 1478 1382 1522 1410; x_wconf 85' lang='lat' dir='ltr'>ed.</span> <span class='ocrx_word' id='word_1_353' title='bbox 1532 1383 1764 1420; x_wconf 77' lang='lat' dir='ltr'>Sav.t.7.p.339.</span> 
     </span>
    </p>

    <p class='ocr_par' dir='ltr' id='par_1_26' title="bbox 1026 1427 1765 1510">
     <span class='ocr_line' id='line_1_53' title="bbox 1065 1427 1765 1469; baseline -0.004 -10"><span class='ocrx_word' id='word_1_354' title='bbox 1065 1431 1119 1460; x_wconf 78' lang='grc' dir='ltr'>Καὶ</span> <span class='ocrx_word' id='word_1_355' title='bbox 1142 1430 1244 1469; x_wconf 80' lang='grc' dir='ltr'>ἐγένετο</span> <span class='ocrx_word' id='word_1_356' title='bbox 1265 1429 1373 1464; x_wconf 79' lang='grc' dir='ltr'>καθεξῆς</span> <span class='ocrx_word' id='word_1_357' title='bbox 1390 1428 1544 1468; x_wconf 81' lang='grc' dir='ltr'>ἐπορεύετο,</span> <span class='ocrx_word' id='word_1_358' title='bbox 1558 1429 1585 1456; x_wconf 90' lang='lat' dir='ltr'>in</span> <span class='ocrx_word' id='word_1_359' title='bbox 1600 1428 1702 1457; x_wconf 83' lang='lat' dir='ltr'>Filium</span> <span class='ocrx_word' id='word_1_360' title='bbox 1718 1427 1765 1457; x_wconf 82' lang='lat' dir='ltr'>vi-</span> 
     </span>
     <span class='ocr_line' id='line_1_54' title="bbox 1026 1476 1411 1510; baseline -0.01 -3"><span class='ocrx_word' id='word_1_361' title='bbox 1026 1478 1096 1507; x_wconf 84' lang='lat' dir='ltr'>duae.</span> <span class='ocrx_word' id='word_1_362' title='bbox 1113 1477 1185 1506; x_wconf 88' lang='lat' dir='ltr'>Vide</span> <span class='ocrx_word' id='word_1_363' title='bbox 1199 1476 1271 1506; x_wconf 68' lang='grc' dir='ltr'>’Όλα</span> <span class='ocrx_word' id='word_1_364' title='bbox 1283 1476 1316 1504; x_wconf 83' lang='grc' dir='ltr'>τὰ</span> <span class='ocrx_word' id='word_1_365' title='bbox 1330 1476 1411 1510; x_wconf 76' lang='grc' dir='ltr'>πάθη.</span> 
     </span>
    </p>

    <p class='ocr_par' dir='ltr' id='par_1_27' title="bbox 1065 1520 1764 1562">
     <span class='ocr_line' id='line_1_55' title="bbox 1065 1520 1764 1562; baseline -0.007 -10"><span class='ocrx_word' id='word_1_366' title='bbox 1065 1523 1119 1553; x_wconf 79' lang='grc' dir='ltr'>Καὶ</span> <span class='ocrx_word' id='word_1_367' title='bbox 1127 1527 1181 1556; x_wconf 87' lang='grc' dir='ltr'>τοῖς</span> <span class='ocrx_word' id='word_1_368' title='bbox 1196 1523 1334 1562; x_wconf 83' lang='grc' dir='ltr'>μάρτυσιν,</span> <span class='ocrx_word' id='word_1_369' title='bbox 1349 1522 1375 1549; x_wconf 92' lang='lat' dir='ltr'>in</span> <span class='ocrx_word' id='word_1_370' title='bbox 1389 1520 1643 1551; x_wconf 68' lang='lat' dir='ltr'>MacchahaeosAEst</span> <span class='ocrx_word' id='word_1_371' title='bbox 1656 1521 1764 1559; x_wconf 79' lang='lat' dir='ltr'>spuria.</span> 
     </span>
    </p>

    <p class='ocr_par' dir='ltr' id='par_1_28' title="bbox 1028 1566 1767 1653">
     <span class='ocr_line' id='line_1_56' title="bbox 1067 1566 1767 1608; baseline -0.004 -10"><span class='ocrx_word' id='word_1_372' title='bbox 1067 1569 1218 1608; x_wconf 79' lang='grc' dir='ltr'>Μυστήριον</span> <span class='ocrx_word' id='word_1_373' title='bbox 1235 1569 1303 1602; x_wconf 84' lang='grc' dir='ltr'>ξένον</span> <span class='ocrx_word' id='word_1_374' title='bbox 1323 1568 1367 1597; x_wconf 81' lang='grc' dir='ltr'>καὶ</span> <span class='ocrx_word' id='word_1_375' title='bbox 1392 1567 1536 1607; x_wconf 76' lang='grc' dir='ltr'>παράδοξον</span> <span class='ocrx_word' id='word_1_376' title='bbox 1548 1590 1555 1603; x_wconf 87' lang='grc'><em>,</em></span> <span class='ocrx_word' id='word_1_377' title='bbox 1569 1568 1667 1596; x_wconf 79' lang='lat' dir='ltr'>dubia.</span> <span class='ocrx_word' id='word_1_378' title='bbox 1692 1566 1767 1597; x_wconf 83' lang='lat' dir='ltr'>Vide</span> 
     </span>
     <span class='ocr_line' id='line_1_57' title="bbox 1028 1613 1512 1653; baseline -0.008 -9"><span class='ocrx_word' id='word_1_379' title='bbox 1028 1614 1064 1644; x_wconf 81' lang='grc' dir='ltr'>Τί</span> <span class='ocrx_word' id='word_1_380' title='bbox 1074 1618 1151 1644; x_wconf 76' lang='grc' dir='ltr'>τοῦτο</span> <span class='ocrx_word' id='word_1_381' title='bbox 1161 1626 1168 1651; x_wconf 79' lang='grc'>;</span> <span class='ocrx_word' id='word_1_382' title='bbox 1183 1620 1290 1653; x_wconf 80' lang='grc' dir='ltr'>σημεῖον</span> <span class='ocrx_word' id='word_1_383' title='bbox 1305 1613 1512 1651; x_wconf 80' lang='grc' dir='ltr'>ἀντιλεγόμενον.</span> 
     </span>
    </p>

    <p class='ocr_par' dir='ltr' id='par_1_29' title="bbox 1069 1656 1695 1700">
     <span class='ocr_line' id='line_1_58' title="bbox 1069 1656 1695 1700; baseline -0.003 -11"><span class='ocrx_word' id='word_1_384' title='bbox 1069 1656 1139 1690; x_wconf 68' lang='grc' dir='ltr'>Οἶδα</span> <span class='ocrx_word' id='word_1_385' title='bbox 1153 1661 1245 1700; x_wconf 80' lang='grc' dir='ltr'>πρῴην</span> <span class='ocrx_word' id='word_1_386' title='bbox 1257 1660 1317 1700; x_wconf 83' lang='grc' dir='ltr'>περὶ</span> <span class='ocrx_word' id='word_1_387' title='bbox 1328 1660 1496 1698; x_wconf 80' lang='grc' dir='ltr'>εἱμαρμένης.</span> <span class='ocrx_word' id='word_1_388' title='bbox 1512 1659 1584 1689; x_wconf 87' lang='lat' dir='ltr'>Add.</span> <span class='ocrx_word' id='word_1_389' title='bbox 1599 1659 1695 1688; x_wconf 75' lang='lat' dir='ltr'>dubia.</span> 
     </span>
    </p>

    <p class='ocr_par' dir='ltr' id='par_1_30' title="bbox 1067 1704 1595 1745">
     <span class='ocr_line' id='line_1_59' title="bbox 1067 1704 1595 1745; baseline -0.004 -10"><span class='ocrx_word' id='word_1_390' title='bbox 1067 1706 1102 1736; x_wconf 81' lang='lat' dir='ltr'>‘O</span> <span class='ocrx_word' id='word_1_391' title='bbox 1116 1708 1266 1744; x_wconf 78' lang='grc' dir='ltr'>κακολογῶν</span> <span class='ocrx_word' id='word_1_392' title='bbox 1280 1706 1393 1745; x_wconf 82' lang='grc' dir='ltr'>πατέρα.</span> <span class='ocrx_word' id='word_1_393' title='bbox 1408 1704 1478 1734; x_wconf 85' lang='lat' dir='ltr'>Add.</span> <span class='ocrx_word' id='word_1_394' title='bbox 1494 1706 1595 1738; x_wconf 79' lang='lat' dir='ltr'>dubia,</span> 
     </span>
    </p>

    <p class='ocr_par' dir='ltr' id='par_1_31' title="bbox 1071 1751 1547 1784">
     <span class='ocr_line' id='line_1_60' title="bbox 1071 1751 1547 1784; baseline -0.004 -3"><span class='ocrx_word' id='word_1_395' title='bbox 1071 1753 1155 1782; x_wconf 76' lang='grc' dir='ltr'>Οὐδὲν</span> <span class='ocrx_word' id='word_1_396' title='bbox 1170 1753 1239 1781; x_wconf 82' lang='grc' dir='ltr'>ἔστιν</span> <span class='ocrx_word' id='word_1_397' title='bbox 1254 1752 1343 1784; x_wconf 85' lang='grc' dir='ltr'>ὄντως.</span> <span class='ocrx_word' id='word_1_398' title='bbox 1363 1751 1434 1782; x_wconf 87' lang='lat' dir='ltr'>Add.</span> <span class='ocrx_word' id='word_1_399' title='bbox 1447 1753 1547 1780; x_wconf 80' lang='lat' dir='ltr'>dubia.</span> 
     </span>
    </p>

    <p class='ocr_par' dir='ltr' id='par_1_32' title="bbox 1071 1797 1642 1838">
     <span class='ocr_line' id='line_1_61' title="bbox 1071 1797 1642 1838; baseline -0.005 -10"><span class='ocrx_word' id='word_1_400' title='bbox 1071 1800 1239 1838; x_wconf 84' lang='grc' dir='ltr'>Παλαῖστραι</span> <span class='ocrx_word' id='word_1_401' title='bbox 1254 1799 1301 1836; x_wconf 76' lang='grc' dir='ltr'>μὲν</span> <span class='ocrx_word' id='word_1_402' title='bbox 1317 1797 1446 1836; x_wconf 80' lang='grc' dir='ltr'>σώμασιν.</span> <span class='ocrx_word' id='word_1_403' title='bbox 1459 1797 1530 1826; x_wconf 85' lang='lat' dir='ltr'>Add.</span> <span class='ocrx_word' id='word_1_404' title='bbox 1543 1798 1642 1826; x_wconf 81' lang='lat' dir='ltr'>dubia.</span> 
     </span>
    </p>
   </div>
   <div class='ocr_carea' id='block_1_11' title="bbox 567 1905 1220 1921">
    <p class='ocr_par' dir='ltr' id='par_1_33' title="bbox 567 1905 1220 1921">
     <span class='ocr_line' id='line_1_62' title="bbox 567 1905 1220 1921; baseline 0 0"><span class='ocrx_word' id='word_1_405' title='bbox 567 1905 1220 1921; x_wconf 95' lang='lat' dir='ltr'> </span> 
     </span>
    </p>
   </div>
   <div class='ocr_carea' id='block_1_12' title="bbox 562 1914 1089 1928">
    <p class='ocr_par' dir='ltr' id='par_1_34' title="bbox 562 1914 1089 1928">
     <span class='ocr_line' id='line_1_63' title="bbox 562 1914 1089 1928; baseline 0 0"><span class='ocrx_word' id='word_1_406' title='bbox 562 1914 1089 1928; x_wconf 95' lang='lat' dir='ltr'> </span> 
     </span>
    </p>
   </div>
   <div class='ocr_carea' id='block_1_13' title="bbox 492 2004 1514 2034">
    <p class='ocr_par' dir='ltr' id='par_1_35' title="bbox 492 2004 1514 2034">
     <span class='ocr_line' id='line_1_64' title="bbox 492 2004 1514 2034; baseline 0 -2"><span class='ocrx_word' id='word_1_407' title='bbox 492 2004 845 2032; x_wconf 79' lang='lat' dir='ltr'><em>SUPPLEMENTUM</em></span> <span class='ocrx_word' id='word_1_408' title='bbox 862 2004 923 2032; x_wconf 83' lang='lat' dir='ltr'>AD</span> <span class='ocrx_word' id='word_1_409' title='bbox 945 2004 1132 2033; x_wconf 84' lang='lat' dir='ltr'><em>INDICEM</em></span> <span class='ocrx_word' id='word_1_410' title='bbox 1149 2005 1270 2034; x_wconf 77' lang='lat' dir='ltr'><em>NOVAE</em></span> <span class='ocrx_word' id='word_1_411' title='bbox 1293 2004 1514 2033; x_wconf 70' lang='lat' dir='ltr'><em>EDITIONIS.</em></span> 
     </span>
    </p>
   </div>
   <div class='ocr_carea' id='block_1_14' title="bbox 242 2108 985 2653">
    <p class='ocr_par' dir='ltr' id='par_1_36' title="bbox 242 2108 981 2322">
     <span class='ocr_line' id='line_1_65' title="bbox 281 2108 980 2147; baseline -0.003 -8"><span class='ocrx_word' id='word_1_412' title='bbox 281 2110 367 2139; x_wconf 86' lang='lat' dir='ltr'>Obliti</span> <span class='ocrx_word' id='word_1_413' title='bbox 389 2120 493 2138; x_wconf 78' lang='lat' dir='ltr'>eramus</span> <span class='ocrx_word' id='word_1_414' title='bbox 515 2108 601 2137; x_wconf 84' lang='lat' dir='ltr'>Indici</span> <span class='ocrx_word' id='word_1_415' title='bbox 630 2109 746 2146; x_wconf 72' lang='lat' dir='ltr'>generali</span> <span class='ocrx_word' id='word_1_416' title='bbox 781 2109 857 2137; x_wconf 83' lang='lat' dir='ltr'>initia</span> <span class='ocrx_word' id='word_1_417' title='bbox 877 2109 980 2147; x_wconf 75' lang='lat' dir='ltr'>aliquot</span> 
     </span>
     <span class='ocr_line' id='line_1_66' title="bbox 242 2154 980 2193; baseline -0.003 -8"><span class='ocrx_word' id='word_1_418' title='bbox 242 2157 415 2185; x_wconf 80' lang='lat' dir='ltr'>homiliarum</span> <span class='ocrx_word' id='word_1_419' title='bbox 430 2156 544 2183; x_wconf 71' lang='lat' dir='ltr'>inserere</span> <span class='ocrx_word' id='word_1_420' title='bbox 560 2161 619 2193; x_wconf 84' lang='lat' dir='ltr'>post</span> <span class='ocrx_word' id='word_1_421' title='bbox 634 2154 871 2183; x_wconf 81' lang='lat' dir='ltr'>Montesalconium</span> <span class='ocrx_word' id='word_1_422' title='bbox 881 2165 896 2183; x_wconf 85' lang='lat' dir='ltr'><strong>e</strong></span> <span class='ocrx_word' id='word_1_423' title='bbox 910 2161 980 2183; x_wconf 87' lang='lat' dir='ltr'><strong>tene-</strong></span> 
     </span>
     <span class='ocr_line' id='line_1_67' title="bbox 243 2200 980 2240; baseline -0.003 -10"><span class='ocrx_word' id='word_1_424' title='bbox 243 2203 300 2231; x_wconf 83' lang='lat' dir='ltr'>bris</span> <span class='ocrx_word' id='word_1_425' title='bbox 313 2209 458 2230; x_wconf 78' lang='lat' dir='ltr'>erutarum.</span> <span class='ocrx_word' id='word_1_426' title='bbox 479 2202 546 2237; x_wconf 76' lang='lat' dir='ltr'>Quae</span> <span class='ocrx_word' id='word_1_427' title='bbox 566 2211 597 2228; x_wconf 85' lang='lat' dir='ltr'>ne</span> <span class='ocrx_word' id='word_1_428' title='bbox 611 2200 793 2229; x_wconf 70' lang='lat' dir='ltr'>desiderentur</span> <span class='ocrx_word' id='word_1_429' title='bbox 808 2211 980 2240; x_wconf 83' lang='lat' dir='ltr'>prorsus‚ap-</span> 
     </span>
     <span class='ocr_line' id='line_1_68' title="bbox 245 2246 981 2287; baseline -0.001 -12"><span class='ocrx_word' id='word_1_430' title='bbox 245 2248 365 2287; x_wconf 81' lang='lat' dir='ltr'>pondicis</span> <span class='ocrx_word' id='word_1_431' title='bbox 388 2248 446 2276; x_wconf 82' lang='lat' dir='ltr'>loco</span> <span class='ocrx_word' id='word_1_432' title='bbox 471 2257 500 2275; x_wconf 84' lang='lat' dir='ltr'>ea</span> <span class='ocrx_word' id='word_1_433' title='bbox 526 2246 687 2285; x_wconf 80' lang='lat' dir='ltr'>subjungere</span> <span class='ocrx_word' id='word_1_434' title='bbox 710 2247 807 2276; x_wconf 86' lang='lat' dir='ltr'>visum.</span> <span class='ocrx_word' id='word_1_435' title='bbox 828 2247 897 2275; x_wconf 86' lang='lat' dir='ltr'>Sunt</span> <span class='ocrx_word' id='word_1_436' title='bbox 918 2256 981 2275; x_wconf 86' lang='lat' dir='ltr'>vero</span> 
     </span>
     <span class='ocr_line' id='line_1_69' title="bbox 246 2294 318 2322; baseline -0.028 0"><span class='ocrx_word' id='word_1_437' title='bbox 246 2294 318 2322; x_wconf 63' lang='lat' dir='ltr'>herc:</span> 
     </span>
    </p>

    <p class='ocr_par' dir='ltr' id='par_1_37' title="bbox 246 2333 985 2559">
     <span class='ocr_line' id='line_1_70' title="bbox 285 2333 984 2378; baseline -0.004 -10"><span class='ocrx_word' id='word_1_438' title='bbox 285 2338 368 2371; x_wconf 77' lang='grc' dir='ltr'>Ἄξιον</span> <span class='ocrx_word' id='word_1_439' title='bbox 384 2340 487 2378; x_wconf 81' lang='grc' dir='ltr'>πρῶτον</span> <span class='ocrx_word' id='word_1_440' title='bbox 511 2340 683 2374; x_wconf 62' lang='grc' dir='ltr'>ἐπιζητῆσαι,</span> <span class='ocrx_word' id='word_1_441' title='bbox 698 2338 761 2366; x_wconf 83' lang='grc' dir='ltr'>πότε</span> <span class='ocrx_word' id='word_1_442' title='bbox 783 2333 856 2370; x_wconf 63' lang='grc' dir='ltr'>οἶτος</span> <span class='ocrx_word' id='word_1_443' title='bbox 881 2340 894 2366; x_wconf 84' lang='grc' dir='ltr'>ὃ</span> <span class='ocrx_word' id='word_1_444' title='bbox 919 2336 984 2376; x_wconf 71' lang='grc' dir='ltr'>ἀνὴρ</span> 
     </span>
     <span class='ocr_line' id='line_1_71' title="bbox 246 2383 985 2425; baseline -0.004 -11"><span class='ocrx_word' id='word_1_445' title='bbox 246 2385 348 2425; x_wconf 77' lang='grc' dir='ltr'>γέγονε,</span> <span class='ocrx_word' id='word_1_446' title='bbox 358 2384 487 2421; x_wconf 77' lang='lat' dir='ltr'>Prologus</span> <span class='ocrx_word' id='word_1_447' title='bbox 503 2384 687 2422; x_wconf 73' lang='lat' dir='ltr'>Expositionis</span> <span class='ocrx_word' id='word_1_448' title='bbox 703 2383 728 2411; x_wconf 86' lang='lat' dir='ltr'>iu</span> <span class='ocrx_word' id='word_1_449' title='bbox 744 2383 812 2419; x_wconf 85' lang='lat' dir='ltr'>Job,</span> <span class='ocrx_word' id='word_1_450' title='bbox 825 2383 897 2422; x_wconf 75' lang='lat' dir='ltr'>apud</span> <span class='ocrx_word' id='word_1_451' title='bbox 912 2383 985 2412; x_wconf 82' lang='lat' dir='ltr'>Ban-</span> 
     </span>
     <span class='ocr_line' id='line_1_72' title="bbox 247 2429 985 2459; baseline -0.003 -1"><span class='ocrx_word' id='word_1_452' title='bbox 247 2431 351 2459; x_wconf 88' lang='lat' dir='ltr'>dinium</span> <span class='ocrx_word' id='word_1_453' title='bbox 367 2429 392 2457; x_wconf 89' lang='lat' dir='ltr'>iu</span> <span class='ocrx_word' id='word_1_454' title='bbox 409 2430 509 2458; x_wconf 67' lang='lat' dir='ltr'>Graecae</span> <span class='ocrx_word' id='word_1_455' title='bbox 528 2430 652 2458; x_wconf 59' lang='lat' dir='ltr'>Ecclesiae</span> <span class='ocrx_word' id='word_1_456' title='bbox 667 2430 730 2457; x_wconf 76' lang='lat' dir='ltr'>Vct.</span> <span class='ocrx_word' id='word_1_457' title='bbox 744 2430 866 2458; x_wconf 77' lang='lat' dir='ltr'>monum.</span> <span class='ocrx_word' id='word_1_458' title='bbox 888 2440 922 2457; x_wconf 78' lang='lat' dir='ltr'>cx</span> <span class='ocrx_word' id='word_1_459' title='bbox 938 2429 985 2457; x_wconf 85' lang='lat' dir='ltr'>Bi-</span> 
     </span>
     <span class='ocr_line' id='line_1_73' title="bbox 248 2475 984 2505; baseline -0.003 -1"><span class='ocrx_word' id='word_1_460' title='bbox 248 2476 343 2504; x_wconf 75' lang='lat' dir='ltr'>bliolli.</span> <span class='ocrx_word' id='word_1_461' title='bbox 368 2475 441 2503; x_wconf 73' lang='lat' dir='ltr'>Med.</span> <span class='ocrx_word' id='word_1_462' title='bbox 466 2475 607 2503; x_wconf 72' lang='lat' dir='ltr'>Florentiae</span> <span class='ocrx_word' id='word_1_463' title='bbox 636 2477 721 2505; x_wconf 78' lang='lat'>1763.</span> <span class='ocrx_word' id='word_1_464' title='bbox 742 2482 759 2503; x_wconf 90' lang='lat' dir='ltr'>t.</span> <span class='ocrx_word' id='word_1_465' title='bbox 778 2478 806 2504; x_wconf 82' lang='lat'><strong>2.</strong></span> <span class='ocrx_word' id='word_1_466' title='bbox 832 2482 856 2503; x_wconf 77' lang='lat' dir='ltr'>ct</span> <span class='ocrx_word' id='word_1_467' title='bbox 872 2475 934 2503; x_wconf 86' lang='lat' dir='ltr'>hinc</span> <span class='ocrx_word' id='word_1_468' title='bbox 959 2475 984 2502; x_wconf 93' lang='lat' dir='ltr'>iu</span> 
     </span>
     <span class='ocr_line' id='line_1_74' title="bbox 249 2519 923 2559; baseline -0.003 -9"><span class='ocrx_word' id='word_1_469' title='bbox 249 2520 376 2550; x_wconf 80' lang='lat' dir='ltr'>Galland.</span> <span class='ocrx_word' id='word_1_470' title='bbox 392 2519 520 2549; x_wconf 76' lang='lat' dir='ltr'>Biblioth.</span> <span class='ocrx_word' id='word_1_471' title='bbox 536 2522 596 2550; x_wconf 77' lang='lat' dir='ltr'>Vct.</span> <span class='ocrx_word' id='word_1_472' title='bbox 616 2522 686 2549; x_wconf 75' lang='lat' dir='ltr'>Patr.</span> <span class='ocrx_word' id='word_1_473' title='bbox 698 2527 716 2549; x_wconf 88' lang='lat' dir='ltr'>t.</span> <span class='ocrx_word' id='word_1_474' title='bbox 732 2524 760 2550; x_wconf 76' lang='lat'>8.</span> <span class='ocrx_word' id='word_1_475' title='bbox 775 2521 923 2559; x_wconf 76' lang='lat' dir='ltr'><strong>p.‘·243.D.</strong></span> 
     </span>
    </p>

    <p class='ocr_par' dir='ltr' id='par_1_38' title="bbox 249 2567 985 2653">
     <span class='ocr_line' id='line_1_75' title="bbox 290 2567 985 2606; baseline 0 -10"><span class='ocrx_word' id='word_1_476' title='bbox 290 2568 341 2597; x_wconf 68' lang='grc' dir='ltr'>Καὶ</span> <span class='ocrx_word' id='word_1_477' title='bbox 350 2568 397 2600; x_wconf 80' lang='grc' dir='ltr'>τὰς</span> <span class='ocrx_word' id='word_1_478' title='bbox 411 2567 592 2606; x_wconf 67' lang='grc' dir='ltr'>προλαῦούσας</span> <span class='ocrx_word' id='word_1_479' title='bbox 604 2567 703 2605; x_wconf 78' lang='grc' dir='ltr'>ἡμέρας</span> <span class='ocrx_word' id='word_1_480' title='bbox 715 2568 921 2600; x_wconf 53' lang='grc' dir='ltr'>διδασκαλίας...</span> <span class='ocrx_word' id='word_1_481' title='bbox 932 2567 985 2596; x_wconf 88' lang='grc' dir='ltr'>ΗΟ-</span> 
     </span>
     <span class='ocr_line' id='line_1_76' title="bbox 249 2612 981 2653; baseline -0.001 -11"><span class='ocrx_word' id='word_1_482' title='bbox 249 2614 322 2646; x_wconf 76' lang='lat' dir='ltr'>milia</span> <span class='ocrx_word' id='word_1_483' title='bbox 335 2613 368 2642; x_wconf 83' lang='lat' dir='ltr'>de</span> <span class='ocrx_word' id='word_1_484' title='bbox 383 2612 540 2642; x_wconf 72' lang='lat' dir='ltr'>poenitentia</span> <span class='ocrx_word' id='word_1_485' title='bbox 555 2613 747 2642; x_wconf 76' lang='lat' dir='ltr'>Ninivitarum.</span> <span class='ocrx_word' id='word_1_486' title='bbox 763 2613 911 2643; x_wconf 73' lang='lat' dir='ltr'>Bandinius</span> <span class='ocrx_word' id='word_1_487' title='bbox 927 2613 981 2653; x_wconf 84' lang='lat' dir='ltr'>pri-</span> 
     </span>
    </p>
   </div>
   <div class='ocr_carea' id='block_1_15' title="bbox 1034 2109 1777 2653">
    <p class='ocr_par' dir='ltr' id='par_1_39' title="bbox 1034 2109 1772 2238">
     <span class='ocr_line' id='line_1_77' title="bbox 1034 2109 1772 2138; baseline 0.003 -2"><span class='ocrx_word' id='word_1_488' title='bbox 1034 2119 1094 2138; x_wconf 90' lang='lat' dir='ltr'>mus</span> <span class='ocrx_word' id='word_1_489' title='bbox 1117 2109 1201 2138; x_wconf 86' lang='lat' dir='ltr'>edidit</span> <span class='ocrx_word' id='word_1_490' title='bbox 1224 2110 1251 2137; x_wconf 85' lang='lat' dir='ltr'>in</span> <span class='ocrx_word' id='word_1_491' title='bbox 1272 2110 1321 2138; x_wconf 87' lang='lat' dir='ltr'>Gr.</span> <span class='ocrx_word' id='word_1_492' title='bbox 1341 2109 1465 2137; x_wconf 72' lang='lat' dir='ltr'>Ecclesiae</span> <span class='ocrx_word' id='word_1_493' title='bbox 1481 2110 1542 2138; x_wconf 76' lang='lat' dir='ltr'>Vet.</span> <span class='ocrx_word' id='word_1_494' title='bbox 1567 2109 1689 2137; x_wconf 84' lang='lat' dir='ltr'>Monum.</span> <span class='ocrx_word' id='word_1_495' title='bbox 1709 2115 1728 2138; x_wconf 87' lang='lat' dir='ltr'>t.</span> <span class='ocrx_word' id='word_1_496' title='bbox 1743 2111 1772 2138; x_wconf 74' lang='lat'>2.</span> 
     </span>
     <span class='ocr_line' id='line_1_78' title="bbox 1035 2155 1772 2192; baseline 0 -9"><span class='ocrx_word' id='word_1_497' title='bbox 1035 2155 1104 2183; x_wconf 86' lang='lat' dir='ltr'>llinc</span> <span class='ocrx_word' id='word_1_498' title='bbox 1121 2155 1239 2184; x_wconf 76' lang='lat' dir='ltr'>Galland</span> <span class='ocrx_word' id='word_1_499' title='bbox 1265 2155 1394 2183; x_wconf 69' lang='lat' dir='ltr'>Bibliolh.</span> <span class='ocrx_word' id='word_1_500' title='bbox 1409 2156 1472 2183; x_wconf 73' lang='lat' dir='ltr'>Vct.</span> <span class='ocrx_word' id='word_1_501' title='bbox 1490 2156 1561 2183; x_wconf 72' lang='lat' dir='ltr'>Patr.</span> <span class='ocrx_word' id='word_1_502' title='bbox 1577 2161 1596 2182; x_wconf 91' lang='lat' dir='ltr'>t.</span> <span class='ocrx_word' id='word_1_503' title='bbox 1612 2157 1641 2184; x_wconf 89' lang='grc'>8.</span> <span class='ocrx_word' id='word_1_504' title='bbox 1660 2165 1685 2192; x_wconf 82' lang='lat' dir='ltr'>p.</span> <span class='ocrx_word' id='word_1_505' title='bbox 1704 2157 1772 2185; x_wconf 77' lang='lat'><strong>239.</strong></span> 
     </span>
     <span class='ocr_line' id='line_1_79' title="bbox 1035 2202 1137 2238; baseline 0.01 -10"><span class='ocrx_word' id='word_1_506' title='bbox 1035 2202 1066 2228; x_wconf 86' lang='grc' dir='ltr'>Α.</span> <span class='ocrx_word' id='word_1_507' title='bbox 1079 2212 1137 2238; x_wconf 82' lang='lat' dir='ltr'><strong>sqq.</strong></span> 
     </span>
    </p>

    <p class='ocr_par' dir='ltr' id='par_1_40' title="bbox 1037 2247 1776 2424">
     <span class='ocr_line' id='line_1_80' title="bbox 1078 2247 1774 2287; baseline 0 -12"><span class='ocrx_word' id='word_1_508' title='bbox 1078 2247 1189 2285; x_wconf 78' lang='grc' dir='ltr'>Μεγάλη</span> <span class='ocrx_word' id='word_1_509' title='bbox 1215 2249 1262 2282; x_wconf 64' lang='grc' dir='ltr'>τῆς</span> <span class='ocrx_word' id='word_1_510' title='bbox 1283 2247 1459 2285; x_wconf 72' lang='grc' dir='ltr'>ἐλεημοσύνης</span> <span class='ocrx_word' id='word_1_511' title='bbox 1484 2250 1500 2281; x_wconf 83' lang='grc' dir='ltr'>ἦ</span> <span class='ocrx_word' id='word_1_512' title='bbox 1525 2247 1668 2287; x_wconf 73' lang='grc' dir='ltr'>εὐεργεσία.</span> <span class='ocrx_word' id='word_1_513' title='bbox 1689 2247 1774 2276; x_wconf 75' lang='grc' dir='ltr'>Οὐδὲν</span> 
     </span>
     <span class='ocr_line' id='line_1_81' title="bbox 1037 2292 1776 2332; baseline 0 -11"><span class='ocrx_word' id='word_1_514' title='bbox 1037 2293 1101 2321; x_wconf 83' lang='grc' dir='ltr'>ἄλλο</span> <span class='ocrx_word' id='word_1_515' title='bbox 1116 2293 1260 2325; x_wconf 80' lang='grc' dir='ltr'>ἐξισάζεται</span> <span class='ocrx_word' id='word_1_516' title='bbox 1271 2315 1277 2325; x_wconf 88' lang='grc'><em>,</em></span> <span class='ocrx_word' id='word_1_517' title='bbox 1294 2292 1327 2320; x_wconf 84' lang='grc'>(10</span> <span class='ocrx_word' id='word_1_518' title='bbox 1343 2293 1530 2332; x_wconf 72' lang='lat' dir='ltr'>Elemmisyna,</span> <span class='ocrx_word' id='word_1_519' title='bbox 1542 2300 1567 2321; x_wconf 77' lang='lat' dir='ltr'>et</span> <span class='ocrx_word' id='word_1_520' title='bbox 1581 2293 1606 2320; x_wconf 89' lang='lat' dir='ltr'>in</span> <span class='ocrx_word' id='word_1_521' title='bbox 1621 2293 1737 2321; x_wconf 77' lang='lat' dir='ltr'>Divitem</span> <span class='ocrx_word' id='word_1_522' title='bbox 1750 2299 1776 2320; x_wconf 83' lang='lat' dir='ltr'>et</span> 
     </span>
     <span class='ocr_line' id='line_1_82' title="bbox 1038 2338 1776 2378; baseline 0.004 -13"><span class='ocrx_word' id='word_1_523' title='bbox 1038 2338 1176 2365; x_wconf 72' lang='lat' dir='ltr'>Lazarum.</span> <span class='ocrx_word' id='word_1_524' title='bbox 1198 2338 1291 2366; x_wconf 77' lang='lat' dir='ltr'>Edidit</span> <span class='ocrx_word' id='word_1_525' title='bbox 1307 2340 1332 2367; x_wconf 90' lang='lat' dir='ltr'>J.</span> <span class='ocrx_word' id='word_1_526' title='bbox 1358 2339 1387 2367; x_wconf 59' lang='lat' dir='ltr'>ll.</span> <span class='ocrx_word' id='word_1_527' title='bbox 1406 2339 1542 2367; x_wconf 72' lang='lat' dir='ltr'>Gullieioli</span> <span class='ocrx_word' id='word_1_528' title='bbox 1564 2340 1589 2367; x_wconf 92' lang='lat' dir='ltr'>in</span> <span class='ocrx_word' id='word_1_529' title='bbox 1605 2339 1726 2378; x_wconf 82' lang='lat' dir='ltr'>Append.</span> <span class='ocrx_word' id='word_1_530' title='bbox 1741 2339 1776 2368; x_wconf 78' lang='lat' dir='ltr'>ad</span> 
     </span>
     <span class='ocr_line' id='line_1_83' title="bbox 1039 2384 1683 2424; baseline 0 -12"><span class='ocrx_word' id='word_1_531' title='bbox 1039 2384 1166 2412; x_wconf 63' lang='lat' dir='ltr'>Galland.</span> <span class='ocrx_word' id='word_1_532' title='bbox 1184 2384 1254 2412; x_wconf 82' lang='lat' dir='ltr'>Bibl.</span> <span class='ocrx_word' id='word_1_533' title='bbox 1270 2386 1332 2413; x_wconf 80' lang='lat' dir='ltr'>Vct.</span> <span class='ocrx_word' id='word_1_534' title='bbox 1350 2385 1421 2414; x_wconf 78' lang='lat' dir='ltr'>Patr.</span> <span class='ocrx_word' id='word_1_535' title='bbox 1434 2392 1452 2414; x_wconf 79' lang='lat' dir='ltr'>t.</span> <span class='ocrx_word' id='word_1_536' title='bbox 1464 2385 1508 2414; x_wconf 75' lang='lat'>14.</span> <span class='ocrx_word' id='word_1_537' title='bbox 1527 2396 1555 2424; x_wconf 84' lang='lat' dir='ltr'>p.</span> <span class='ocrx_word' id='word_1_538' title='bbox 1575 2386 1640 2415; x_wconf 82' lang='lat'>136.</span> <span class='ocrx_word' id='word_1_539' title='bbox 1652 2387 1683 2413; x_wconf 87' lang='lat' dir='ltr'>A.</span> 
     </span>
    </p>

    <p class='ocr_par' dir='ltr' id='par_1_41' title="bbox 1038 2429 1777 2653">
     <span class='ocr_line' id='line_1_84' title="bbox 1079 2429 1777 2469; baseline 0.003 -12"><span class='ocrx_word' id='word_1_540' title='bbox 1079 2429 1112 2457; x_wconf 84' lang='lat'>‘0</span> <span class='ocrx_word' id='word_1_541' title='bbox 1128 2431 1254 2469; x_wconf 60' lang='grc' dir='ltr'>μακάριος</span> <span class='ocrx_word' id='word_1_542' title='bbox 1272 2432 1373 2463; x_wconf 71' lang='grc' dir='ltr'>Παῦλος</span> <span class='ocrx_word' id='word_1_543' title='bbox 1387 2434 1400 2460; x_wconf 81' lang='grc' dir='ltr'>ὁ</span> <span class='ocrx_word' id='word_1_544' title='bbox 1416 2432 1573 2465; x_wconf 82' lang='grc' dir='ltr'>ἀπόστολος,</span> <span class='ocrx_word' id='word_1_545' title='bbox 1584 2432 1613 2459; x_wconf 84' lang='grc' dir='ltr'>τὸ</span> <span class='ocrx_word' id='word_1_546' title='bbox 1626 2433 1715 2463; x_wconf 71' lang='grc' dir='ltr'>σκεῦος</span> <span class='ocrx_word' id='word_1_547' title='bbox 1730 2432 1777 2465; x_wconf 76' lang='grc' dir='ltr'>τῆς</span> 
     </span>
     <span class='ocr_line' id='line_1_85' title="bbox 1040 2476 1777 2513; baseline 0.001 -10"><span class='ocrx_word' id='word_1_548' title='bbox 1040 2476 1159 2513; x_wconf 71' lang='grc' dir='ltr'>ἐκλογῆς,</span> <span class='ocrx_word' id='word_1_549' title='bbox 1178 2476 1294 2504; x_wconf 75' lang='lat' dir='ltr'>Humilia</span> <span class='ocrx_word' id='word_1_550' title='bbox 1311 2476 1336 2504; x_wconf 90' lang='lat' dir='ltr'>in</span> <span class='ocrx_word' id='word_1_551' title='bbox 1352 2476 1442 2504; x_wconf 79' lang='lat' dir='ltr'>decem</span> <span class='ocrx_word' id='word_1_552' title='bbox 1464 2477 1537 2505; x_wconf 87' lang='lat' dir='ltr'>mille</span> <span class='ocrx_word' id='word_1_553' title='bbox 1558 2477 1666 2509; x_wconf 75' lang='lat' dir='ltr'>talenta,</span> <span class='ocrx_word' id='word_1_554' title='bbox 1683 2484 1724 2510; x_wconf 80' lang='lat' dir='ltr'>et,</span> <span class='ocrx_word' id='word_1_555' title='bbox 1744 2487 1777 2504; x_wconf 80' lang='lat' dir='ltr'>ne</span> 
     </span>
     <span class='ocr_line' id='line_1_86' title="bbox 1039 2522 1776 2560; baseline 0.001 -12"><span class='ocrx_word' id='word_1_556' title='bbox 1039 2531 1167 2549; x_wconf 70' lang='lat' dir='ltr'>immores</span> <span class='ocrx_word' id='word_1_557' title='bbox 1188 2532 1272 2549; x_wconf 66' lang='lat' dir='ltr'>&gt;iulus</span> <span class='ocrx_word' id='word_1_558' title='bbox 1296 2522 1571 2560; x_wconf 79' lang='lat' dir='ltr'>iujuriarum.Edidit</span> <span class='ocrx_word' id='word_1_559' title='bbox 1599 2524 1628 2551; x_wconf 89' lang='lat' dir='ltr'>C.</span> <span class='ocrx_word' id='word_1_560' title='bbox 1651 2523 1682 2551; x_wconf 87' lang='lat' dir='ltr'>F.</span> <span class='ocrx_word' id='word_1_561' title='bbox 1702 2523 1776 2550; x_wconf 72' lang='lat' dir='ltr'>Mat-</span> 
     </span>
     <span class='ocr_line' id='line_1_87' title="bbox 1038 2567 1776 2607; baseline 0.001 -13"><span class='ocrx_word' id='word_1_562' title='bbox 1038 2567 1098 2595; x_wconf 71' lang='lat' dir='ltr'>thaei</span> <span class='ocrx_word' id='word_1_563' title='bbox 1114 2567 1140 2595; x_wconf 81' lang='lat' dir='ltr'>in</span> <span class='ocrx_word' id='word_1_564' title='bbox 1158 2567 1246 2595; x_wconf 86' lang='lat' dir='ltr'>libro:</span> <span class='ocrx_word' id='word_1_565' title='bbox 1264 2568 1389 2607; x_wconf 81' lang='lat' dir='ltr'>Gregorii</span> <span class='ocrx_word' id='word_1_566' title='bbox 1406 2568 1649 2597; x_wconf 76' lang='lat' dir='ltr'>Thessalonicensis</span> <span class='ocrx_word' id='word_1_567' title='bbox 1664 2567 1690 2595; x_wconf 80' lang='lat' dir='ltr'>X</span> <span class='ocrx_word' id='word_1_568' title='bbox 1704 2569 1776 2595; x_wconf 84' lang='lat' dir='ltr'>Ora-</span> 
     </span>
     <span class='ocr_line' id='line_1_88' title="bbox 1038 2613 1776 2653; baseline -0.001 -11"><span class='ocrx_word' id='word_1_569' title='bbox 1038 2613 1120 2642; x_wconf 68' lang='lat' dir='ltr'>tiones</span> <span class='ocrx_word' id='word_1_570' title='bbox 1136 2625 1194 2643; x_wconf 88' lang='lat' dir='ltr'>cum</span> <span class='ocrx_word' id='word_1_571' title='bbox 1212 2614 1324 2653; x_wconf 74' lang='lat' dir='ltr'>singulis</span> <span class='ocrx_word' id='word_1_572' title='bbox 1340 2614 1449 2643; x_wconf 80' lang='lat' dir='ltr'>Joannis</span> <span class='ocrx_word' id='word_1_573' title='bbox 1464 2613 1648 2653; x_wconf 73' lang='lat' dir='ltr'>Chrysostomi</span> <span class='ocrx_word' id='word_1_574' title='bbox 1667 2620 1692 2642; x_wconf 73' lang='lat' dir='ltr'>el</span> <span class='ocrx_word' id='word_1_575' title='bbox 1709 2615 1776 2642; x_wconf 81' lang='lat' dir='ltr'>Am-</span> 
     </span>
    </p>
   </div>
  </div>
 </body>
</html>
