1950 2922
97 1666 123 1686 T.
139 1667 160 1694 4.
177 1675 197 1694 p.
217 1674 235 1688 ι.

97 2085 149 2105 '12ss
173 2094 184 2113 p
197 2086 235 2113 51¹¹*

200 2167 237 2186 iifi

263 208 329 251 ¹3⁵2
724 218 751 237 s.

258 280 325 308 Eliae
343 279 456 319 explieat
468 301 474 315 ,
487 290 515 307 ae
531 289 591 307 cum
606 288 709 306 summa
725 276 852 304 modestia
868 281 892 303 et
906 275 993 303 humi-

256 327 329 356 litate
345 326 498 355 concionem
512 324 622 354 claudit.

297 373 355 401 Hoc
370 374 431 400 item
446 382 514 400 anno
529 372 601 404 392,
620 369 659 398 vel
675 368 782 397 circiter
793 391 801 405 ,
818 375 893 407 putat
906 368 993 397 Tille-

256 417 373 447 montius
402 417 622 455 Clnysostomum
646 414 794 442 orationem
818 414 943 443 habuisse
966 414 993 443 in

169 476 229 503 ¹”'.‘
257 465 362 493 laudem
383 462 493 491 Diodori
513 459 672 489 Tarsensis:
688 471 768 498 qnam
794 460 920 499 temporis
945 470 993 489 no-

256 517 307 538 tam
330 520 376 537 nec
395 509 568 547 impugnare,
587 517 634 535 nec
649 513 678 534 ut
693 506 801 535 omnino
826 514 923 535 certam
943 506 992 535 de-

256 555 373 583 fenderet
391 555 459 582 lieet.
475 553 629 581 Orationem
642 553 698 591 jam
714 552 842 580 habuerat
857 552 993 581 Diodorus

254 602 278 629 in
295 611 346 639 qua
365 601 494 629 Joannem
509 598 730 638 Chrysostomum
751 597 875 626 laudibus
891 598 993 626 extule-

257 654 304 675 rat.
328 646 536 685 Cbrysostomus
557 655 617 673 vero
631 667 637 679 ,
654 644 764 672 laudum
790 644 900 672 minime
916 644 992 684 cupi-

252 692 321 728 dus,
340 703 400 721 suas
422 691 472 731 ipsi
488 690 582 720 laudes
598 690 733 724 reddidit,
753 697 777 718 et
793 690 937 718 orationem
954 697 991 718 te-

252 738 310 766 xuit
335 738 537 774 brevissimam,
562 737 624 774 quia
648 743 706 776 post
726 737 804 765 illum
830 736 924 765 eadem
949 736 992 764 die

252 784 457 812 concionaturus
471 783 558 811 denuo
573 789 628 811 crat
643 782 782 811 Diodorus
793 805 800 816 ,
812 789 840 810 ut
856 782 925 810 clare
936 782 994 821 ipse

252 829 338 858 innuit
357 830 384 858 in
404 830 456 857 sine
476 829 618 868 ἐγκωμίου.
636 830 712 857 More
733 829 832 868 quippe
855 836 990 868 receptum

253 876 371 904 vidimus
388 875 547 912 Antiochiae,
567 882 595 903 nt
616 875 708 904 eadem
732 874 775 903 (lie
797 876 823 903 in
847 875 991 914 eademque

252 921 359 950 ecclesia
376 921 430 949 duo
448 921 676 952 concionarentur.
703 921 838 950 Diodorus
853 932 914 949 vero
933 922 991 960 epi-

251 978 347 1007 seopus
365 967 519 1003 Tarsensis,
532 967 578 1005 qui
594 967 658 995 olim
674 967 758 995 fuerat
778 967 888 996 Joannis
902 967 990 1007 Chry-

250 1014 359 1042 sostomi
373 1014 510 1053 magister,
521 1013 632 1042 libenter
644 1012 677 1041 ad
692 1012 719 1041 id
733 1013 814 1041 officii
830 1013 989 1042 admitteba-

250 1067 307 1095 tur;
319 1060 380 1098 quia
400 1059 464 1087 olim
482 1059 621 1097 presbyter
636 1059 816 1087 Antioelienus
832 1059 858 1086 id
873 1059 990 1087 muneris

250 1107 296 1135 diu
312 1113 465 1135 exercuerat
477 1129 483 1143 ‚
496 1117 548 1145 quo
565 1113 683 1145 tempore
700 1105 804 1140 Ariani,
818 1115 879 1133 cum
894 1112 989 1133 aucto-

250 1155 326 1182 ritate
338 1154 486 1194 plurimum
502 1154 634 1190 valerent,
649 1153 801 1181 Catliolicos
816 1152 985 1180 infestabant.

249 1201 284 1229 lis
306 1211 366 1229 cum
385 1200 486 1229 sortiter
508 1199 645 1228 obsisteret
666 1198 820 1234 Diodorus,
834 1199 868 1226 al)
884 1198 990 1227 Arianis

249 1258 318 1286 swpc
333 1247 425 1286 pulsus
438 1253 491 1281 est,
504 1257 572 1284 saepe
585 1246 611 1274 in
628 1245 778 1284 periculum
792 1245 890 1284 eapitis
903 1245 991 1279 venit3

249 1293 313 1320 acsi
338 1303 388 1320 non
416 1302 459 1327 re,
473 1291 565 1319 saltem
586 1290 723 1329 proposito
749 1297 853 1329 martyr
867 1289 937 1324 suit,
962 1296 991 1317 ut

247 1336 313 1364 ‹lirit
327 1336 382 1375 ipse
391 1336 672 1375 Chrysostotnus,t11m
685 1335 711 1363 in
723 1335 773 1363 ista
788 1334 919 1369 oratione,
930 1340 988 1362 tum

249 1383 273 1410 in
298 1383 447 1421 fragmento
463 1381 580 1420 quodam
604 1392 637 1410 ex
655 1380 781 1409 Facundo
805 1380 989 1408 Hermianensi

247 1437 371 1469 excerpto
383 1453 389 1465 ‚
404 1429 475 1468 quod
498 1429 536 1457 illi
554 1429 580 1457 iu
598 1429 646 1457 liae
666 1428 781 1457 editione
803 1427 987 1466 subjungitur.

286 1477 442 1504 Innumeras
470 1483 538 1504 certe
568 1474 693 1503 homilias
723 1474 861 1502 Antocbiae
890 1472 990 1501 habuit

248 1522 471 1561 Chrysostomus,
489 1531 602 1559 quarum
614 1530 709 1558 magna
723 1531 783 1559 pars
801 1519 835 1547 ad
847 1529 894 1547 nos
908 1529 992 1556 usque

248 1569 379 1607 pervenit.
403 1569 436 1596 At
455 1578 545 1596 earum
560 1566 681 1595 omnium
696 1567 743 1595 vix
757 1576 787 1594 ae
802 1576 833 1593 ne
858 1565 905 1593 vix
927 1565 991 1602 qui-

248 1615 307 1643 dem
326 1620 411 1653 potest
434 1623 519 1642 annus
542 1612 681 1651 assignari.
697 1613 742 1642 Ex
764 1621 855 1640 earum
879 1620 990 1638 numero

249 1667 310 1688 sunt
335 1659 458 1688 Homitiae
486 1659 512 1687 in
537 1658 681 1693 Genesim,
706 1668 816 1686 numero
845 1657 898 1692 (Π,
924 1667 990 1694 quas

248 1705 477 1744 Constantinopoli
493 1704 596 1732 habitas
610 1704 691 1732 fuisse
702 1704 769 1732 dicit
785 1702 897 1731 Photius
909 1724 916 1737 ‚
930 1702 990 1730 sub-

247 1750 374 1779 dubitans
394 1757 498 1785 tamen‚
513 1760 562 1778 nec
577 1760 630 1778 rem
654 1749 729 1787 quasi
745 1756 843 1778 certam
865 1749 989 1777 reserens.

250 1798 351 1825 Verum
367 1796 513 1825 Antiochia?
533 1796 681 1825 certissime
694 1795 779 1824 dictas
801 1795 882 1823 fuisse
897 1795 989 1823 multis

250 1843 414 1881 argumentis
436 1843 532 1880 probat
554 1842 745 1871 Tillemontius
757 1864 765 1879 ,
780 1851 880 1879 nosque
893 1851 989 1879 quam-

252 1889 376 1926 plurimis
390 1888 492 1917 additis
506 1888 724 1917 confirmavimus
741 1888 767 1916 in
784 1887 940 1915 Prmfatione
955 1888 989 1916 ad

250 1934 381 1963 Homilias
399 1935 424 1963 in
438 1934 564 1963 Genesim
579 1941 673 1972 quarto
686 1935 788 1971 Tomo,
803 1941 827 1962 et
848 1934 874 1962 in
891 1934 989 1962 Praefa-

251 1980 320 2009 tione
340 1980 373 2009 ad
398 1981 536 2010 conciones
560 1980 586 2009 in
603 1981 768 2020 Principium
790 1982 917 2009 Actorum
933 1987 986 2009 ter-

251 2027 286 2055 tio
298 2028 384 2055 Tomo
396 2051 403 2065 ,
420 2034 443 2056 et
458 2027 533 2056 alibi.

286 2073 417 2102 llomilias
431 2073 531 2102 veroin
544 2073 637 2101 Oziam
650 2073 750 2102 dixisse
764 2073 852 2111 potuit
862 2079 923 2102 ante
935 2073 990 2101 Ho-

251 2119 337 2147 milias
352 2120 378 2148 in
401 2119 545 2149 Genesim:
563 2119 591 2147 id
607 2126 707 2147 eertum
728 2119 834 2148 videtur
845 2119 988 2148 secundam

257 2166 342 2194 zaltem
373 2165 491 2193 habitam
518 2165 597 2194 fuisse
622 2165 758 2203 aliquanto
787 2172 904 2204 tempore
928 2171 988 2194 ante

249 2222 328 2249 quain
345 2211 379 2239 de
394 2212 564 2247 Nominibus,
578 2211 633 2240 sive
645 2211 678 2239 de
691 2211 838 2239 Mutatione
850 2211 988 2240 nominum

249 2257 373 2285 homilias
394 2257 529 2296 inciperet.
555 2257 661 2285 Etenim
682 2257 708 2285 in
732 2257 842 2286 homilia
872 2258 987 2286 secunda

250 2314 274 2330 iu
291 2303 384 2331 Oziam
396 2325 404 2340 ,
420 2314 480 2330 cum
502 2303 535 2330 de
558 2303 665 2331 nomine
681 2303 781 2331 Abram
800 2304 826 2332 in
852 2304 988 2332 Abrabam

250 2356 349 2377 mutato
373 2355 479 2387 ageret,
502 2348 571 2376 dixit
594 2349 638 2376 ille
660 2359 770 2378 nurnero
790 2350 816 2385 5,
844 2349 911 2377 ἀλλὰ
928 2350 987 2389 περὶ

251 2395 297 2432 μὲν
309 2394 443 2432 ὀνομάτων
457 2395 482 2422 ἐν
495 2394 575 2432 ἑτέρῳ
597 2396 679 2433 καιρῷ
694 2395 865 2433 διηγήσομαι,
883 2396 986 2423 Verum

249 2443 284 2469 tle
300 2442 462 2469 nominibus
478 2441 538 2468 alio
555 2446 680 2478 tempore
691 2441 846 2476 disseram,
865 2440 892 2468 itl
907 2441 988 2469 estde

251 2488 395 2516 mutatione
421 2487 558 2515 nominum
576 2498 580 2513 :
605 2486 664 2514 illas
690 2486 758 2514 enim
778 2486 812 2515 (lc
838 2488 988 2516 Mutatione

251 2534 387 2562 nominum
413 2533 536 2561 homilias
559 2532 692 2561 interdum
709 2532 742 2560 dc
756 2533 918 2562 Nominibus
935 2545 986 2573 ap-

251 2580 340 2617 pellat.
362 2580 388 2607 ln
406 2580 459 2608 illis
473 2590 536 2607 reru
548 2578 581 2606 tle
591 2579 737 2606 Mutatione
750 2579 886 2607 nominum
901 2580 986 2608 homi-

251 2627 293 2654 m<
313 2625 344 2654 ule
370 2626 477 2654 nomine
496 2626 589 2653 >Uir-'un
608 2625 632 2653 in
652 2625 784 2654 Abrabam
806 2633 909 2656 mutato
934 2637 983 2655 nun

782 216 816 237 Jt)
827 215 861 237 &N
870 215 884 235 λ
893 215 919 236 ts
947 214 1175 237 ‹ssttnrsoffrom
1205 215 1294 245 vtTA,

1051 276 1130 304 semel
1145 276 1209 314 agit.
1226 277 1343 305 Primam
1360 286 1419 305 cum
1432 277 1605 307 Tillemontio
1618 278 1664 307 diu
1680 284 1736 317 post
1746 288 1788 307 50-

1051 322 1165 350 cundam
1176 323 1299 361 ablegavi
1314 329 1339 351 et
1354 322 1381 351 in
1397 322 1471 351 aliud
1480 329 1584 362 tempus
1594 323 1698 361 distuli,
1708 335 1787 362 quar-

1052 375 1105 397 tam
1121 380 1226 407 qnoque
1241 380 1254 397 a
1270 369 1432 407 reliquarum
1448 369 1515 397 serie
1534 369 1711 398 amovendam
1723 380 1788 398 cen-

1052 415 1109 443 sui:
1127 415 1269 444 secundam
1286 425 1364 452 vero,
1379 415 1499 451 tertiam,
1515 415 1636 453 quintam
1650 422 1675 444 et
1687 423 1789 444 sextam

1052 461 1215 490 continenter
1235 461 1371 500 ponendas
1396 471 1450 489 esse
1473 472 1573 490 censeo.
1597 461 1678 490 Sexta
1698 464 1790 500 paucis

1050 506 1145 536 diebus
1165 514 1225 536 ante
1238 507 1477 546 Quadragesimam
1494 507 1586 535 habita
1607 503 1675 542 fuit,
1692 514 1721 536 ut
1737 507 1789 536 ibi-

1051 553 1111 581 dem
1130 560 1265 582 narratur.
1278 553 1351 583 Vide
1364 553 1497 582 Monitum
1513 553 1549 581 ad
1570 552 1695 582 homilias
1712 552 1791 582 hasce

1051 601 1138 628 Tomo
1153 606 1227 628 sexto
1243 611 1269 638 p.
1286 601 1333 628 73.

1091 647 1121 674 In
1145 645 1251 685 prima,
1274 656 1355 684 quam
1379 646 1438 674 loco
1461 645 1617 674 mutandam
1638 653 1787 685 putamus,

1051 691 1147 731 gaudet
1169 691 1202 720 de
1224 691 1318 731 populi
1333 691 1481 730 frequentia
1505 699 1529 720 et
1553 703 1700 728 concursu,
1718 692 1789 722 dolet

1051 745 1137 766 autem
1160 738 1230 776 quod
1253 737 1403 773 auditores,
1423 737 1490 766 dum
1514 738 1605 767 concio
1628 738 1790 775 haberetur,

1051 783 1239 823 incompositas
1254 793 1331 812 voces
1343 782 1744 819 emitterent,tumultuarentur
1759 795 1789 813 ae

1050 830 1196 870 lymphatis
1216 830 1316 858 similes
1334 829 1593 868 circum-agerentur,
1610 830 1645 859 de
1661 831 1789 871 Seraphi-

1049 876 1089 904 nis
1117 887 1201 915 pauca
1230 875 1305 904 dicit.
1324 875 1388 904 Illos
1416 882 1504 904 autem
1534 876 1665 915 increpat,
1682 876 1727 914 qui
1755 876 1789 905 ad

1049 923 1196 961 spectacula
1211 922 1367 961 prodirent,
1385 922 1483 960 quique
1498 922 1535 950 sic
1553 922 1680 962 mysteria
1696 922 1788 952 divina

1048 978 1109 996 eum
1123 967 1293 997 daemoniacis
1308 968 1454 997 miscerent.

1088 1014 1118 1042 ln
1133 1014 1246 1043 secunda
1256 1037 1262 1047 ,
1277 1025 1357 1052 quam
1371 1014 1487 1054 primam
1498 1021 1640 1054 putamus,
1652 1014 1679 1042 in
1694 1014 1762 1043 illud
1777 1037 1786 1051 ,

1050 1062 1114 1089 Vidi
1134 1062 1291 1090 Dominum
1306 1062 1452 1090 sedentem
1465 1083 1472 1096 ‚
1489 1067 1538 1089 ete.
1550 1083 1557 1097 ,
1574 1060 1658 1089 multa
1672 1061 1782 1100 profert.

1048 1106 1173 1135 Divinam
1187 1114 1309 1135 naturam
1321 1107 1400 1135 etiam
1415 1107 1516 1146 angelis
1528 1107 1783 1146 incompreheusibi-

1046 1153 1097 1181 lem
1117 1163 1172 1181 esse
1194 1154 1365 1192 pronuntiat;
1381 1153 1492 1191 ideoque
1517 1153 1601 1192 carpit
1627 1155 1782 1190 Anomoeos,

1046 1199 1091 1236 qui
1103 1198 1136 1227 de
1150 1206 1243 1227 natura
1256 1199 1301 1227 illa
1315 1199 1410 1238 impios
1422 1199 1571 1238 proferrent
1587 1209 1731 1229 sermones,

1086 1244 1209 1273 Homiliae
1229 1245 1313 1273 tertiae
1328 1251 1518 1283 argumentum
1536 1251 1597 1273 sunt
1610 1244 1666 1273 haec
1683 1245 1765 1275 verba
1780 1268 1788 1281 ,

1048 1291 1169 1318 Elatum
1191 1297 1232 1319 esc
1254 1301 1303 1318 cor
1323 1292 1411 1319 Ozice.
1438 1291 1508 1318 Dicit
1525 1298 1614 1320 autem
1630 1291 1675 1320 ille
1693 1302 1788 1331 super-

1048 1335 1135 1373 biam,
1148 1336 1227 1364 etiam
1242 1347 1275 1365 ex
1286 1336 1360 1364 bonzn
1374 1336 1543 1365 conscicntiae
1556 1336 1661 1365 testimo
1671 1337 1717 1366 nio
1726 1337 1789 1366 oriri

1049 1393 1140 1421 posse,
1156 1389 1181 1411 et
1195 1382 1272 1411 bonis
1287 1382 1416 1421 operibus
1432 1383 1591 1411 instructum
1606 1383 1691 1421 magis
1706 1394 1790 1423 oppu-

1049 1429 1123 1467 gnari
1138 1439 1151 1457 a
1164 1428 1271 1457 diabolo
1282 1441 1287 1456 :
1299 1435 1455 1467 tantumque
1469 1429 1570 1457 malum
1585 1429 1682 1457 inferre
1695 1429 1789 1458 animae

1047 1473 1219 1512 superbiam,
1235 1480 1364 1511 quantum
1380 1473 1485 1512 corpori
1502 1480 1629 1502 tumores.

1088 1518 1190 1552 Quarta
1215 1519 1307 1547 concio
1323 1541 1329 1555 ‚
1353 1529 1433 1556 quam
1458 1519 1516 1547 loco
1543 1518 1706 1547 movendum
1733 1530 1789 1548 esse

1049 1574 1201 1601 censemus,
1229 1564 1256 1593 in
1283 1571 1470 1603 argumentum
1493 1564 1572 1593 habet
1598 1564 1657 1593 baec
1681 1565 1763 1593 verba
1779 1576 1785 1593 :

1050 1610 1174 1638 Factum
1187 1617 1227 1639 est
1249 1614 1279 1638 in
1298 1621 1376 1638 anno
1403 1612 1433 1638 in
1454 1621 1512 1650 quo
1532 1616 1661 1639 mortuus
1676 1617 1717 1640 est
1733 1621 1784 1639 rea:

1055 1656 1140 1684 Ozias
1154 1678 1161 1691 ,
1176 1663 1226 1684 etc.
1251 1656 1323 1684 Dicit
1339 1656 1444 1685 facilius
1464 1666 1519 1685 esse
1535 1656 1616 1685 solem
1636 1656 1788 1695 exstingui,

1048 1712 1129 1739 quam
1137 1702 1187 1730 Dei
1197 1702 1345 1730 Ecclesiam
1354 1702 1447 1731 deleri.
1461 1702 1607 1731 Occasione
1616 1709 1705 1731 autem
1717 1701 1788 1731 021*ae

1047 1748 1115 1787 regis
1130 1749 1247 1777 affirmat
1264 1755 1288 1776 et
1312 1749 1407 1788 probat
1432 1748 1600 1777 sacerdotum
1623 1747 1783 1786 dignitatem

1048 1794 1175 1833 majorem
1187 1805 1258 1829 esse,
1277 1805 1356 1833 quam
1372 1805 1477 1833 regum.

1088 1840 1191 1876 Quinta
1210 1847 1234 1869 et
1254 1847 1344 1876 sexta,
1362 1840 1424 1869 licet
1437 1840 1489 1869 alio
1500 1841 1578 1879 longe
1595 1848 1713 1880 tempore
1726 1851 1789 1880 pro-

1048 1887 1193 1924 nuntiata,
1213 1886 1283 1915 idem
1305 1893 1492 1925 argumentum
1518 1893 1695 1926 pertractant,
1709 1893 1734 1914 et
1756 1886 1790 1914 de

1049 1933 1121 1961 Oziae
1134 1933 1260 1972 superbia
1272 1940 1364 1971 agunt.
1378 1933 1446 1961 Hinc
1457 1933 1490 1961 (le
1501 1932 1668 1962 sacerdotum
1679 1939 1791 1972 potesta-

1049 1986 1073 2008 te
1088 1979 1192 2018 agitur⁷
1206 1979 1336 2017 docetque
1350 1979 1557 2018 Chrysostomus
1568 2001 1575 2015 ,
1590 1990 1642 2017 quo
1654 1985 1732 2018 pacto
1746 1979 1789 2007 de-

1047 2026 1107 2054 beat
1119 2025 1240 2054 sacerdos
1258 2032 1408 2064 peccantem
1425 2026 1572 2064 principem
1593 2025 1736 2064 corripere.
1757 2025 1787 2052 In

1047 2079 1121 2101 sexta
1135 2082 1197 2100 vero
1216 2071 1249 2100 de
1270 2071 1481 2110 Seraphinorum
1505 2071 1636 2109 dignitate
1658 2070 1786 2108 loquitur.

1046 2119 1077 2146 In
1093 2118 1146 2146 fine
1161 2117 1237 2146 docet
1253 2117 1386 2155 quomodo
1398 2116 1433 2145 ad
1445 2127 1547 2145 sacram
1562 2127 1681 2145 mensam
1696 2116 1730 2145 sit
1746 2126 1787 2144 ac-

1046 2164 1204 2193 cedendum.

1082 2214 1141 2242 Jam
1158 2222 1220 2240 vero
1235 2211 1364 2250 quaeritur
1382 2221 1434 2249 quo
1452 2221 1520 2239 anno
1536 2210 1672 2239 conciones
1687 2210 1713 2238 in
1729 2211 1783 2239 Ge-
1796 2228 1860 2249 Tum.
1877 2230 1896 2256 [Ι.

1044 2258 1128 2287 nesim
1148 2258 1246 2286 habitae
1265 2257 1361 2285 suerint
1373 2279 1380 2292 ‚
1397 2267 1456 2294 qua*
1472 2267 1534 2285 sane
1550 2256 1627 2294 longe
1642 2255 1782 2284 difficilior
1814 2260 1843 2280 De
1856 2260 1922 2281 Humi

1043 2304 1151 2343 qtiaestio
1175 2310 1221 2331 est.
1241 2302 1318 2330 Circa
1343 2309 1446 2341 tempus
1461 2324 1468 2337 ,
1483 2312 1536 2338 quo
1556 2302 1660 2341 scriptae
1684 2301 1777 2338 suere,

1043 2361 1151 2390 operose
1172 2349 1292 2377 edisserit
1317 2348 1358 2376 vir
1377 2348 1562 2386 sagacissimus
1576 2371 1584 2385 ‚
1607 2347 1780 2385 omniumque

1042 2397 1119 2435 longe
1138 2395 1352 2424 accuratissimus
1377 2394 1566 2422 Tillemontius
1578 2417 1585 2430 ‚
1598 2394 1673 2432 cujus
1699 2392 1780 2421 verba

1044 2443 1137 2472 Latine
1149 2442 1273 2471 translata
1289 2441 1385 2469 referre
1399 2451 1431 2468 ne
1446 2441 1535 2479 pigeat
1549 2451 1555 2468 :
1571 2439 1664 2474 «Quod
1682 2445 1782 2478 spectat

1043 2500 1153 2526 aunum,
1162 2500 1215 2527 quo
1228 2488 1269 2516 lice
1282 2487 1399 2516 homilia*
1413 2494 1474 2515 suut
1487 2487 1591 2523 habitae,
1602 2486 1707 2515 nonnisi
1720 2496 1780 2514 eon-

1041 2537 1143 2575 jertura
1164 2535 1251 2563 dicere
1264 2544 1414 2573 possumus.
1431 2533 1494 2561 Illas
1509 2533 1716 2572 Chrysostomus
1731 2531 1782 2559 lia-

1044 2583 1104 2610 bcre
1126 2581 1206 2619 coepit
1222 2580 1361 2609 Dominiea
1374 2579 1507 2618 jejunium
1530 2578 1694 2618 praecedente
1706 2600 1713 2614 ‚
1728 2587 1780 2615 quo

1046 2638 1089 2665 per
1105 2626 1340 2664 Qzadragesiniam
1356 2625 1422 2654 illiul
1438 2631 1638 2663 argumentum.
1656 2631 1683 2651 ut
1710 2622 1777 2651 vori-

1791 2292 1827 2314 liis
1855 2292 1876 2311 iu
1894 2290 1921 2313 Gr

1793 2331 1871 2345 nesim.
