<?xml version="1.0" encoding="UTF-8"?>
<!DOCTYPE html PUBLIC "-//W3C//DTD XHTML 1.0 Transitional//EN"
    "http://www.w3.org/TR/xhtml1/DTD/xhtml1-transitional.dtd">
<html xmlns="http://www.w3.org/1999/xhtml" xml:lang="en" lang="en">
 <head>
  <title>
</title>
<meta http-equiv="Content-Type" content="text/html;charset=utf-8" />
  <meta name='ocr-system' content='tesseract 3.04.00' />
  <meta name='ocr-capabilities' content='ocr_page ocr_carea ocr_par ocr_line ocrx_word'/>
</head>
<body>
  <div class='ocr_page' id='page_1' title='image "./operaomniaquaeex13johnuoft_0249.png"; bbox 0 0 1910 2907; ppageno 0'>
   <div class='ocr_carea' id='block_1_1' title="bbox 452 185 1312 216">
    <p class='ocr_par' dir='ltr' id='par_1_1' title="bbox 452 185 1312 216">
     <span class='ocr_line' id='line_1_1' title="bbox 452 185 1312 216; baseline -0.001 -7"><span class='ocrx_word' id='word_1_1' title='bbox 452 186 523 216; x_wconf 51' lang='lat' dir='ltr'>Qua:</span> <span class='ocrx_word' id='word_1_2' title='bbox 551 187 581 209; x_wconf 79' lang='grc' dir='ltr'>ΙΝ</span> <span class='ocrx_word' id='word_1_3' title='bbox 611 186 771 210; x_wconf 69' lang='grc' dir='ltr'>ΟΡΙΞΙΗΒΗΞ</span> <span class='ocrx_word' id='word_1_4' title='bbox 797 185 1029 209; x_wconf 79' lang='lat' dir='ltr'>CHRYSOSTOMI</span> <span class='ocrx_word' id='word_1_5' title='bbox 1055 186 1312 209; x_wconf 67' lang='lat' dir='ltr'>OBSERVANTUR.</span> 
     </span>
    </p>
   </div>
   <div class='ocr_carea' id='block_1_2' title="bbox 117 248 858 289">
    <p class='ocr_par' dir='ltr' id='par_1_2' title="bbox 117 248 858 289">
     <span class='ocr_line' id='line_1_2' title="bbox 117 248 858 289; baseline 0 -13"><span class='ocrx_word' id='word_1_6' title='bbox 117 248 191 286; x_wconf 88' lang='lat' dir='ltr'>quod</span> <span class='ocrx_word' id='word_1_7' title='bbox 208 248 250 277; x_wconf 90' lang='lat' dir='ltr'>bis</span> <span class='ocrx_word' id='word_1_8' title='bbox 269 249 368 288; x_wconf 84' lang='lat' dir='ltr'>profert</span> <span class='ocrx_word' id='word_1_9' title='bbox 387 248 610 289; x_wconf 80' lang='lat' dir='ltr'>Chrysostomus,</span> <span class='ocrx_word' id='word_1_10' title='bbox 627 250 704 288; x_wconf 84' lang='lat' dir='ltr'>cujus</span> <span class='ocrx_word' id='word_1_11' title='bbox 718 249 761 277; x_wconf 88' lang='lat' dir='ltr'>hic</span> <span class='ocrx_word' id='word_1_12' title='bbox 775 248 858 277; x_wconf 73' lang='lat' dir='ltr'>verba</span> 
     </span>
    </p>
   </div>
   <div class='ocr_carea' id='block_1_3' title="bbox 0 294 857 334">
    <p class='ocr_par' dir='ltr' id='par_1_3' title="bbox 0 294 857 334">
     <span class='ocr_line' id='line_1_3' title="bbox 0 294 857 334; baseline 0.002 -13"><span class='ocrx_word' id='word_1_13' title='bbox 0 299 106 330; x_wconf 81' lang='lat' dir='ltr'>5.p.259.</span> <span class='ocrx_word' id='word_1_14' title='bbox 118 294 268 323; x_wconf 78' lang='lat' dir='ltr'>adscribam</span> <span class='ocrx_word' id='word_1_15' title='bbox 284 307 289 322; x_wconf 91' lang='lat'><strong>:</strong></span> <span class='ocrx_word' id='word_1_16' title='bbox 307 307 320 321; x_wconf 93' lang='lat'>«</span> <span class='ocrx_word' id='word_1_17' title='bbox 342 294 394 323; x_wconf 89' lang='lat' dir='ltr'>Sed</span> <span class='ocrx_word' id='word_1_18' title='bbox 408 306 467 323; x_wconf 85' lang='lat' dir='ltr'>ecce</span> <span class='ocrx_word' id='word_1_19' title='bbox 487 306 553 323; x_wconf 82' lang='lat' dir='ltr'>crux</span> <span class='ocrx_word' id='word_1_20' title='bbox 569 306 639 323; x_wconf 84' lang='lat' dir='ltr'>nunc</span> <span class='ocrx_word' id='word_1_21' title='bbox 654 295 710 334; x_wconf 86' lang='lat' dir='ltr'>ipsa</span> <span class='ocrx_word' id='word_1_22' title='bbox 728 295 782 323; x_wconf 84' lang='lat' dir='ltr'>vita</span> <span class='ocrx_word' id='word_1_23' title='bbox 794 305 857 323; x_wconf 86' lang='lat' dir='ltr'>eva-</span> 
     </span>
    </p>
   </div>
   <div class='ocr_carea' id='block_1_4' title="bbox 0 434 105 463">
    <p class='ocr_par' dir='ltr' id='par_1_4' title="bbox 0 434 105 463">
     <span class='ocr_line' id='line_1_4' title="bbox 0 434 105 463; baseline -0.019 -6"><span class='ocrx_word' id='word_1_24' title='bbox 0 434 105 463; x_wconf 78' lang='lat' dir='ltr'>7.p.551.</span> 
     </span>
    </p>
   </div>
   <div class='ocr_carea' id='block_1_5' title="bbox 0 616 102 647">
    <p class='ocr_par' dir='ltr' id='par_1_5' title="bbox 0 616 102 647">
     <span class='ocr_line' id='line_1_5' title="bbox 0 616 102 647; baseline -0.01 -8"><span class='ocrx_word' id='word_1_25' title='bbox 0 616 102 647; x_wconf 77' lang='lat' dir='ltr'>5.p.259.</span> 
     </span>
    </p>
   </div>
   <div class='ocr_carea' id='block_1_6' title="bbox 0 986 97 1016">
    <p class='ocr_par' dir='ltr' id='par_1_6' title="bbox 0 986 97 1016">
     <span class='ocr_line' id='line_1_6' title="bbox 0 986 97 1016; baseline 0.01 -8"><span class='ocrx_word' id='word_1_26' title='bbox 0 986 97 1016; x_wconf 51' lang='lat' dir='ltr'>urs-555.</span> 
     </span>
    </p>
   </div>
   <div class='ocr_carea' id='block_1_7' title="bbox 1 2247 89 2276">
    <p class='ocr_par' dir='ltr' id='par_1_7' title="bbox 1 2247 89 2276">
     <span class='ocr_line' id='line_1_7' title="bbox 1 2247 89 2276; baseline 0.011 -8"><span class='ocrx_word' id='word_1_27' title='bbox 1 2247 89 2276; x_wconf 81' lang='lat' dir='ltr'>.p.6o5.</span> 
     </span>
    </p>
   </div>
   <div class='ocr_carea' id='block_1_8' title="bbox 107 340 857 1811">
    <p class='ocr_par' dir='ltr' id='par_1_8' title="bbox 107 340 857 1811">
     <span class='ocr_line' id='line_1_8' title="bbox 117 340 857 381; baseline 0.001 -13"><span class='ocrx_word' id='word_1_28' title='bbox 117 340 152 368; x_wconf 87' lang='lat' dir='ltr'>sit</span> <span class='ocrx_word' id='word_1_29' title='bbox 166 340 348 369; x_wconf 76' lang='lat' dir='ltr'>honorabilior</span> <span class='ocrx_word' id='word_1_30' title='bbox 366 348 391 369; x_wconf 93' lang='lat' dir='ltr'>et</span> <span class='ocrx_word' id='word_1_31' title='bbox 409 341 593 381; x_wconf 78' lang='lat' dir='ltr'><strong>splendidior,</strong></span> <span class='ocrx_word' id='word_1_32' title='bbox 610 348 634 370; x_wconf 89' lang='lat' dir='ltr'>et</span> <span class='ocrx_word' id='word_1_33' title='bbox 649 351 738 369; x_wconf 89' lang='lat' dir='ltr'>omnes</span> <span class='ocrx_word' id='word_1_34' title='bbox 754 351 811 369; x_wconf 86' lang='lat' dir='ltr'>eam</span> <span class='ocrx_word' id='word_1_35' title='bbox 831 341 857 369; x_wconf 89' lang='lat' dir='ltr'>in</span> 
     </span>
     <span class='ocr_line' id='line_1_9' title="bbox 116 386 857 424; baseline 0.001 -10"><span class='ocrx_word' id='word_1_36' title='bbox 116 386 204 415; x_wconf 85' lang='lat' dir='ltr'>fronte</span> <span class='ocrx_word' id='word_1_37' title='bbox 233 387 444 416; x_wconf 77' lang='lat' dir='ltr'>circumferimus</span> <span class='ocrx_word' id='word_1_38' title='bbox 458 400 465 424; x_wconf 75' lang='lat'>3</span> <span class='ocrx_word' id='word_1_39' title='bbox 494 398 543 416; x_wconf 92' lang='lat' dir='ltr'>non</span> <span class='ocrx_word' id='word_1_40' title='bbox 573 388 659 416; x_wconf 87' lang='lat' dir='ltr'>solum</span> <span class='ocrx_word' id='word_1_41' title='bbox 688 399 737 416; x_wconf 91' lang='lat' dir='ltr'>non</span> <span class='ocrx_word' id='word_1_42' title='bbox 764 388 857 415; x_wconf 83' lang='lat' dir='ltr'>erube-</span> 
     </span>
     <span class='ocr_line' id='line_1_10' title="bbox 117 434 856 473; baseline 0.001 -12"><span class='ocrx_word' id='word_1_43' title='bbox 117 441 230 467; x_wconf 84' lang='lat' dir='ltr'>scentes,</span> <span class='ocrx_word' id='word_1_44' title='bbox 255 434 303 462; x_wconf 83' lang='lat' dir='ltr'>sed</span> <span class='ocrx_word' id='word_1_45' title='bbox 324 434 402 463; x_wconf 83' lang='lat' dir='ltr'>etiam</span> <span class='ocrx_word' id='word_1_46' title='bbox 425 434 577 473; x_wconf 73' lang='lat' dir='ltr'>gloriantes,</span> <span class='ocrx_word' id='word_1_47' title='bbox 594 446 608 460; x_wconf 85' lang='lat'>»</span> <span class='ocrx_word' id='word_1_48' title='bbox 632 434 706 462; x_wconf 78' lang='lat' dir='ltr'>Alibi</span> <span class='ocrx_word' id='word_1_49' title='bbox 731 434 797 462; x_wconf 90' lang='lat' dir='ltr'>dicit</span> <span class='ocrx_word' id='word_1_50' title='bbox 822 434 856 462; x_wconf 93' lang='lat' dir='ltr'>il-</span> 
     </span>
     <span class='ocr_line' id='line_1_11' title="bbox 116 478 854 519; baseline 0.003 -12"><span class='ocrx_word' id='word_1_51' title='bbox 116 478 169 507; x_wconf 87' lang='lat' dir='ltr'>lam</span> <span class='ocrx_word' id='word_1_52' title='bbox 189 479 213 507; x_wconf 96' lang='lat' dir='ltr'>in</span> <span class='ocrx_word' id='word_1_53' title='bbox 233 480 317 508; x_wconf 81' lang='lat' dir='ltr'>frome</span> <span class='ocrx_word' id='word_1_54' title='bbox 336 480 416 508; x_wconf 80' lang='lat' dir='ltr'>fuisse</span> <span class='ocrx_word' id='word_1_55' title='bbox 435 480 579 519; x_wconf 80' lang='lat' dir='ltr'>depictam.</span> <span class='ocrx_word' id='word_1_56' title='bbox 602 493 615 507; x_wconf 87' lang='lat'>«</span> <span class='ocrx_word' id='word_1_57' title='bbox 636 480 754 516; x_wconf 78' lang='lat' dir='ltr'>Idcirco,</span> <span class='ocrx_word' id='word_1_58' title='bbox 776 493 789 506; x_wconf 71' lang='lat' dir='ltr'>u</span> <span class='ocrx_word' id='word_1_59' title='bbox 812 481 854 509; x_wconf 88' lang='lat' dir='ltr'>in-</span> 
     </span>
     <span class='ocr_line' id='line_1_12' title="bbox 116 525 854 565; baseline 0.005 -14"><span class='ocrx_word' id='word_1_60' title='bbox 116 525 191 562; x_wconf 84' lang='lat' dir='ltr'>quit,</span> <span class='ocrx_word' id='word_1_61' title='bbox 207 533 258 553; x_wconf 86' lang='lat' dir='ltr'>«et</span> <span class='ocrx_word' id='word_1_62' title='bbox 277 525 362 561; x_wconf 87' lang='lat' dir='ltr'>domi,</span> <span class='ocrx_word' id='word_1_63' title='bbox 382 533 406 554; x_wconf 90' lang='lat' dir='ltr'>et</span> <span class='ocrx_word' id='word_1_64' title='bbox 422 527 447 554; x_wconf 91' lang='lat' dir='ltr'>in</span> <span class='ocrx_word' id='word_1_65' title='bbox 464 527 621 565; x_wconf 83' lang='lat' dir='ltr'>parictibus,</span> <span class='ocrx_word' id='word_1_66' title='bbox 635 535 659 555; x_wconf 88' lang='lat' dir='ltr'>et</span> <span class='ocrx_word' id='word_1_67' title='bbox 676 527 702 555; x_wconf 90' lang='lat' dir='ltr'>in</span> <span class='ocrx_word' id='word_1_68' title='bbox 719 527 837 556; x_wconf 77' lang='lat' dir='ltr'>fenestris</span> <span class='ocrx_word' id='word_1_69' title='bbox 848 550 854 562; x_wconf 90' lang='lat'><strong><em>‚</em></strong></span> 
     </span>
     <span class='ocr_line' id='line_1_13' title="bbox 115 571 855 605; baseline 0.003 -7"><span class='ocrx_word' id='word_1_70' title='bbox 115 577 140 598; x_wconf 89' lang='lat' dir='ltr'>et</span> <span class='ocrx_word' id='word_1_71' title='bbox 155 571 179 598; x_wconf 93' lang='lat' dir='ltr'>in</span> <span class='ocrx_word' id='word_1_72' title='bbox 198 571 282 599; x_wconf 86' lang='lat' dir='ltr'>fronte</span> <span class='ocrx_word' id='word_1_73' title='bbox 300 579 323 600; x_wconf 84' lang='lat' dir='ltr'>et</span> <span class='ocrx_word' id='word_1_74' title='bbox 341 573 367 600; x_wconf 88' lang='lat' dir='ltr'>in</span> <span class='ocrx_word' id='word_1_75' title='bbox 383 580 483 605; x_wconf 85' lang='lat' dir='ltr'>mente,</span> <span class='ocrx_word' id='word_1_76' title='bbox 500 573 573 600; x_wconf 74' lang='lat' dir='ltr'>illam</span> <span class='ocrx_word' id='word_1_77' title='bbox 588 584 649 601; x_wconf 81' lang='lat' dir='ltr'>cuni</span> <span class='ocrx_word' id='word_1_78' title='bbox 665 574 749 602; x_wconf 89' lang='lat' dir='ltr'>multo</span> <span class='ocrx_word' id='word_1_79' title='bbox 766 573 855 601; x_wconf 80' lang='lat' dir='ltr'>studio</span> 
     </span>
     <span class='ocr_line' id='line_1_14' title="bbox 113 616 856 657; baseline 0.004 -13"><span class='ocrx_word' id='word_1_80' title='bbox 113 616 295 656; x_wconf 77' lang='lat' dir='ltr'>depingimus,</span> <span class='ocrx_word' id='word_1_81' title='bbox 312 619 500 657; x_wconf 54' lang='grc' dir='ltr'>ἐπιγράψομεν.</span> <span class='ocrx_word' id='word_1_82' title='bbox 515 632 529 646; x_wconf 66' lang='grc' dir='ltr'>ι(</span> <span class='ocrx_word' id='word_1_83' title='bbox 543 620 642 648; x_wconf 81' lang='lat' dir='ltr'>Omnes</span> <span class='ocrx_word' id='word_1_84' title='bbox 658 630 714 647; x_wconf 72' lang='lat' dir='ltr'>cam</span> <span class='ocrx_word' id='word_1_85' title='bbox 730 620 756 647; x_wconf 91' lang='lat' dir='ltr'>in</span> <span class='ocrx_word' id='word_1_86' title='bbox 769 620 856 647; x_wconf 81' lang='lat' dir='ltr'>sionte</span> 
     </span>
     <span class='ocr_line' id='line_1_15' title="bbox 113 663 854 703; baseline 0.004 -12"><span class='ocrx_word' id='word_1_87' title='bbox 113 663 340 699; x_wconf 81' lang='lat' dir='ltr'>circumferimus,</span> <span class='ocrx_word' id='word_1_88' title='bbox 358 677 372 691; x_wconf 88' lang='lat'>»</span> <span class='ocrx_word' id='word_1_89' title='bbox 389 665 487 703; x_wconf 82' lang='lat' dir='ltr'>inquit,</span> <span class='ocrx_word' id='word_1_90' title='bbox 506 678 519 692; x_wconf 88' lang='lat'>«</span> <span class='ocrx_word' id='word_1_91' title='bbox 541 676 591 693; x_wconf 90' lang='lat' dir='ltr'>non</span> <span class='ocrx_word' id='word_1_92' title='bbox 611 666 696 693; x_wconf 80' lang='lat' dir='ltr'>solum</span> <span class='ocrx_word' id='word_1_93' title='bbox 721 676 771 693; x_wconf 91' lang='lat' dir='ltr'>non</span> <span class='ocrx_word' id='word_1_94' title='bbox 792 676 854 694; x_wconf 86' lang='lat' dir='ltr'>eru-</span> 
     </span>
     <span class='ocr_line' id='line_1_16' title="bbox 111 709 853 749; baseline 0.004 -11"><span class='ocrx_word' id='word_1_95' title='bbox 111 709 263 745; x_wconf 82' lang='lat' dir='ltr'>bescentes,</span> <span class='ocrx_word' id='word_1_96' title='bbox 282 711 326 739; x_wconf 88' lang='lat' dir='ltr'>sed</span> <span class='ocrx_word' id='word_1_97' title='bbox 342 711 421 740; x_wconf 85' lang='lat' dir='ltr'>etiam</span> <span class='ocrx_word' id='word_1_98' title='bbox 437 712 589 749; x_wconf 83' lang='lat' dir='ltr'>gloriantes.</span> <span class='ocrx_word' id='word_1_99' title='bbox 609 713 668 741; x_wconf 90' lang='lat' dir='ltr'>Non</span> <span class='ocrx_word' id='word_1_100' title='bbox 684 713 762 740; x_wconf 83' lang='lat' dir='ltr'>modo</span> <span class='ocrx_word' id='word_1_101' title='bbox 782 713 853 741; x_wconf 89' lang='lat' dir='ltr'>enim</span> 
     </span>
     <span class='ocr_line' id='line_1_17' title="bbox 110 757 849 796; baseline 0.005 -12"><span class='ocrx_word' id='word_1_102' title='bbox 110 757 253 796; x_wconf 78' lang='lat' dir='ltr'>populares</span> <span class='ocrx_word' id='word_1_103' title='bbox 263 781 269 793; x_wconf 93' lang='lat'>,</span> <span class='ocrx_word' id='word_1_104' title='bbox 284 757 330 786; x_wconf 85' lang='lat' dir='ltr'>sed</span> <span class='ocrx_word' id='word_1_105' title='bbox 343 766 367 786; x_wconf 84' lang='lat' dir='ltr'>et</span> <span class='ocrx_word' id='word_1_106' title='bbox 380 758 396 786; x_wconf 92' lang='lat' dir='ltr'>ii</span> <span class='ocrx_word' id='word_1_107' title='bbox 413 758 459 796; x_wconf 86' lang='lat' dir='ltr'>qui</span> <span class='ocrx_word' id='word_1_108' title='bbox 474 766 534 786; x_wconf 85' lang='lat' dir='ltr'>sunt</span> <span class='ocrx_word' id='word_1_109' title='bbox 551 758 700 787; x_wconf 86' lang='lat' dir='ltr'>diademate</span> <span class='ocrx_word' id='word_1_110' title='bbox 714 759 849 795; x_wconf 84' lang='lat' dir='ltr'>redimiti,</span> 
     </span>
     <span class='ocr_line' id='line_1_18' title="bbox 110 804 800 844; baseline 0.003 -13"><span class='ocrx_word' id='word_1_111' title='bbox 110 814 167 831; x_wconf 83' lang='lat' dir='ltr'>eam</span> <span class='ocrx_word' id='word_1_112' title='bbox 184 804 272 843; x_wconf 90' lang='lat' dir='ltr'>potius</span> <span class='ocrx_word' id='word_1_113' title='bbox 286 805 311 832; x_wconf 97' lang='lat' dir='ltr'>in</span> <span class='ocrx_word' id='word_1_114' title='bbox 327 805 414 833; x_wconf 86' lang='lat' dir='ltr'>fronte</span> <span class='ocrx_word' id='word_1_115' title='bbox 428 812 530 844; x_wconf 79' lang='lat' dir='ltr'>gestant</span> <span class='ocrx_word' id='word_1_116' title='bbox 546 816 626 843; x_wconf 86' lang='lat' dir='ltr'>quam</span> <span class='ocrx_word' id='word_1_117' title='bbox 640 805 774 836; x_wconf 81' lang='lat' dir='ltr'>diadema.</span> <span class='ocrx_word' id='word_1_118' title='bbox 787 818 800 833; x_wconf 71' lang='lat' dir='ltr'>i&gt;</span> 
     </span>
     <span class='ocr_line' id='line_1_19' title="bbox 150 851 852 891; baseline 0.003 -13"><span class='ocrx_word' id='word_1_119' title='bbox 150 851 191 879; x_wconf 88' lang='lat' dir='ltr'>De</span> <span class='ocrx_word' id='word_1_120' title='bbox 211 851 311 880; x_wconf 89' lang='lat' dir='ltr'>honore</span> <span class='ocrx_word' id='word_1_121' title='bbox 333 858 410 889; x_wconf 85' lang='lat' dir='ltr'>atque</span> <span class='ocrx_word' id='word_1_122' title='bbox 431 852 504 880; x_wconf 91' lang='lat' dir='ltr'>cultu</span> <span class='ocrx_word' id='word_1_123' title='bbox 525 859 688 887; x_wconf 83' lang='lat' dir='ltr'>sanctoruni,</span> <span class='ocrx_word' id='word_1_124' title='bbox 705 852 852 891; x_wconf 73' lang='lat' dir='ltr'>pra‘cipue-</span> 
     </span>
     <span class='ocr_line' id='line_1_20' title="bbox 109 898 851 937; baseline 0.003 -12"><span class='ocrx_word' id='word_1_125' title='bbox 109 908 162 934; x_wconf 85' lang='lat' dir='ltr'>que</span> <span class='ocrx_word' id='word_1_126' title='bbox 184 904 335 937; x_wconf 83' lang='lat' dir='ltr'>martyrum</span> <span class='ocrx_word' id='word_1_127' title='bbox 355 898 476 935; x_wconf 85' lang='lat' dir='ltr'>reliquiis</span> <span class='ocrx_word' id='word_1_128' title='bbox 492 898 610 936; x_wconf 64' lang='lat' dir='ltr'>praestito</span> <span class='ocrx_word' id='word_1_129' title='bbox 630 898 780 935; x_wconf 79' lang='lat' dir='ltr'>frequenter</span> <span class='ocrx_word' id='word_1_130' title='bbox 795 899 851 936; x_wconf 83' lang='lat' dir='ltr'>agit</span> 
     </span>
     <span class='ocr_line' id='line_1_21' title="bbox 111 943 852 981; baseline 0.001 -10"><span class='ocrx_word' id='word_1_131' title='bbox 111 943 329 981; x_wconf 83' lang='lat' dir='ltr'>Clirysostonius.</span> <span class='ocrx_word' id='word_1_132' title='bbox 342 944 458 981; x_wconf 76' lang='lat' dir='ltr'>Insignis</span> <span class='ocrx_word' id='word_1_133' title='bbox 472 943 547 971; x_wconf 88' lang='lat' dir='ltr'>locus</span> <span class='ocrx_word' id='word_1_134' title='bbox 559 943 603 970; x_wconf 86' lang='lat' dir='ltr'>ille</span> <span class='ocrx_word' id='word_1_135' title='bbox 618 950 667 977; x_wconf 87' lang='lat' dir='ltr'>est,</span> <span class='ocrx_word' id='word_1_136' title='bbox 685 943 731 971; x_wconf 85' lang='lat' dir='ltr'>ubi</span> <span class='ocrx_word' id='word_1_137' title='bbox 747 943 780 971; x_wconf 90' lang='lat' dir='ltr'>de</span> <span class='ocrx_word' id='word_1_138' title='bbox 794 955 852 972; x_wconf 82' lang='lat' dir='ltr'>san-</span> 
     </span>
     <span class='ocr_line' id='line_1_22' title="bbox 111 989 851 1028; baseline 0.001 -11"><span class='ocrx_word' id='word_1_139' title='bbox 111 996 152 1017; x_wconf 87' lang='lat' dir='ltr'>cto</span> <span class='ocrx_word' id='word_1_140' title='bbox 173 989 275 1028; x_wconf 72' lang='lat' dir='ltr'>Babyla</span> <span class='ocrx_word' id='word_1_141' title='bbox 293 989 424 1017; x_wconf 83' lang='lat' dir='ltr'>disserens</span> <span class='ocrx_word' id='word_1_142' title='bbox 439 989 502 1017; x_wconf 81' lang='lat' dir='ltr'>talia</span> <span class='ocrx_word' id='word_1_143' title='bbox 521 989 593 1016; x_wconf 85' lang='lat' dir='ltr'>satur</span> <span class='ocrx_word' id='word_1_144' title='bbox 610 1000 616 1019; x_wconf 77' lang='lat' dir='ltr'>t</span> <span class='ocrx_word' id='word_1_145' title='bbox 636 1001 649 1015; x_wconf 88' lang='lat'>«</span> <span class='ocrx_word' id='word_1_146' title='bbox 662 992 695 1017; x_wconf 74' lang='lat' dir='ltr'>At</span> <span class='ocrx_word' id='word_1_147' title='bbox 716 991 788 1018; x_wconf 89' lang='lat' dir='ltr'>Deus</span> <span class='ocrx_word' id='word_1_148' title='bbox 806 990 851 1019; x_wconf 90' lang='lat' dir='ltr'>ille</span> 
     </span>
     <span class='ocr_line' id='line_1_23' title="bbox 110 1035 852 1073; baseline 0.001 -10"><span class='ocrx_word' id='word_1_149' title='bbox 110 1035 233 1068; x_wconf 86' lang='lat' dir='ltr'>clemens,</span> <span class='ocrx_word' id='word_1_150' title='bbox 248 1035 294 1073; x_wconf 87' lang='lat' dir='ltr'>qui</span> <span class='ocrx_word' id='word_1_151' title='bbox 309 1035 426 1063; x_wconf 82' lang='lat' dir='ltr'>infinitas</span> <span class='ocrx_word' id='word_1_152' title='bbox 438 1035 515 1063; x_wconf 90' lang='lat' dir='ltr'>nobis</span> <span class='ocrx_word' id='word_1_153' title='bbox 529 1035 621 1063; x_wconf 83' lang='lat' dir='ltr'>salutis</span> <span class='ocrx_word' id='word_1_154' title='bbox 631 1035 780 1064; x_wconf 75' lang='lat' dir='ltr'>occasiones</span> <span class='ocrx_word' id='word_1_155' title='bbox 791 1047 852 1065; x_wconf 88' lang='lat' dir='ltr'>con-</span> 
     </span>
     <span class='ocr_line' id='line_1_24' title="bbox 108 1080 848 1120; baseline 0.004 -12"><span class='ocrx_word' id='word_1_156' title='bbox 108 1081 186 1115; x_wconf 83' lang='lat' dir='ltr'>tulit,</span> <span class='ocrx_word' id='word_1_157' title='bbox 202 1080 269 1109; x_wconf 84' lang='lat' dir='ltr'>hanc</span> <span class='ocrx_word' id='word_1_158' title='bbox 285 1092 390 1119; x_wconf 86' lang='lat' dir='ltr'>quoque</span> <span class='ocrx_word' id='word_1_159' title='bbox 405 1081 481 1109; x_wconf 83' lang='lat' dir='ltr'>nebis</span> <span class='ocrx_word' id='word_1_160' title='bbox 497 1092 558 1109; x_wconf 89' lang='lat' dir='ltr'>cum</span> <span class='ocrx_word' id='word_1_161' title='bbox 577 1081 636 1109; x_wconf 85' lang='lat' dir='ltr'>aliis</span> <span class='ocrx_word' id='word_1_162' title='bbox 649 1082 754 1120; x_wconf 88' lang='lat' dir='ltr'>aperuit</span> <span class='ocrx_word' id='word_1_163' title='bbox 766 1082 848 1118; x_wconf 85' lang='lat' dir='ltr'>viam,</span> 
     </span>
     <span class='ocr_line' id='line_1_25' title="bbox 108 1127 850 1166; baseline 0.003 -11"><span class='ocrx_word' id='word_1_164' title='bbox 108 1138 166 1165; x_wconf 72' lang='lat' dir='ltr'>qum</span> <span class='ocrx_word' id='word_1_165' title='bbox 178 1138 223 1155; x_wconf 90' lang='lat' dir='ltr'>nos</span> <span class='ocrx_word' id='word_1_166' title='bbox 235 1127 318 1166; x_wconf 78' lang='lat' dir='ltr'>possit</span> <span class='ocrx_word' id='word_1_167' title='bbox 329 1127 362 1155; x_wconf 84' lang='lat' dir='ltr'>ad</span> <span class='ocrx_word' id='word_1_168' title='bbox 374 1127 500 1155; x_wconf 84' lang='lat' dir='ltr'>virtutem</span> <span class='ocrx_word' id='word_1_169' title='bbox 513 1138 634 1161; x_wconf 76' lang='lat' dir='ltr'>evocare,</span> <span class='ocrx_word' id='word_1_170' title='bbox 649 1135 801 1156; x_wconf 85' lang='lat' dir='ltr'>sanctorum</span> <span class='ocrx_word' id='word_1_171' title='bbox 813 1140 850 1157; x_wconf 81' lang='lat' dir='ltr'>re-</span> 
     </span>
     <span class='ocr_line' id='line_1_26' title="bbox 107 1173 849 1214; baseline 0.004 -13"><span class='ocrx_word' id='word_1_172' title='bbox 107 1173 205 1211; x_wconf 84' lang='lat' dir='ltr'>liquias</span> <span class='ocrx_word' id='word_1_173' title='bbox 229 1173 334 1201; x_wconf 81' lang='lat' dir='ltr'>interim</span> <span class='ocrx_word' id='word_1_174' title='bbox 354 1173 429 1212; x_wconf 89' lang='lat' dir='ltr'>apud</span> <span class='ocrx_word' id='word_1_175' title='bbox 449 1183 495 1201; x_wconf 83' lang='lat' dir='ltr'>nos</span> <span class='ocrx_word' id='word_1_176' title='bbox 518 1173 678 1211; x_wconf 87' lang='lat' dir='ltr'>relinquens.</span> <span class='ocrx_word' id='word_1_177' title='bbox 699 1175 766 1203; x_wconf 85' lang='lat' dir='ltr'>Nam</span> <span class='ocrx_word' id='word_1_178' title='bbox 790 1183 849 1214; x_wconf 89' lang='lat' dir='ltr'>post</span> 
     </span>
     <span class='ocr_line' id='line_1_27' title="bbox 108 1219 848 1255; baseline 0.004 -8"><span class='ocrx_word' id='word_1_179' title='bbox 108 1219 237 1248; x_wconf 89' lang='lat' dir='ltr'>sermonis</span> <span class='ocrx_word' id='word_1_180' title='bbox 266 1219 408 1255; x_wconf 86' lang='lat' dir='ltr'>virtutem,</span> <span class='ocrx_word' id='word_1_181' title='bbox 437 1219 583 1248; x_wconf 83' lang='lat' dir='ltr'>secundum</span> <span class='ocrx_word' id='word_1_182' title='bbox 611 1226 699 1248; x_wconf 84' lang='lat' dir='ltr'>tenent</span> <span class='ocrx_word' id='word_1_183' title='bbox 729 1220 848 1250; x_wconf 81' lang='lat' dir='ltr'>ordinem</span> 
     </span>
     <span class='ocr_line' id='line_1_28' title="bbox 107 1265 849 1305; baseline 0.001 -11"><span class='ocrx_word' id='word_1_184' title='bbox 107 1273 260 1295; x_wconf 88' lang='lat' dir='ltr'>sanctorum</span> <span class='ocrx_word' id='word_1_185' title='bbox 276 1265 412 1305; x_wconf 80' lang='lat' dir='ltr'>sepulcra,</span> <span class='ocrx_word' id='word_1_186' title='bbox 428 1276 486 1303; x_wconf 62' lang='lat' dir='ltr'>quse</span> <span class='ocrx_word' id='word_1_187' title='bbox 501 1266 605 1293; x_wconf 85' lang='lat' dir='ltr'>animos</span> <span class='ocrx_word' id='word_1_188' title='bbox 622 1266 784 1295; x_wconf 88' lang='lat' dir='ltr'>intuentium</span> <span class='ocrx_word' id='word_1_189' title='bbox 797 1267 849 1295; x_wconf 91' lang='lat' dir='ltr'>ho-</span> 
     </span>
     <span class='ocr_line' id='line_1_29' title="bbox 107 1311 849 1350; baseline 0.001 -10"><span class='ocrx_word' id='word_1_190' title='bbox 107 1312 211 1340; x_wconf 89' lang='lat' dir='ltr'>minum</span> <span class='ocrx_word' id='word_1_191' title='bbox 227 1311 260 1340; x_wconf 90' lang='lat' dir='ltr'>ad</span> <span class='ocrx_word' id='word_1_192' title='bbox 277 1311 453 1340; x_wconf 89' lang='lat' dir='ltr'>imitationem</span> <span class='ocrx_word' id='word_1_193' title='bbox 471 1311 613 1340; x_wconf 82' lang='lat' dir='ltr'>concitent.</span> <span class='ocrx_word' id='word_1_194' title='bbox 634 1313 671 1339; x_wconf 80' lang='lat' dir='ltr'>Ac</span> <span class='ocrx_word' id='word_1_195' title='bbox 687 1312 772 1340; x_wconf 86' lang='lat' dir='ltr'>sicubi</span> <span class='ocrx_word' id='word_1_196' title='bbox 788 1313 849 1350; x_wconf 88' lang='lat' dir='ltr'>quis</span> 
     </span>
     <span class='ocr_line' id='line_1_30' title="bbox 107 1357 849 1396; baseline 0.001 -10"><span class='ocrx_word' id='word_1_197' title='bbox 107 1357 238 1396; x_wconf 84' lang='lat' dir='ltr'>ejusmodi</span> <span class='ocrx_word' id='word_1_198' title='bbox 251 1368 335 1396; x_wconf 63' lang='lat' dir='ltr'>capsae</span> <span class='ocrx_word' id='word_1_199' title='bbox 347 1357 439 1392; x_wconf 79' lang='lat' dir='ltr'>adstet,</span> <span class='ocrx_word' id='word_1_200' title='bbox 448 1357 537 1385; x_wconf 86' lang='lat' dir='ltr'>statim</span> <span class='ocrx_word' id='word_1_201' title='bbox 548 1357 604 1395; x_wconf 86' lang='lat' dir='ltr'>ejus</span> <span class='ocrx_word' id='word_1_202' title='bbox 617 1357 761 1386; x_wconf 84' lang='lat' dir='ltr'>efficaciam</span> <span class='ocrx_word' id='word_1_203' title='bbox 771 1369 849 1387; x_wconf 84' lang='lat' dir='ltr'>sensu</span> 
     </span>
     <span class='ocr_line' id='line_1_31' title="bbox 107 1403 851 1442; baseline 0.003 -11"><span class='ocrx_word' id='word_1_204' title='bbox 107 1403 276 1442; x_wconf 85' lang='lat' dir='ltr'>percipit.....</span> <span class='ocrx_word' id='word_1_205' title='bbox 293 1403 379 1431; x_wconf 84' lang='lat' dir='ltr'>Probe</span> <span class='ocrx_word' id='word_1_206' title='bbox 394 1410 481 1430; x_wconf 86' lang='lat' dir='ltr'>autem</span> <span class='ocrx_word' id='word_1_207' title='bbox 497 1403 694 1431; x_wconf 80' lang='lat' dir='ltr'>animadvertet</span> <span class='ocrx_word' id='word_1_208' title='bbox 715 1403 851 1433; x_wconf 84' lang='lat' dir='ltr'>defuncto-</span> 
     </span>
     <span class='ocr_line' id='line_1_32' title="bbox 107 1448 848 1488; baseline 0.001 -11"><span class='ocrx_word' id='word_1_209' title='bbox 107 1460 168 1477; x_wconf 88' lang='lat' dir='ltr'>rum</span> <span class='ocrx_word' id='word_1_210' title='bbox 181 1449 350 1488; x_wconf 77' lang='lat' dir='ltr'>phantasiam</span> <span class='ocrx_word' id='word_1_211' title='bbox 365 1459 399 1476; x_wconf 81' lang='lat' dir='ltr'>ex</span> <span class='ocrx_word' id='word_1_212' title='bbox 414 1448 481 1487; x_wconf 87' lang='lat' dir='ltr'>ipsis</span> <span class='ocrx_word' id='word_1_213' title='bbox 497 1448 562 1476; x_wconf 84' lang='lat' dir='ltr'>locis</span> <span class='ocrx_word' id='word_1_214' title='bbox 579 1448 605 1476; x_wconf 91' lang='lat' dir='ltr'>in</span> <span class='ocrx_word' id='word_1_215' title='bbox 619 1449 770 1477; x_wconf 83' lang='lat' dir='ltr'>viventium</span> <span class='ocrx_word' id='word_1_216' title='bbox 787 1451 848 1478; x_wconf 88' lang='lat' dir='ltr'>ani-</span> 
     </span>
     <span class='ocr_line' id='line_1_33' title="bbox 107 1494 849 1534; baseline 0.004 -12"><span class='ocrx_word' id='word_1_217' title='bbox 107 1494 159 1523; x_wconf 88' lang='lat' dir='ltr'>mis</span> <span class='ocrx_word' id='word_1_218' title='bbox 174 1495 297 1531; x_wconf 78' lang='lat' dir='ltr'>excitari,</span> <span class='ocrx_word' id='word_1_219' title='bbox 314 1494 335 1523; x_wconf 88' lang='lat' dir='ltr'>si</span> <span class='ocrx_word' id='word_1_220' title='bbox 351 1494 410 1532; x_wconf 86' lang='lat' dir='ltr'>quis</span> <span class='ocrx_word' id='word_1_221' title='bbox 429 1494 525 1533; x_wconf 82' lang='lat' dir='ltr'>cogitet</span> <span class='ocrx_word' id='word_1_222' title='bbox 542 1495 676 1532; x_wconf 90' lang='lat' dir='ltr'>quomodo</span> <span class='ocrx_word' id='word_1_223' title='bbox 692 1496 729 1532; x_wconf 86' lang='lat' dir='ltr'>ii,</span> <span class='ocrx_word' id='word_1_224' title='bbox 745 1496 790 1534; x_wconf 92' lang='lat' dir='ltr'>qui</span> <span class='ocrx_word' id='word_1_225' title='bbox 805 1497 849 1525; x_wconf 87' lang='lat' dir='ltr'>lu-</span> 
     </span>
     <span class='ocr_line' id='line_1_34' title="bbox 108 1540 849 1582; baseline 0.004 -13"><span class='ocrx_word' id='word_1_226' title='bbox 108 1541 188 1579; x_wconf 83' lang='lat' dir='ltr'>gendi</span> <span class='ocrx_word' id='word_1_227' title='bbox 209 1552 288 1570; x_wconf 86' lang='lat' dir='ltr'>causa</span> <span class='ocrx_word' id='word_1_228' title='bbox 312 1541 438 1577; x_wconf 91' lang='lat' dir='ltr'>veniunt,</span> <span class='ocrx_word' id='word_1_229' title='bbox 464 1540 551 1569; x_wconf 76' lang='lat' dir='ltr'>statim</span> <span class='ocrx_word' id='word_1_230' title='bbox 572 1548 651 1579; x_wconf 84' lang='lat' dir='ltr'>atque</span> <span class='ocrx_word' id='word_1_231' title='bbox 675 1541 709 1569; x_wconf 89' lang='lat' dir='ltr'>ad</span> <span class='ocrx_word' id='word_1_232' title='bbox 727 1543 849 1582; x_wconf 85' lang='lat' dir='ltr'>sepulcra</span> 
     </span>
     <span class='ocr_line' id='line_1_35' title="bbox 107 1587 848 1627; baseline 0.003 -12"><span class='ocrx_word' id='word_1_233' title='bbox 107 1595 290 1624; x_wconf 77' lang='lat' dir='ltr'>accesserunt,</span> <span class='ocrx_word' id='word_1_234' title='bbox 305 1598 336 1616; x_wconf 85' lang='lat' dir='ltr'>ac</span> <span class='ocrx_word' id='word_1_235' title='bbox 349 1587 373 1615; x_wconf 87' lang='lat' dir='ltr'>si</span> <span class='ocrx_word' id='word_1_236' title='bbox 388 1587 446 1616; x_wconf 77' lang='lat' dir='ltr'>vice</span> <span class='ocrx_word' id='word_1_237' title='bbox 461 1597 533 1615; x_wconf 81' lang='lat' dir='ltr'>urnae</span> <span class='ocrx_word' id='word_1_238' title='bbox 547 1597 602 1623; x_wconf 86' lang='lat' dir='ltr'>eos,</span> <span class='ocrx_word' id='word_1_239' title='bbox 620 1587 665 1625; x_wconf 90' lang='lat' dir='ltr'>qui</span> <span class='ocrx_word' id='word_1_240' title='bbox 681 1587 707 1616; x_wconf 89' lang='lat' dir='ltr'>in</span> <span class='ocrx_word' id='word_1_241' title='bbox 726 1599 790 1617; x_wconf 86' lang='lat' dir='ltr'>urna</span> <span class='ocrx_word' id='word_1_242' title='bbox 804 1590 848 1627; x_wconf 85' lang='lat' dir='ltr'>ja-</span> 
     </span>
     <span class='ocr_line' id='line_1_36' title="bbox 108 1633 847 1673; baseline 0.001 -11"><span class='ocrx_word' id='word_1_243' title='bbox 108 1642 178 1673; x_wconf 81' lang='lat' dir='ltr'>cent,</span> <span class='ocrx_word' id='word_1_244' title='bbox 199 1641 297 1662; x_wconf 86' lang='lat' dir='ltr'>stantes</span> <span class='ocrx_word' id='word_1_245' title='bbox 321 1633 455 1668; x_wconf 81' lang='lat' dir='ltr'>viderent,</span> <span class='ocrx_word' id='word_1_246' title='bbox 474 1633 511 1662; x_wconf 90' lang='lat' dir='ltr'>sic</span> <span class='ocrx_word' id='word_1_247' title='bbox 535 1633 595 1661; x_wconf 87' lang='lat' dir='ltr'>illos</span> <span class='ocrx_word' id='word_1_248' title='bbox 618 1644 632 1661; x_wconf 88' lang='lat' dir='ltr'>e</span> <span class='ocrx_word' id='word_1_249' title='bbox 649 1633 741 1662; x_wconf 85' lang='lat' dir='ltr'>limine</span> <span class='ocrx_word' id='word_1_250' title='bbox 759 1635 847 1663; x_wconf 81' lang='lat' dir='ltr'>statim</span> 
     </span>
     <span class='ocr_line' id='line_1_37' title="bbox 107 1679 847 1719; baseline 0.001 -11"><span class='ocrx_word' id='word_1_251' title='bbox 107 1680 275 1719; x_wconf 83' lang='lat' dir='ltr'>compellent.</span> <span class='ocrx_word' id='word_1_252' title='bbox 288 1679 370 1708; x_wconf 86' lang='lat' dir='ltr'>Multi</span> <span class='ocrx_word' id='word_1_253' title='bbox 389 1690 462 1714; x_wconf 90' lang='lat' dir='ltr'>vero,</span> <span class='ocrx_word' id='word_1_254' title='bbox 480 1679 642 1708; x_wconf 84' lang='lat' dir='ltr'>intolerabili</span> <span class='ocrx_word' id='word_1_255' title='bbox 663 1680 749 1709; x_wconf 86' lang='lat' dir='ltr'>affecti</span> <span class='ocrx_word' id='word_1_256' title='bbox 767 1681 847 1709; x_wconf 89' lang='lat' dir='ltr'>dolo-</span> 
     </span>
     <span class='ocr_line' id='line_1_38' title="bbox 107 1725 847 1766; baseline 0.001 -11"><span class='ocrx_word' id='word_1_257' title='bbox 107 1737 143 1761; x_wconf 85' lang='lat' dir='ltr'>re,</span> <span class='ocrx_word' id='word_1_258' title='bbox 156 1737 239 1766; x_wconf 87' lang='lat' dir='ltr'>prope</span> <span class='ocrx_word' id='word_1_259' title='bbox 262 1725 403 1765; x_wconf 88' lang='lat' dir='ltr'>sepulchra</span> <span class='ocrx_word' id='word_1_260' title='bbox 418 1733 585 1754; x_wconf 88' lang='lat' dir='ltr'>mortuorum</span> <span class='ocrx_word' id='word_1_261' title='bbox 604 1725 772 1755; x_wconf 88' lang='lat' dir='ltr'>domicilium</span> <span class='ocrx_word' id='word_1_262' title='bbox 795 1728 847 1756; x_wconf 86' lang='lat' dir='ltr'>sibi</span> 
     </span>
     <span class='ocr_line' id='line_1_39' title="bbox 107 1771 846 1811; baseline 0.003 -11"><span class='ocrx_word' id='word_1_263' title='bbox 107 1783 220 1811; x_wconf 86' lang='lat' dir='ltr'>perenne</span> <span class='ocrx_word' id='word_1_264' title='bbox 240 1772 432 1801; x_wconf 83' lang='lat' dir='ltr'>constituerunt</span> <span class='ocrx_word' id='word_1_265' title='bbox 449 1783 457 1808; x_wconf 74' lang='lat'><em>3</em></span> <span class='ocrx_word' id='word_1_266' title='bbox 487 1771 515 1800; x_wconf 85' lang='lat' dir='ltr'>id</span> <span class='ocrx_word' id='word_1_267' title='bbox 541 1783 709 1810; x_wconf 75' lang='lat' dir='ltr'>nequaquam</span> <span class='ocrx_word' id='word_1_268' title='bbox 730 1773 846 1811; x_wconf 85' lang='lat' dir='ltr'>facturi,</span> 
     </span>
    </p>
   </div>
   <div class='ocr_carea' id='block_1_9' title="bbox 60 1817 847 1859">
    <p class='ocr_par' dir='ltr' id='par_1_9' title="bbox 60 1817 847 1859">
     <span class='ocr_line' id='line_1_40' title="bbox 60 1817 847 1859; baseline 0.001 -12"><span class='ocrx_word' id='word_1_269' title='bbox 60 1830 96 1850; x_wconf 48' lang='grc' dir='ltr'>πει</span> <span class='ocrx_word' id='word_1_270' title='bbox 108 1818 158 1846; x_wconf 86' lang='lat' dir='ltr'>nisi</span> <span class='ocrx_word' id='word_1_271' title='bbox 173 1828 206 1846; x_wconf 86' lang='lat' dir='ltr'>ex</span> <span class='ocrx_word' id='word_1_272' title='bbox 217 1819 265 1847; x_wconf 88' lang='lat' dir='ltr'>loci</span> <span class='ocrx_word' id='word_1_273' title='bbox 275 1825 416 1856; x_wconf 87' lang='lat' dir='ltr'>conspectu</span> <span class='ocrx_word' id='word_1_274' title='bbox 430 1817 571 1857; x_wconf 87' lang='lat' dir='ltr'>quidpiam</span> <span class='ocrx_word' id='word_1_275' title='bbox 585 1819 772 1848; x_wconf 80' lang='lat' dir='ltr'>consolationis</span> <span class='ocrx_word' id='word_1_276' title='bbox 784 1831 847 1859; x_wconf 88' lang='lat' dir='ltr'>per-</span> 
     </span>
    </p>
   </div>
   <div class='ocr_carea' id='block_1_10' title="bbox 52 2465 78 2495">
    <p class='ocr_par' dir='ltr' id='par_1_10' title="bbox 52 2465 78 2495">
     <span class='ocr_line' id='line_1_41' title="bbox 52 2465 62 2492; textangle 90"><span class='ocrx_word' id='word_1_277' title='bbox 52 2465 62 2492; x_wconf 46' lang='lat' dir='ltr'>...x</span> 
     </span>
     <span class='ocr_line' id='line_1_42' title="bbox 67 2473 78 2495; textangle 90"><span class='ocrx_word' id='word_1_278' title='bbox 67 2473 78 2495; x_wconf 55' lang='lat' dir='ltr'>ci</span> 
     </span>
    </p>
   </div>
   <div class='ocr_carea' id='block_1_11' title="bbox 99 1863 846 2453">
    <p class='ocr_par' dir='ltr' id='par_1_11' title="bbox 102 1863 846 2225">
     <span class='ocr_line' id='line_1_43' title="bbox 107 1863 846 1903; baseline 0.004 -11"><span class='ocrx_word' id='word_1_279' title='bbox 107 1864 245 1903; x_wconf 86' lang='lat' dir='ltr'>cepissent.</span> <span class='ocrx_word' id='word_1_280' title='bbox 256 1863 365 1902; x_wconf 86' lang='lat' dir='ltr'>Ecquid</span> <span class='ocrx_word' id='word_1_281' title='bbox 376 1863 476 1892; x_wconf 82' lang='lat' dir='ltr'>deloco</span> <span class='ocrx_word' id='word_1_282' title='bbox 488 1871 512 1892; x_wconf 85' lang='lat' dir='ltr'>et</span> <span class='ocrx_word' id='word_1_283' title='bbox 523 1865 645 1903; x_wconf 87' lang='lat' dir='ltr'>sepulcro</span> <span class='ocrx_word' id='word_1_284' title='bbox 660 1865 774 1903; x_wconf 68' lang='lat' dir='ltr'>loquor?</span> <span class='ocrx_word' id='word_1_285' title='bbox 785 1877 846 1895; x_wconf 85' lang='lat' dir='ltr'>cum</span> 
     </span>
     <span class='ocr_line' id='line_1_44' title="bbox 105 1910 846 1949; baseline 0.007 -11"><span class='ocrx_word' id='word_1_286' title='bbox 105 1910 187 1939; x_wconf 80' lang='lat' dir='ltr'>vestis</span> <span class='ocrx_word' id='word_1_287' title='bbox 210 1921 279 1949; x_wconf 80' lang='lat' dir='ltr'>saepe</span> <span class='ocrx_word' id='word_1_288' title='bbox 301 1910 356 1938; x_wconf 91' lang='lat' dir='ltr'>sola</span> <span class='ocrx_word' id='word_1_289' title='bbox 377 1917 545 1939; x_wconf 90' lang='lat' dir='ltr'>mortuorum</span> <span class='ocrx_word' id='word_1_290' title='bbox 570 1911 642 1947; x_wconf 87' lang='lat' dir='ltr'>visa,</span> <span class='ocrx_word' id='word_1_291' title='bbox 665 1919 710 1940; x_wconf 86' lang='lat' dir='ltr'>aut</span> <span class='ocrx_word' id='word_1_292' title='bbox 732 1913 846 1943; x_wconf 86' lang='lat' dir='ltr'>verbum</span> 
     </span>
     <span class='ocr_line' id='line_1_45' title="bbox 105 1956 845 1995; baseline 0.007 -12"><span class='ocrx_word' id='word_1_293' title='bbox 105 1967 188 1984; x_wconf 89' lang='lat' dir='ltr'>unum</span> <span class='ocrx_word' id='word_1_294' title='bbox 205 1963 292 1984; x_wconf 88' lang='lat' dir='ltr'>mente</span> <span class='ocrx_word' id='word_1_295' title='bbox 312 1956 454 1995; x_wconf 87' lang='lat' dir='ltr'>repetitum</span> <span class='ocrx_word' id='word_1_296' title='bbox 469 1957 588 1985; x_wconf 88' lang='lat' dir='ltr'>animum</span> <span class='ocrx_word' id='word_1_297' title='bbox 606 1958 745 1994; x_wconf 75' lang='lat' dir='ltr'>excitarit,</span> <span class='ocrx_word' id='word_1_298' title='bbox 762 1966 788 1987; x_wconf 88' lang='lat' dir='ltr'>et</span> <span class='ocrx_word' id='word_1_299' title='bbox 804 1961 845 1988; x_wconf 82' lang='lat' dir='ltr'>la-</span> 
     </span>
     <span class='ocr_line' id='line_1_46' title="bbox 104 2001 845 2043; baseline 0.008 -14"><span class='ocrx_word' id='word_1_300' title='bbox 104 2001 208 2030; x_wconf 90' lang='lat' dir='ltr'>bentem</span> <span class='ocrx_word' id='word_1_301' title='bbox 225 2002 379 2030; x_wconf 79' lang='lat' dir='ltr'>memoriam</span> <span class='ocrx_word' id='word_1_302' title='bbox 395 2001 543 2033; x_wconf 80' lang='lat' dir='ltr'>reduxerit.</span> <span class='ocrx_word' id='word_1_303' title='bbox 559 2003 622 2032; x_wconf 86' lang='lat' dir='ltr'>Ideo</span> <span class='ocrx_word' id='word_1_304' title='bbox 639 2004 766 2043; x_wconf 87' lang='lat' dir='ltr'>reliquias</span> <span class='ocrx_word' id='word_1_305' title='bbox 783 2016 845 2035; x_wconf 87' lang='lat' dir='ltr'>san-</span> 
     </span>
     <span class='ocr_line' id='line_1_47' title="bbox 103 2047 843 2081; baseline 0.008 -6"><span class='ocrx_word' id='word_1_306' title='bbox 103 2054 208 2076; x_wconf 87' lang='lat' dir='ltr'>ctorum</span> <span class='ocrx_word' id='word_1_307' title='bbox 228 2047 304 2076; x_wconf 90' lang='lat' dir='ltr'>nobis</span> <span class='ocrx_word' id='word_1_308' title='bbox 324 2049 397 2076; x_wconf 86' lang='lat' dir='ltr'>Deus</span> <span class='ocrx_word' id='word_1_309' title='bbox 412 2048 527 2077; x_wconf 87' lang='lat' dir='ltr'>dimisit.</span> <span class='ocrx_word' id='word_1_310' title='bbox 548 2050 593 2077; x_wconf 88' lang='lat' dir='ltr'>Me</span> <span class='ocrx_word' id='word_1_311' title='bbox 609 2056 697 2078; x_wconf 84' lang='lat' dir='ltr'>autem</span> <span class='ocrx_word' id='word_1_312' title='bbox 717 2061 768 2079; x_wconf 91' lang='lat' dir='ltr'>non</span> <span class='ocrx_word' id='word_1_313' title='bbox 787 2052 843 2081; x_wconf 74' lang='lat' dir='ltr'>haec</span> 
     </span>
     <span class='ocr_line' id='line_1_48' title="bbox 102 2093 843 2133; baseline 0.008 -12"><span class='ocrx_word' id='word_1_314' title='bbox 102 2093 201 2122; x_wconf 80' lang='lat' dir='ltr'>frustra</span> <span class='ocrx_word' id='word_1_315' title='bbox 215 2094 348 2133; x_wconf 85' lang='lat' dir='ltr'>jactitare,</span> <span class='ocrx_word' id='word_1_316' title='bbox 373 2093 419 2122; x_wconf 85' lang='lat' dir='ltr'>sed</span> <span class='ocrx_word' id='word_1_317' title='bbox 443 2094 476 2122; x_wconf 87' lang='lat' dir='ltr'>ad</span> <span class='ocrx_word' id='word_1_318' title='bbox 499 2095 640 2123; x_wconf 74' lang='lat' dir='ltr'>utilitatem</span> <span class='ocrx_word' id='word_1_319' title='bbox 665 2104 781 2126; x_wconf 87' lang='lat' dir='ltr'>nostram</span> <span class='ocrx_word' id='word_1_320' title='bbox 808 2099 843 2128; x_wconf 85' lang='lat' dir='ltr'>ita</span> 
     </span>
     <span class='ocr_line' id='line_1_49' title="bbox 102 2140 843 2184; baseline 0.009 -17"><span class='ocrx_word' id='word_1_321' title='bbox 102 2141 241 2178; x_wconf 73' lang='lat' dir='ltr'>provisum</span> <span class='ocrx_word' id='word_1_322' title='bbox 254 2151 318 2175; x_wconf 86' lang='lat' dir='ltr'>esse,</span> <span class='ocrx_word' id='word_1_323' title='bbox 330 2140 410 2169; x_wconf 85' lang='lat' dir='ltr'>fidem</span> <span class='ocrx_word' id='word_1_324' title='bbox 426 2141 510 2169; x_wconf 79' lang='lat' dir='ltr'>facere</span> <span class='ocrx_word' id='word_1_325' title='bbox 523 2148 632 2180; x_wconf 88' lang='lat' dir='ltr'>possunt</span> <span class='ocrx_word' id='word_1_326' title='bbox 644 2144 772 2172; x_wconf 86' lang='lat' dir='ltr'>miracula</span> <span class='ocrx_word' id='word_1_327' title='bbox 784 2156 843 2184; x_wconf 82' lang='lat' dir='ltr'>quae</span> 
     </span>
     <span class='ocr_line' id='line_1_50' title="bbox 102 2186 702 2225; baseline 0.005 -12"><span class='ocrx_word' id='word_1_328' title='bbox 102 2196 116 2213; x_wconf 89' lang='lat' dir='ltr'>a</span> <span class='ocrx_word' id='word_1_329' title='bbox 127 2186 224 2214; x_wconf 88' lang='lat' dir='ltr'>sanctis</span> <span class='ocrx_word' id='word_1_330' title='bbox 235 2186 354 2224; x_wconf 86' lang='lat' dir='ltr'>quotidie</span> <span class='ocrx_word' id='word_1_331' title='bbox 368 2186 533 2225; x_wconf 77' lang='lat' dir='ltr'>martyribus</span> <span class='ocrx_word' id='word_1_332' title='bbox 548 2187 673 2218; x_wconf 85' lang='lat' dir='ltr'>eduntur.</span> <span class='ocrx_word' id='word_1_333' title='bbox 688 2201 702 2216; x_wconf 73' lang='lat' dir='ltr'><em>n</em></span> 
     </span>
    </p>

    <p class='ocr_par' dir='ltr' id='par_1_12' title="bbox 99 2231 842 2453">
     <span class='ocr_line' id='line_1_51' title="bbox 143 2231 841 2266; baseline 0.01 -7"><span class='ocrx_word' id='word_1_334' title='bbox 143 2231 261 2260; x_wconf 90' lang='lat' dir='ltr'>Homilia</span> <span class='ocrx_word' id='word_1_335' title='bbox 284 2242 348 2260; x_wconf 86' lang='lat' dir='ltr'>vero</span> <span class='ocrx_word' id='word_1_336' title='bbox 369 2232 396 2260; x_wconf 90' lang='lat' dir='ltr'>in</span> <span class='ocrx_word' id='word_1_337' title='bbox 418 2233 445 2261; x_wconf 86' lang='lat' dir='ltr'>S.</span> <span class='ocrx_word' id='word_1_338' title='bbox 462 2233 635 2263; x_wconf 80' lang='lat' dir='ltr'>Eustathium</span> <span class='ocrx_word' id='word_1_339' title='bbox 646 2236 841 2266; x_wconf 83' lang='lat' dir='ltr'>Antioclienum</span> 
     </span>
     <span class='ocr_line' id='line_1_52' title="bbox 101 2276 842 2323; baseline 0.011 -19"><span class='ocrx_word' id='word_1_340' title='bbox 101 2276 158 2305; x_wconf 77' lang='lat' dir='ltr'>haec</span> <span class='ocrx_word' id='word_1_341' title='bbox 170 2277 267 2306; x_wconf 87' lang='lat' dir='ltr'>habet:</span> <span class='ocrx_word' id='word_1_342' title='bbox 286 2279 399 2306; x_wconf 82' lang='lat' dir='ltr'>Idcirco</span> <span class='ocrx_word' id='word_1_343' title='bbox 416 2285 581 2308; x_wconf 67' lang='lat' dir='ltr'>sanctorum</span> <span class='ocrx_word' id='word_1_344' title='bbox 598 2291 717 2318; x_wconf 81' lang='lat' dir='ltr'>corpora</span> <span class='ocrx_word' id='word_1_345' title='bbox 733 2285 842 2323; x_wconf 82' lang='lat' dir='ltr'>etfon-</span> 
     </span>
     <span class='ocr_line' id='line_1_53' title="bbox 101 2322 841 2364; baseline 0.011 -16"><span class='ocrx_word' id='word_1_346' title='bbox 101 2327 142 2349; x_wconf 81' lang='lat' dir='ltr'>tes</span> <span class='ocrx_word' id='word_1_347' title='bbox 153 2328 180 2349; x_wconf 83' lang='lat' dir='ltr'>et</span> <span class='ocrx_word' id='word_1_348' title='bbox 189 2322 301 2349; x_wconf 75' lang='lat' dir='ltr'>radices</span> <span class='ocrx_word' id='word_1_349' title='bbox 313 2329 341 2350; x_wconf 86' lang='lat' dir='ltr'>et</span> <span class='ocrx_word' id='word_1_350' title='bbox 351 2330 500 2362; x_wconf 82' lang='lat' dir='ltr'>unguenta</span> <span class='ocrx_word' id='word_1_351' title='bbox 513 2335 645 2363; x_wconf 81' lang='lat' dir='ltr'>nuncupo</span> <span class='ocrx_word' id='word_1_352' title='bbox 661 2329 841 2364; x_wconf 77' lang='lat' dir='ltr'>spiritualia.</span> 
     </span>
     <span class='ocr_line' id='line_1_54' title="bbox 99 2367 840 2412; baseline 0.009 -18"><span class='ocrx_word' id='word_1_353' title='bbox 99 2367 179 2395; x_wconf 87' lang='lat' dir='ltr'>Plebs</span> <span class='ocrx_word' id='word_1_354' title='bbox 199 2378 262 2396; x_wconf 70' lang='lat' dir='ltr'>vero</span> <span class='ocrx_word' id='word_1_355' title='bbox 284 2367 444 2397; x_wconf 85' lang='lat' dir='ltr'>Antiocliena</span> <span class='ocrx_word' id='word_1_356' title='bbox 466 2369 492 2397; x_wconf 88' lang='lat' dir='ltr'>in</span> <span class='ocrx_word' id='word_1_357' title='bbox 515 2370 617 2399; x_wconf 85' lang='lat' dir='ltr'>vicinos</span> <span class='ocrx_word' id='word_1_358' title='bbox 639 2372 699 2400; x_wconf 82' lang='lat' dir='ltr'>urbi</span> <span class='ocrx_word' id='word_1_359' title='bbox 721 2383 840 2412; x_wconf 82' lang='lat' dir='ltr'>campos,</span> 
     </span>
     <span class='ocr_line' id='line_1_55' title="bbox 100 2413 840 2453; baseline 0.011 -13"><span class='ocrx_word' id='word_1_360' title='bbox 100 2413 146 2440; x_wconf 91' lang='lat' dir='ltr'>ubi</span> <span class='ocrx_word' id='word_1_361' title='bbox 165 2413 306 2451; x_wconf 74' lang='lat' dir='ltr'>sepulchra</span> <span class='ocrx_word' id='word_1_362' title='bbox 322 2421 473 2453; x_wconf 86' lang='lat' dir='ltr'>martyrum</span> <span class='ocrx_word' id='word_1_363' title='bbox 493 2424 577 2450; x_wconf 89' lang='lat' dir='ltr'>erant,</span> <span class='ocrx_word' id='word_1_364' title='bbox 594 2417 709 2446; x_wconf 82' lang='lat' dir='ltr'>libenter</span> <span class='ocrx_word' id='word_1_365' title='bbox 724 2420 840 2448; x_wconf 89' lang='lat' dir='ltr'>eonssue-</span> 
     </span>
    </p>
   </div>
   <div class='ocr_carea' id='block_1_12' title="bbox 84 2458 839 2499">
    <p class='ocr_par' dir='ltr' id='par_1_13' title="bbox 84 2458 839 2499">
     <span class='ocr_line' id='line_1_56' title="bbox 84 2458 839 2499; baseline 0.009 -13"><span class='ocrx_word' id='word_1_366' title='bbox 84 2458 154 2487; x_wconf 85' lang='lat' dir='ltr'>¹bat.</span> <span class='ocrx_word' id='word_1_367' title='bbox 170 2459 241 2494; x_wconf 85' lang='lat' dir='ltr'>Quia</span> <span class='ocrx_word' id='word_1_368' title='bbox 255 2470 319 2487; x_wconf 85' lang='lat' dir='ltr'>vero</span> <span class='ocrx_word' id='word_1_369' title='bbox 335 2467 485 2499; x_wconf 80' lang='lat' dir='ltr'>martyrum</span> <span class='ocrx_word' id='word_1_370' title='bbox 498 2470 669 2491; x_wconf 87' lang='lat' dir='ltr'>monumenta</span> <span class='ocrx_word' id='word_1_371' title='bbox 682 2474 741 2492; x_wconf 83' lang='lat' dir='ltr'>cum</span> <span class='ocrx_word' id='word_1_372' title='bbox 757 2465 839 2494; x_wconf 63' lang='lat' dir='ltr'>hacre-</span> 
     </span>
    </p>
   </div>
   <div class='ocr_carea' id='block_1_13' title="bbox 98 2504 839 2640">
    <p class='ocr_par' dir='ltr' id='par_1_14' title="bbox 98 2504 839 2640">
     <span class='ocr_line' id='line_1_57' title="bbox 100 2504 839 2545; baseline 0.009 -13"><span class='ocrx_word' id='word_1_373' title='bbox 100 2504 213 2535; x_wconf 88' lang='lat' dir='ltr'>ticorum</span> <span class='ocrx_word' id='word_1_374' title='bbox 229 2505 378 2544; x_wconf 85' lang='lat' dir='ltr'>sepulchris</span> <span class='ocrx_word' id='word_1_375' title='bbox 392 2506 545 2535; x_wconf 77' lang='lat' dir='ltr'>intermixta</span> <span class='ocrx_word' id='word_1_376' title='bbox 558 2515 649 2545; x_wconf 85' lang='lat' dir='ltr'>erant;</span> <span class='ocrx_word' id='word_1_377' title='bbox 665 2509 723 2537; x_wconf 83' lang='lat' dir='ltr'>ideo</span> <span class='ocrx_word' id='word_1_378' title='bbox 732 2511 839 2540; x_wconf 85' lang='lat' dir='ltr'>Flavia-</span> 
     </span>
     <span class='ocr_line' id='line_1_58' title="bbox 100 2549 837 2595; baseline 0.011 -18"><span class='ocrx_word' id='word_1_379' title='bbox 100 2560 160 2585; x_wconf 87' lang='lat' dir='ltr'>nus,</span> <span class='ocrx_word' id='word_1_380' title='bbox 174 2557 202 2578; x_wconf 90' lang='lat' dir='ltr'>ut</span> <span class='ocrx_word' id='word_1_381' title='bbox 217 2549 320 2579; x_wconf 81' lang='lat' dir='ltr'>devotae</span> <span class='ocrx_word' id='word_1_382' title='bbox 337 2551 409 2589; x_wconf 81' lang='lat' dir='ltr'>plebi</span> <span class='ocrx_word' id='word_1_383' title='bbox 426 2553 584 2590; x_wconf 82' lang='lat' dir='ltr'>consuleret,</span> <span class='ocrx_word' id='word_1_384' title='bbox 604 2565 661 2582; x_wconf 86' lang='lat' dir='ltr'>ossa</span> <span class='ocrx_word' id='word_1_385' title='bbox 674 2555 719 2583; x_wconf 82' lang='lat' dir='ltr'>illa</span> <span class='ocrx_word' id='word_1_386' title='bbox 736 2564 837 2595; x_wconf 83' lang='lat' dir='ltr'>marty-</span> 
     </span>
     <span class='ocr_line' id='line_1_59' title="bbox 98 2595 837 2640; baseline 0.014 -17"><span class='ocrx_word' id='word_1_387' title='bbox 98 2606 157 2624; x_wconf 87' lang='lat' dir='ltr'>rum</span> <span class='ocrx_word' id='word_1_388' title='bbox 173 2595 270 2636; x_wconf 79' lang='lat' dir='ltr'>delegit</span> <span class='ocrx_word' id='word_1_389' title='bbox 291 2607 321 2626; x_wconf 80' lang='lat' dir='ltr'>ac</span> <span class='ocrx_word' id='word_1_390' title='bbox 341 2608 458 2626; x_wconf 83' lang='lat' dir='ltr'>scorsum</span> <span class='ocrx_word' id='word_1_391' title='bbox 479 2599 504 2627; x_wconf 93' lang='lat' dir='ltr'>in</span> <span class='ocrx_word' id='word_1_392' title='bbox 524 2611 591 2639; x_wconf 82' lang='lat' dir='ltr'>puro</span> <span class='ocrx_word' id='word_1_393' title='bbox 607 2601 760 2640; x_wconf 86' lang='lat' dir='ltr'>mundoque</span> <span class='ocrx_word' id='word_1_394' title='bbox 780 2603 837 2633; x_wconf 86' lang='lat' dir='ltr'>loco</span> 
     </span>
    </p>
   </div>
   <div class='ocr_carea' id='block_1_14' title="bbox 1585 191 1651 225">
    <p class='ocr_par' dir='ltr' id='par_1_15' title="bbox 1585 191 1651 225">
     <span class='ocr_line' id='line_1_60' title="bbox 1585 191 1651 225; baseline 0.015 -14"><span class='ocrx_word' id='word_1_395' title='bbox 1585 191 1651 225; x_wconf 76' lang='lat'>217</span> 
     </span>
    </p>
   </div>
   <div class='ocr_carea' id='block_1_15' title="bbox 892 248 1800 2597">
    <p class='ocr_par' dir='ltr' id='par_1_16' title="bbox 910 248 1799 563">
     <span class='ocr_line' id='line_1_61' title="bbox 912 248 1799 288; baseline 0.005 -12"><span class='ocrx_word' id='word_1_396' title='bbox 912 248 1064 278; x_wconf 86' lang='lat' dir='ltr'>collocavit.</span> <span class='ocrx_word' id='word_1_397' title='bbox 1081 249 1141 288; x_wconf 86' lang='lat' dir='ltr'>lpse</span> <span class='ocrx_word' id='word_1_398' title='bbox 1158 259 1262 287; x_wconf 89' lang='lat' dir='ltr'>quoque</span> <span class='ocrx_word' id='word_1_399' title='bbox 1277 248 1484 288; x_wconf 84' lang='lat' dir='ltr'>Chrysostomus</span> <span class='ocrx_word' id='word_1_400' title='bbox 1503 250 1579 278; x_wconf 73' lang='lat' dir='ltr'>exsul</span> <span class='ocrx_word' id='word_1_401' title='bbox 1597 252 1652 279; x_wconf 81' lang='lat' dir='ltr'>Ru-</span> <span class='ocrx_word' id='word_1_402' title='bbox 1664 258 1708 280; x_wconf 84' lang='lat' dir='ltr'>T.3</span> <span class='ocrx_word' id='word_1_403' title='bbox 1738 259 1799 286; x_wconf 49' lang='lat'>572.</span> 
     </span>
     <span class='ocr_line' id='line_1_62' title="bbox 911 291 1686 334; baseline 0.005 -13"><span class='ocrx_word' id='word_1_404' title='bbox 911 294 965 322; x_wconf 87' lang='lat' dir='ltr'>smo</span> <span class='ocrx_word' id='word_1_405' title='bbox 986 294 1141 334; x_wconf 86' lang='lat' dir='ltr'>presbytero</span> <span class='ocrx_word' id='word_1_406' title='bbox 1157 295 1282 333; x_wconf 81' lang='lat' dir='ltr'>reliquias</span> <span class='ocrx_word' id='word_1_407' title='bbox 1301 301 1451 334; x_wconf 84' lang='lat' dir='ltr'>martyrum</span> <span class='ocrx_word' id='word_1_408' title='bbox 1472 295 1555 329; x_wconf 84' lang='lat' dir='ltr'>misit,</span> <span class='ocrx_word' id='word_1_409' title='bbox 1572 297 1654 325; x_wconf 93' lang='lat' dir='ltr'>mini-</span> <span class='ocrx_word' id='word_1_410' title='bbox 1664 291 1686 311; x_wconf 75' lang='lat'>&#39;³&#39;</span> 
     </span>
     <span class='ocr_line' id='line_1_63' title="bbox 911 339 1654 382; baseline 0.004 -15"><span class='ocrx_word' id='word_1_411' title='bbox 911 349 953 367; x_wconf 88' lang='lat' dir='ltr'>mc</span> <span class='ocrx_word' id='word_1_412' title='bbox 964 339 1071 374; x_wconf 87' lang='lat' dir='ltr'>dubias,</span> <span class='ocrx_word' id='word_1_413' title='bbox 1092 340 1189 378; x_wconf 72' lang='lat' dir='ltr'>inquit,</span> <span class='ocrx_word' id='word_1_414' title='bbox 1207 351 1273 378; x_wconf 85' lang='lat' dir='ltr'>quas</span> <span class='ocrx_word' id='word_1_415' title='bbox 1292 341 1326 369; x_wconf 89' lang='lat' dir='ltr'>ab</span> <span class='ocrx_word' id='word_1_416' title='bbox 1342 341 1433 369; x_wconf 84' lang='lat' dir='ltr'>Otreio</span> <span class='ocrx_word' id='word_1_417' title='bbox 1450 341 1571 370; x_wconf 82' lang='lat' dir='ltr'>Arabissi</span> <span class='ocrx_word' id='word_1_418' title='bbox 1594 343 1654 382; x_wconf 85' lang='lat' dir='ltr'>cpi-</span> 
     </span>
     <span class='ocr_line' id='line_1_64' title="bbox 911 387 1654 426; baseline 0.007 -13"><span class='ocrx_word' id='word_1_419' title='bbox 911 396 990 425; x_wconf 70' lang='lat' dir='ltr'>scopo</span> <span class='ocrx_word' id='word_1_420' title='bbox 1005 394 1148 426; x_wconf 86' lang='lat' dir='ltr'>acceperat.</span> <span class='ocrx_word' id='word_1_421' title='bbox 1166 387 1246 416; x_wconf 81' lang='lat' dir='ltr'>Plura</span> <span class='ocrx_word' id='word_1_422' title='bbox 1262 398 1396 426; x_wconf 85' lang='lat' dir='ltr'>possemus</span> <span class='ocrx_word' id='word_1_423' title='bbox 1411 387 1518 423; x_wconf 81' lang='lat' dir='ltr'>addere,</span> <span class='ocrx_word' id='word_1_424' title='bbox 1532 389 1579 417; x_wconf 89' lang='lat' dir='ltr'>sed</span> <span class='ocrx_word' id='word_1_425' title='bbox 1599 390 1654 418; x_wconf 68' lang='lat' dir='ltr'>lifec</span> 
     </span>
     <span class='ocr_line' id='line_1_65' title="bbox 911 433 1654 472; baseline 0.007 -13"><span class='ocrx_word' id='word_1_426' title='bbox 911 433 974 460; x_wconf 76' lang='lat' dir='ltr'>sitis</span> <span class='ocrx_word' id='word_1_427' title='bbox 994 440 1065 461; x_wconf 84' lang='lat' dir='ltr'>sunt.</span> <span class='ocrx_word' id='word_1_428' title='bbox 1092 434 1200 462; x_wconf 89' lang='lat' dir='ltr'>Cultum</span> <span class='ocrx_word' id='word_1_429' title='bbox 1227 434 1298 462; x_wconf 89' lang='lat' dir='ltr'>enim</span> <span class='ocrx_word' id='word_1_430' title='bbox 1325 433 1370 462; x_wconf 85' lang='lat' dir='ltr'>ille</span> <span class='ocrx_word' id='word_1_431' title='bbox 1390 435 1565 472; x_wconf 86' lang='lat' dir='ltr'>reliquiarum</span> <span class='ocrx_word' id='word_1_432' title='bbox 1587 435 1654 464; x_wconf 84' lang='lat' dir='ltr'>adeo</span> 
     </span>
     <span class='ocr_line' id='line_1_66' title="bbox 910 478 1654 517; baseline 0.005 -12"><span class='ocrx_word' id='word_1_433' title='bbox 910 478 1061 516; x_wconf 78' lang='lat' dir='ltr'>frequenter</span> <span class='ocrx_word' id='word_1_434' title='bbox 1081 480 1207 517; x_wconf 78' lang='lat' dir='ltr'>celebrat,</span> <span class='ocrx_word' id='word_1_435' title='bbox 1226 487 1253 508; x_wconf 93' lang='lat' dir='ltr'>ut</span> <span class='ocrx_word' id='word_1_436' title='bbox 1277 480 1345 508; x_wconf 89' lang='lat' dir='ltr'>nihil</span> <span class='ocrx_word' id='word_1_437' title='bbox 1366 492 1394 509; x_wconf 83' lang='lat' dir='ltr'>ea</span> <span class='ocrx_word' id='word_1_438' title='bbox 1417 481 1450 509; x_wconf 90' lang='lat' dir='ltr'>de</span> <span class='ocrx_word' id='word_1_439' title='bbox 1469 491 1496 508; x_wconf 87' lang='lat' dir='ltr'>rc</span> <span class='ocrx_word' id='word_1_440' title='bbox 1517 481 1595 509; x_wconf 87' lang='lat' dir='ltr'>dubii</span> <span class='ocrx_word' id='word_1_441' title='bbox 1609 493 1654 510; x_wconf 90' lang='lat' dir='ltr'>su-</span> 
     </span>
     <span class='ocr_line' id='line_1_67' title="bbox 910 526 1003 563; baseline 0.022 -11"><span class='ocrx_word' id='word_1_442' title='bbox 910 526 1003 563; x_wconf 81' lang='lat' dir='ltr'>persit.</span> 
     </span>
    </p>

    <p class='ocr_par' dir='ltr' id='par_1_17' title="bbox 905 572 1800 1571">
     <span class='ocr_line' id='line_1_68' title="bbox 951 572 1654 611; baseline 0.006 -12"><span class='ocrx_word' id='word_1_443' title='bbox 951 572 1005 600; x_wconf 84' lang='lat' dir='ltr'>Nec</span> <span class='ocrx_word' id='word_1_444' title='bbox 1020 572 1106 600; x_wconf 86' lang='lat' dir='ltr'>minus</span> <span class='ocrx_word' id='word_1_445' title='bbox 1120 572 1190 600; x_wconf 86' lang='lat' dir='ltr'>clare</span> <span class='ocrx_word' id='word_1_446' title='bbox 1205 573 1325 611; x_wconf 86' lang='lat' dir='ltr'>loquitur</span> <span class='ocrx_word' id='word_1_447' title='bbox 1343 572 1376 601; x_wconf 89' lang='lat' dir='ltr'>de</span> <span class='ocrx_word' id='word_1_448' title='bbox 1390 573 1557 602; x_wconf 82' lang='lat' dir='ltr'>invocatione</span> <span class='ocrx_word' id='word_1_449' title='bbox 1570 581 1593 602; x_wconf 85' lang='lat' dir='ltr'>et</span> <span class='ocrx_word' id='word_1_450' title='bbox 1610 575 1654 603; x_wconf 92' lang='lat' dir='ltr'>in-</span> 
     </span>
     <span class='ocr_line' id='line_1_69' title="bbox 910 618 1654 658; baseline 0.003 -11"><span class='ocrx_word' id='word_1_451' title='bbox 910 618 1066 647; x_wconf 82' lang='lat' dir='ltr'>tercessione</span> <span class='ocrx_word' id='word_1_452' title='bbox 1080 626 1233 646; x_wconf 83' lang='lat' dir='ltr'>sanctorum</span> <span class='ocrx_word' id='word_1_453' title='bbox 1253 626 1277 647; x_wconf 89' lang='lat' dir='ltr'>et</span> <span class='ocrx_word' id='word_1_454' title='bbox 1295 627 1454 658; x_wconf 77' lang='lat' dir='ltr'>martyrum.</span> <span class='ocrx_word' id='word_1_455' title='bbox 1472 621 1540 648; x_wconf 92' lang='lat' dir='ltr'>Cum</span> <span class='ocrx_word' id='word_1_456' title='bbox 1559 621 1654 649; x_wconf 78' lang='lat' dir='ltr'>Antio-</span> 
     </span>
     <span class='ocr_line' id='line_1_70' title="bbox 910 664 1653 704; baseline 0.005 -13"><span class='ocrx_word' id='word_1_457' title='bbox 910 664 985 692; x_wconf 85' lang='lat' dir='ltr'>cheni</span> <span class='ocrx_word' id='word_1_458' title='bbox 1008 664 1120 692; x_wconf 80' lang='lat' dir='ltr'>adversa</span> <span class='ocrx_word' id='word_1_459' title='bbox 1137 665 1289 693; x_wconf 83' lang='lat' dir='ltr'>valetudine</span> <span class='ocrx_word' id='word_1_460' title='bbox 1309 666 1459 694; x_wconf 77' lang='lat' dir='ltr'>laborantes</span> <span class='ocrx_word' id='word_1_461' title='bbox 1483 666 1515 694; x_wconf 87' lang='lat' dir='ltr'>ad</span> <span class='ocrx_word' id='word_1_462' title='bbox 1535 667 1653 704; x_wconf 62' lang='lat' dir='ltr'>Judaeos,</span> 
     </span>
     <span class='ocr_line' id='line_1_71' title="bbox 908 710 1650 750; baseline 0.005 -13"><span class='ocrx_word' id='word_1_463' title='bbox 908 710 953 747; x_wconf 88' lang='lat' dir='ltr'>qui</span> <span class='ocrx_word' id='word_1_464' title='bbox 970 710 1111 748; x_wconf 77' lang='lat' dir='ltr'>praestigiis</span> <span class='ocrx_word' id='word_1_465' title='bbox 1126 710 1159 738; x_wconf 86' lang='lat' dir='ltr'>ad</span> <span class='ocrx_word' id='word_1_466' title='bbox 1181 711 1287 738; x_wconf 83' lang='lat' dir='ltr'>morbos</span> <span class='ocrx_word' id='word_1_467' title='bbox 1307 711 1479 749; x_wconf 75' lang='lat' dir='ltr'>depellendos</span> <span class='ocrx_word' id='word_1_468' title='bbox 1495 713 1650 750; x_wconf 81' lang='lat' dir='ltr'>utebantur,</span> 
     </span>
     <span class='ocr_line' id='line_1_72' title="bbox 908 756 1651 794; baseline 0.005 -11"><span class='ocrx_word' id='word_1_469' title='bbox 908 756 1090 794; x_wconf 78' lang='lat' dir='ltr'>confugerent,</span> <span class='ocrx_word' id='word_1_470' title='bbox 1106 764 1133 784; x_wconf 88' lang='lat' dir='ltr'>ut</span> <span class='ocrx_word' id='word_1_471' title='bbox 1150 768 1164 784; x_wconf 82' lang='lat' dir='ltr'>a</span> <span class='ocrx_word' id='word_1_472' title='bbox 1182 757 1279 784; x_wconf 84' lang='lat' dir='ltr'>talibus</span> <span class='ocrx_word' id='word_1_473' title='bbox 1295 757 1354 784; x_wconf 83' lang='lat' dir='ltr'>illos</span> <span class='ocrx_word' id='word_1_474' title='bbox 1367 765 1480 790; x_wconf 75' lang='lat' dir='ltr'>avertat.</span> <span class='ocrx_word' id='word_1_475' title='bbox 1501 758 1544 786; x_wconf 89' lang='lat' dir='ltr'>his</span> <span class='ocrx_word' id='word_1_476' title='bbox 1558 767 1651 788; x_wconf 69' lang='lat' dir='ltr'>avocat</span> 
     </span>
     <span class='ocr_line' id='line_1_73' title="bbox 908 802 1800 845; baseline 0.009 -15"><span class='ocrx_word' id='word_1_477' title='bbox 908 802 996 830; x_wconf 76' lang='lat' dir='ltr'>verbis</span> <span class='ocrx_word' id='word_1_478' title='bbox 1011 814 1016 828; x_wconf 80' lang='lat' dir='ltr'>z</span> <span class='ocrx_word' id='word_1_479' title='bbox 1038 814 1051 828; x_wconf 74' lang='grc' dir='ltr'>(ι</span> <span class='ocrx_word' id='word_1_480' title='bbox 1071 802 1188 831; x_wconf 83' lang='lat' dir='ltr'>Proinde</span> <span class='ocrx_word' id='word_1_481' title='bbox 1205 810 1231 830; x_wconf 89' lang='lat' dir='ltr'>tu</span> <span class='ocrx_word' id='word_1_482' title='bbox 1248 813 1364 840; x_wconf 81' lang='lat' dir='ltr'>quoque,</span> <span class='ocrx_word' id='word_1_483' title='bbox 1382 803 1403 830; x_wconf 68' lang='lat' dir='ltr'>si</span> <span class='ocrx_word' id='word_1_484' title='bbox 1420 803 1521 831; x_wconf 87' lang='lat' dir='ltr'>videris</span> <span class='ocrx_word' id='word_1_485' title='bbox 1533 811 1557 832; x_wconf 81' lang='lat' dir='ltr'>te</span> <span class='ocrx_word' id='word_1_486' title='bbox 1570 805 1649 843; x_wconf 87' lang='lat' dir='ltr'>puni-</span> <span class='ocrx_word' id='word_1_487' title='bbox 1659 815 1800 845; x_wconf 78' lang='lat' dir='ltr'>T.1.p.683.</span> 
     </span>
     <span class='ocr_line' id='line_1_74' title="bbox 906 845 1682 887; baseline 0.004 -11"><span class='ocrx_word' id='word_1_488' title='bbox 906 848 928 876; x_wconf 89' lang='lat' dir='ltr'>ri</span> <span class='ocrx_word' id='word_1_489' title='bbox 949 860 963 876; x_wconf 89' lang='lat' dir='ltr'>a</span> <span class='ocrx_word' id='word_1_490' title='bbox 980 849 1047 884; x_wconf 89' lang='lat' dir='ltr'>Deo,</span> <span class='ocrx_word' id='word_1_491' title='bbox 1067 860 1100 877; x_wconf 86' lang='lat' dir='ltr'>ne</span> <span class='ocrx_word' id='word_1_492' title='bbox 1118 849 1255 887; x_wconf 80' lang='lat' dir='ltr'>profugias</span> <span class='ocrx_word' id='word_1_493' title='bbox 1267 849 1301 877; x_wconf 86' lang='lat' dir='ltr'>ad</span> <span class='ocrx_word' id='word_1_494' title='bbox 1320 850 1376 887; x_wconf 88' lang='lat' dir='ltr'>cjus</span> <span class='ocrx_word' id='word_1_495' title='bbox 1392 849 1514 878; x_wconf 86' lang='lat' dir='ltr'>inimicos</span> <span class='ocrx_word' id='word_1_496' title='bbox 1531 851 1647 887; x_wconf 70' lang='lat' dir='ltr'>Judzms,</span> <span class='ocrx_word' id='word_1_497' title='bbox 1657 845 1682 870; x_wconf 66' lang='lat'>1&#39;·</span> 
     </span>
     <span class='ocr_line' id='line_1_75' title="bbox 907 895 1650 934; baseline 0.007 -13"><span class='ocrx_word' id='word_1_498' title='bbox 907 904 939 921; x_wconf 88' lang='lat' dir='ltr'>ne</span> <span class='ocrx_word' id='word_1_499' title='bbox 955 895 1041 932; x_wconf 84' lang='lat' dir='ltr'>magis</span> <span class='ocrx_word' id='word_1_500' title='bbox 1055 895 1134 922; x_wconf 87' lang='lat' dir='ltr'>etiam</span> <span class='ocrx_word' id='word_1_501' title='bbox 1151 895 1227 923; x_wconf 80' lang='lat' dir='ltr'>illum&#39;</span> <span class='ocrx_word' id='word_1_502' title='bbox 1242 895 1267 923; x_wconf 94' lang='lat' dir='ltr'>in</span> <span class='ocrx_word' id='word_1_503' title='bbox 1281 902 1305 923; x_wconf 86' lang='lat' dir='ltr'>te</span> <span class='ocrx_word' id='word_1_504' title='bbox 1321 906 1463 934; x_wconf 78' lang='lat' dir='ltr'>provoce53</span> <span class='ocrx_word' id='word_1_505' title='bbox 1477 896 1522 925; x_wconf 88' lang='lat' dir='ltr'>sed</span> <span class='ocrx_word' id='word_1_506' title='bbox 1534 897 1567 925; x_wconf 82' lang='lat' dir='ltr'>ad</span> <span class='ocrx_word' id='word_1_507' title='bbox 1583 898 1650 926; x_wconf 85' lang='lat' dir='ltr'>ami-</span> 
     </span>
     <span class='ocr_line' id='line_1_76' title="bbox 906 940 1650 981; baseline 0.005 -14"><span class='ocrx_word' id='word_1_508' title='bbox 906 950 950 968; x_wconf 86' lang='lat' dir='ltr'>cos</span> <span class='ocrx_word' id='word_1_509' title='bbox 964 940 1038 968; x_wconf 89' lang='lat' dir='ltr'>illius</span> <span class='ocrx_word' id='word_1_510' title='bbox 1053 948 1197 980; x_wconf 75' lang='lat' dir='ltr'>martyres,</span> <span class='ocrx_word' id='word_1_511' title='bbox 1211 948 1290 979; x_wconf 84' lang='lat' dir='ltr'>atque</span> <span class='ocrx_word' id='word_1_512' title='bbox 1302 949 1415 975; x_wconf 82' lang='lat' dir='ltr'>sanctos,</span> <span class='ocrx_word' id='word_1_513' title='bbox 1427 942 1472 980; x_wconf 89' lang='lat' dir='ltr'>qui</span> <span class='ocrx_word' id='word_1_514' title='bbox 1486 942 1525 971; x_wconf 91' lang='lat' dir='ltr'>illi</span> <span class='ocrx_word' id='word_1_515' title='bbox 1542 943 1650 981; x_wconf 83' lang='lat' dir='ltr'>placue-</span> 
     </span>
     <span class='ocr_line' id='line_1_77' title="bbox 908 987 1649 1027; baseline 0.004 -13"><span class='ocrx_word' id='word_1_516' title='bbox 908 993 981 1020; x_wconf 85' lang='lat' dir='ltr'>runt,</span> <span class='ocrx_word' id='word_1_517' title='bbox 998 987 1097 1025; x_wconf 84' lang='lat' dir='ltr'>quique</span> <span class='ocrx_word' id='word_1_518' title='bbox 1109 987 1225 1015; x_wconf 85' lang='lat' dir='ltr'>multum</span> <span class='ocrx_word' id='word_1_519' title='bbox 1240 987 1310 1027; x_wconf 88' lang='lat' dir='ltr'>apud</span> <span class='ocrx_word' id='word_1_520' title='bbox 1327 988 1404 1016; x_wconf 86' lang='lat' dir='ltr'>illum</span> <span class='ocrx_word' id='word_1_521' title='bbox 1420 988 1517 1017; x_wconf 83' lang='lat' dir='ltr'>habent</span> <span class='ocrx_word' id='word_1_522' title='bbox 1532 990 1649 1018; x_wconf 76' lang='lat' dir='ltr'>auctori-</span> 
     </span>
     <span class='ocr_line' id='line_1_78' title="bbox 906 1033 1799 1077; baseline 0.01 -17"><span class='ocrx_word' id='word_1_523' title='bbox 906 1033 977 1061; x_wconf 78' lang='lat' dir='ltr'>tatis.</span> <span class='ocrx_word' id='word_1_524' title='bbox 1001 1045 1014 1059; x_wconf 69' lang='lat' dir='ltr'>n</span> <span class='ocrx_word' id='word_1_525' title='bbox 1040 1034 1157 1062; x_wconf 87' lang='lat' dir='ltr'>Homilia</span> <span class='ocrx_word' id='word_1_526' title='bbox 1188 1044 1251 1062; x_wconf 76' lang='lat' dir='ltr'>vero</span> <span class='ocrx_word' id='word_1_527' title='bbox 1280 1035 1306 1062; x_wconf 87' lang='lat' dir='ltr'>in</span> <span class='ocrx_word' id='word_1_528' title='bbox 1333 1041 1452 1062; x_wconf 84' lang='lat' dir='ltr'>sanctum</span> <span class='ocrx_word' id='word_1_529' title='bbox 1478 1035 1617 1063; x_wconf 75' lang='lat' dir='ltr'>Melciium</span> <span class='ocrx_word' id='word_1_530' title='bbox 1640 1047 1799 1077; x_wconf 68' lang='lat' dir='ltr'>:T,a.p.523.</span> 
     </span>
     <span class='ocr_line' id='line_1_79' title="bbox 909 1080 1679 1119; baseline 0.005 -13"><span class='ocrx_word' id='word_1_531' title='bbox 909 1092 923 1105; x_wconf 89' lang='lat'>«</span> <span class='ocrx_word' id='word_1_532' title='bbox 940 1080 1054 1108; x_wconf 85' lang='lat' dir='ltr'>Oremus</span> <span class='ocrx_word' id='word_1_533' title='bbox 1077 1080 1166 1118; x_wconf 84' lang='lat' dir='ltr'>itaque</span> <span class='ocrx_word' id='word_1_534' title='bbox 1181 1091 1271 1109; x_wconf 88' lang='lat' dir='ltr'>omncs</span> <span class='ocrx_word' id='word_1_535' title='bbox 1291 1080 1371 1108; x_wconf 90' lang='lat' dir='ltr'>simul</span> <span class='ocrx_word' id='word_1_536' title='bbox 1392 1088 1447 1109; x_wconf 86' lang='lat' dir='ltr'>tam</span> <span class='ocrx_word' id='word_1_537' title='bbox 1469 1082 1679 1119; x_wconf 75' lang='lat' dir='ltr'>iiiagistt·atus,³·</span> 
     </span>
     <span class='ocr_line' id='line_1_80' title="bbox 906 1125 1648 1165; baseline 0.005 -12"><span class='ocrx_word' id='word_1_538' title='bbox 906 1137 987 1163; x_wconf 86' lang='lat' dir='ltr'>quam</span> <span class='ocrx_word' id='word_1_539' title='bbox 1011 1125 1120 1165; x_wconf 80' lang='lat' dir='ltr'>privati,</span> <span class='ocrx_word' id='word_1_540' title='bbox 1146 1133 1198 1154; x_wconf 87' lang='lat' dir='ltr'>tam</span> <span class='ocrx_word' id='word_1_541' title='bbox 1224 1127 1293 1155; x_wconf 82' lang='lat' dir='ltr'>servi</span> <span class='ocrx_word' id='word_1_542' title='bbox 1321 1137 1401 1164; x_wconf 85' lang='lat' dir='ltr'>quam</span> <span class='ocrx_word' id='word_1_543' title='bbox 1425 1127 1519 1159; x_wconf 78' lang='lat' dir='ltr'>liberi,</span> <span class='ocrx_word' id='word_1_544' title='bbox 1543 1128 1648 1157; x_wconf 84' lang='lat' dir='ltr'>beatum</span> 
     </span>
     <span class='ocr_line' id='line_1_81' title="bbox 906 1171 1649 1213; baseline 0.007 -15"><span class='ocrx_word' id='word_1_545' title='bbox 906 1171 993 1210; x_wconf 87' lang='lat' dir='ltr'>ipsum</span> <span class='ocrx_word' id='word_1_546' title='bbox 1010 1172 1149 1200; x_wconf 83' lang='lat' dir='ltr'>Meletium</span> <span class='ocrx_word' id='word_1_547' title='bbox 1167 1172 1263 1200; x_wconf 84' lang='lat' dir='ltr'>harum</span> <span class='ocrx_word' id='word_1_548' title='bbox 1279 1183 1388 1211; x_wconf 60' lang='lat' dir='ltr'>pret-um</span> <span class='ocrx_word' id='word_1_549' title='bbox 1404 1173 1504 1201; x_wconf 86' lang='lat' dir='ltr'>socium</span> <span class='ocrx_word' id='word_1_550' title='bbox 1521 1175 1649 1213; x_wconf 81' lang='lat' dir='ltr'>aecipien-</span> 
     </span>
     <span class='ocr_line' id='line_1_82' title="bbox 907 1217 1798 1261; baseline 0.006 -17"><span class='ocrx_word' id='word_1_551' title='bbox 907 1217 1008 1245; x_wconf 77' lang='lat' dir='ltr'>tes.»Et</span> <span class='ocrx_word' id='word_1_552' title='bbox 1024 1217 1088 1245; x_wconf 81' lang='lat' dir='ltr'>alibi</span> <span class='ocrx_word' id='word_1_553' title='bbox 1106 1218 1253 1246; x_wconf 75' lang='lat' dir='ltr'>clarissime</span> <span class='ocrx_word' id='word_1_554' title='bbox 1265 1230 1269 1245; x_wconf 91' lang='lat'>:</span> <span class='ocrx_word' id='word_1_555' title='bbox 1280 1231 1293 1244; x_wconf 87' lang='lat'>«</span> <span class='ocrx_word' id='word_1_556' title='bbox 1306 1218 1336 1246; x_wconf 85' lang='lat' dir='ltr'>ld</span> <span class='ocrx_word' id='word_1_557' title='bbox 1346 1218 1467 1254; x_wconf 71' lang='lat' dir='ltr'>scientes,</span> <span class='ocrx_word' id='word_1_558' title='bbox 1478 1219 1579 1254; x_wconf 78' lang='lat' dir='ltr'>dilecti,</span> <span class='ocrx_word' id='word_1_559' title='bbox 1589 1232 1648 1249; x_wconf 82' lang='lat' dir='ltr'>con·</span> <span class='ocrx_word' id='word_1_560' title='bbox 1658 1230 1798 1261; x_wconf 52' lang='lat' dir='ltr'>T-i-t‘ssffl-</span> 
     </span>
     <span class='ocr_line' id='line_1_83' title="bbox 905 1262 1716 1305; baseline 0.006 -16"><span class='ocrx_word' id='word_1_561' title='bbox 905 1262 1041 1299; x_wconf 78' lang='lat' dir='ltr'>fugiamus</span> <span class='ocrx_word' id='word_1_562' title='bbox 1060 1263 1093 1290; x_wconf 86' lang='lat' dir='ltr'>ad</span> <span class='ocrx_word' id='word_1_563' title='bbox 1110 1271 1262 1291; x_wconf 83' lang='lat' dir='ltr'>sanctorum</span> <span class='ocrx_word' id='word_1_564' title='bbox 1280 1274 1378 1302; x_wconf 68' lang='lat' dir='ltr'>preces,</span> <span class='ocrx_word' id='word_1_565' title='bbox 1394 1271 1418 1292; x_wconf 85' lang='lat' dir='ltr'>et</span> <span class='ocrx_word' id='word_1_566' title='bbox 1433 1275 1538 1292; x_wconf 73' lang='lat' dir='ltr'>oremus</span> <span class='ocrx_word' id='word_1_567' title='bbox 1557 1273 1584 1294; x_wconf 91' lang='lat' dir='ltr'>ut</span> <span class='ocrx_word' id='word_1_568' title='bbox 1599 1278 1647 1305; x_wconf 89' lang='lat' dir='ltr'>pro</span> <span class='ocrx_word' id='word_1_569' title='bbox 1659 1263 1681 1283; x_wconf 86' lang='lat'>¹’·</span> <span class='ocrx_word' id='word_1_570' title='bbox 1697 1271 1716 1284; x_wconf 55' lang='grc' dir='ltr'>Β·</span> 
     </span>
     <span class='ocr_line' id='line_1_84' title="bbox 906 1308 1648 1349; baseline 0.008 -14"><span class='ocrx_word' id='word_1_571' title='bbox 906 1308 984 1336; x_wconf 82' lang='lat' dir='ltr'>nobis</span> <span class='ocrx_word' id='word_1_572' title='bbox 1000 1308 1175 1337; x_wconf 84' lang='lat' dir='ltr'>intercedant.</span> <span class='ocrx_word' id='word_1_573' title='bbox 1191 1309 1243 1338; x_wconf 71' lang='lat' dir='ltr'>Sed</span> <span class='ocrx_word' id='word_1_574' title='bbox 1259 1320 1310 1338; x_wconf 88' lang='lat' dir='ltr'>non</span> <span class='ocrx_word' id='word_1_575' title='bbox 1327 1310 1435 1338; x_wconf 85' lang='lat' dir='ltr'>illorum</span> <span class='ocrx_word' id='word_1_576' title='bbox 1452 1311 1574 1349; x_wconf 82' lang='lat' dir='ltr'>precihus</span> <span class='ocrx_word' id='word_1_577' title='bbox 1588 1319 1648 1341; x_wconf 87' lang='lat' dir='ltr'>tan-</span> 
     </span>
     <span class='ocr_line' id='line_1_85' title="bbox 906 1355 1648 1395; baseline 0.005 -13"><span class='ocrx_word' id='word_1_578' title='bbox 906 1361 963 1382; x_wconf 87' lang='lat' dir='ltr'>tum</span> <span class='ocrx_word' id='word_1_579' title='bbox 973 1355 1149 1391; x_wconf 81' lang='lat' dir='ltr'>confidamus,</span> <span class='ocrx_word' id='word_1_580' title='bbox 1164 1355 1207 1383; x_wconf 71' lang='lat' dir='ltr'>scd</span> <span class='ocrx_word' id='word_1_581' title='bbox 1221 1363 1245 1383; x_wconf 87' lang='lat' dir='ltr'>et</span> <span class='ocrx_word' id='word_1_582' title='bbox 1258 1356 1307 1394; x_wconf 84' lang='lat' dir='ltr'>ipsi</span> <span class='ocrx_word' id='word_1_583' title='bbox 1319 1363 1416 1391; x_wconf 83' lang='lat' dir='ltr'>nostra,</span> <span class='ocrx_word' id='word_1_584' title='bbox 1430 1363 1458 1384; x_wconf 91' lang='lat' dir='ltr'>ut</span> <span class='ocrx_word' id='word_1_585' title='bbox 1469 1365 1581 1395; x_wconf 79' lang='lat' dir='ltr'>oportet,</span> <span class='ocrx_word' id='word_1_586' title='bbox 1593 1358 1648 1387; x_wconf 86' lang='lat' dir='ltr'>dis-</span> 
     </span>
     <span class='ocr_line' id='line_1_86' title="bbox 906 1401 1648 1440; baseline 0.004 -12"><span class='ocrx_word' id='word_1_587' title='bbox 906 1411 1047 1439; x_wconf 79' lang='lat' dir='ltr'>pensemus</span> <span class='ocrx_word' id='word_1_588' title='bbox 1068 1408 1146 1437; x_wconf 71' lang='lat' dir='ltr'>recte,</span> <span class='ocrx_word' id='word_1_589' title='bbox 1163 1408 1187 1429; x_wconf 90' lang='lat' dir='ltr'>ct</span> <span class='ocrx_word' id='word_1_590' title='bbox 1206 1401 1239 1429; x_wconf 84' lang='lat' dir='ltr'>ad</span> <span class='ocrx_word' id='word_1_591' title='bbox 1256 1402 1367 1430; x_wconf 81' lang='lat' dir='ltr'>meliora</span> <span class='ocrx_word' id='word_1_592' title='bbox 1383 1403 1501 1431; x_wconf 85' lang='lat' dir='ltr'>converti</span> <span class='ocrx_word' id='word_1_593' title='bbox 1521 1404 1648 1440; x_wconf 78' lang='lat' dir='ltr'>nitamur,</span> 
     </span>
     <span class='ocr_line' id='line_1_87' title="bbox 906 1447 1648 1487; baseline 0.004 -12"><span class='ocrx_word' id='word_1_594' title='bbox 906 1454 936 1475; x_wconf 87' lang='lat' dir='ltr'>ut</span> <span class='ocrx_word' id='word_1_595' title='bbox 956 1447 1043 1475; x_wconf 89' lang='lat' dir='ltr'>locum</span> <span class='ocrx_word' id='word_1_596' title='bbox 1058 1447 1152 1476; x_wconf 87' lang='lat' dir='ltr'>demus</span> <span class='ocrx_word' id='word_1_597' title='bbox 1167 1448 1291 1483; x_wconf 78' lang='lat' dir='ltr'>orationi,</span> <span class='ocrx_word' id='word_1_598' title='bbox 1312 1459 1370 1485; x_wconf 80' lang='lat' dir='ltr'>quae</span> <span class='ocrx_word' id='word_1_599' title='bbox 1392 1459 1439 1487; x_wconf 91' lang='lat' dir='ltr'>pro</span> <span class='ocrx_word' id='word_1_600' title='bbox 1457 1449 1533 1477; x_wconf 88' lang='lat' dir='ltr'>nobis</span> <span class='ocrx_word' id='word_1_601' title='bbox 1553 1450 1648 1478; x_wconf 82' lang='lat' dir='ltr'>sundi-</span> 
     </span>
     <span class='ocr_line' id='line_1_88' title="bbox 906 1494 1648 1534; baseline 0.004 -13"><span class='ocrx_word' id='word_1_602' title='bbox 906 1500 962 1522; x_wconf 82' lang='lat' dir='ltr'>tur.</span> <span class='ocrx_word' id='word_1_603' title='bbox 976 1506 990 1520; x_wconf 75' lang='lat' dir='ltr'>i&gt;</span> <span class='ocrx_word' id='word_1_604' title='bbox 1017 1494 1074 1522; x_wconf 88' lang='lat' dir='ltr'>Alia</span> <span class='ocrx_word' id='word_1_605' title='bbox 1098 1504 1149 1522; x_wconf 91' lang='lat' dir='ltr'>non</span> <span class='ocrx_word' id='word_1_606' title='bbox 1177 1504 1260 1533; x_wconf 87' lang='lat' dir='ltr'>pauca</span> <span class='ocrx_word' id='word_1_607' title='bbox 1283 1494 1438 1533; x_wconf 80' lang='lat' dir='ltr'>proferenda</span> <span class='ocrx_word' id='word_1_608' title='bbox 1461 1502 1648 1534; x_wconf 81' lang='lat' dir='ltr'>suppeterent;</span> 
     </span>
     <span class='ocr_line' id='line_1_89' title="bbox 905 1540 1647 1571; baseline 0.003 -3"><span class='ocrx_word' id='word_1_609' title='bbox 905 1540 951 1568; x_wconf 84' lang='lat' dir='ltr'>scd</span> <span class='ocrx_word' id='word_1_610' title='bbox 965 1540 991 1568; x_wconf 92' lang='lat' dir='ltr'>in</span> <span class='ocrx_word' id='word_1_611' title='bbox 1004 1550 1031 1568; x_wconf 84' lang='lat' dir='ltr'>re</span> <span class='ocrx_word' id='word_1_612' title='bbox 1047 1540 1193 1569; x_wconf 86' lang='lat' dir='ltr'>certissima</span> <span class='ocrx_word' id='word_1_613' title='bbox 1209 1551 1260 1568; x_wconf 89' lang='lat' dir='ltr'>non</span> <span class='ocrx_word' id='word_1_614' title='bbox 1274 1547 1312 1568; x_wconf 85' lang='lat' dir='ltr'>est</span> <span class='ocrx_word' id='word_1_615' title='bbox 1323 1540 1424 1568; x_wconf 84' lang='lat' dir='ltr'>diutius</span> <span class='ocrx_word' id='word_1_616' title='bbox 1438 1540 1647 1571; x_wconf 82' lang='lat' dir='ltr'>immorandum.</span> 
     </span>
    </p>

    <p class='ocr_par' dir='ltr' id='par_1_18' title="bbox 892 1587 1798 2597">
     <span class='ocr_line' id='line_1_90' title="bbox 945 1587 1648 1626; baseline 0.003 -12"><span class='ocrx_word' id='word_1_617' title='bbox 945 1587 1071 1615; x_wconf 70' lang='lat' dir='ltr'>Ecclesiae</span> <span class='ocrx_word' id='word_1_618' title='bbox 1088 1587 1178 1615; x_wconf 80' lang='lat' dir='ltr'>multae</span> <span class='ocrx_word' id='word_1_619' title='bbox 1198 1587 1245 1614; x_wconf 92' lang='lat' dir='ltr'>illo</span> <span class='ocrx_word' id='word_1_620' title='bbox 1260 1597 1317 1614; x_wconf 66' lang='lat' dir='ltr'>{evo</span> <span class='ocrx_word' id='word_1_621' title='bbox 1333 1587 1462 1626; x_wconf 80' lang='lat' dir='ltr'>martyria</span> <span class='ocrx_word' id='word_1_622' title='bbox 1479 1588 1648 1626; x_wconf 84' lang='lat' dir='ltr'>appellaban-</span> 
     </span>
     <span class='ocr_line' id='line_1_91' title="bbox 905 1633 1646 1674; baseline 0.005 -15"><span class='ocrx_word' id='word_1_623' title='bbox 905 1639 959 1660; x_wconf 89' lang='lat' dir='ltr'>tur.</span> <span class='ocrx_word' id='word_1_624' title='bbox 979 1633 1142 1672; x_wconf 85' lang='lat' dir='ltr'>Martyrium</span> <span class='ocrx_word' id='word_1_625' title='bbox 1164 1644 1227 1661; x_wconf 81' lang='lat' dir='ltr'>vero</span> <span class='ocrx_word' id='word_1_626' title='bbox 1245 1633 1323 1661; x_wconf 85' lang='lat' dir='ltr'>initio</span> <span class='ocrx_word' id='word_1_627' title='bbox 1338 1633 1474 1661; x_wconf 80' lang='lat' dir='ltr'>ecclesiam</span> <span class='ocrx_word' id='word_1_628' title='bbox 1496 1642 1646 1674; x_wconf 76' lang='lat' dir='ltr'>martyrum</span> 
     </span>
     <span class='ocr_line' id='line_1_92' title="bbox 904 1679 1795 1723; baseline 0.003 -16"><span class='ocrx_word' id='word_1_629' title='bbox 904 1679 1069 1717; x_wconf 79' lang='lat' dir='ltr'>significasse</span> <span class='ocrx_word' id='word_1_630' title='bbox 1092 1679 1215 1715; x_wconf 77' lang='lat' dir='ltr'>videtur3</span> <span class='ocrx_word' id='word_1_631' title='bbox 1241 1690 1271 1708; x_wconf 91' lang='lat' dir='ltr'>ac</span> <span class='ocrx_word' id='word_1_632' title='bbox 1292 1690 1397 1718; x_wconf 81' lang='lat' dir='ltr'>semper</span> <span class='ocrx_word' id='word_1_633' title='bbox 1421 1680 1582 1718; x_wconf 82' lang='lat' dir='ltr'>frequentius</span> <span class='ocrx_word' id='word_1_634' title='bbox 1598 1692 1675 1720; x_wconf 87' lang='lat' dir='ltr'>proT</span> <span class='ocrx_word' id='word_1_635' title='bbox 1694 1693 1795 1723; x_wconf 70' lang='lat' dir='ltr'>⁹-P·¹-&#39;t·</span> 
     </span>
     <span class='ocr_line' id='line_1_93' title="bbox 905 1726 1732 1765; baseline 0.004 -12"><span class='ocrx_word' id='word_1_636' title='bbox 905 1726 1013 1754; x_wconf 65' lang='lat' dir='ltr'>ccclesia</span> <span class='ocrx_word' id='word_1_637' title='bbox 1029 1733 1177 1765; x_wconf 84' lang='lat' dir='ltr'>martyrum</span> <span class='ocrx_word' id='word_1_638' title='bbox 1193 1726 1334 1765; x_wconf 80' lang='lat' dir='ltr'>accipitur,</span> <span class='ocrx_word' id='word_1_639' title='bbox 1355 1726 1400 1754; x_wconf 86' lang='lat' dir='ltr'>sed</span> <span class='ocrx_word' id='word_1_640' title='bbox 1419 1737 1468 1765; x_wconf 90' lang='lat' dir='ltr'>pro</span> <span class='ocrx_word' id='word_1_641' title='bbox 1488 1727 1548 1755; x_wconf 84' lang='lat' dir='ltr'>aliis</span> <span class='ocrx_word' id='word_1_642' title='bbox 1565 1728 1643 1756; x_wconf 83' lang='lat' dir='ltr'>etiam</span> <span class='ocrx_word' id='word_1_643' title='bbox 1656 1729 1699 1744; x_wconf 48' lang='lat'><strong>¹¹⁰²*</strong></span> <span class='ocrx_word' id='word_1_644' title='bbox 1712 1733 1732 1745; x_wconf 74' lang='lat'>¹³·</span> 
     </span>
     <span class='ocr_line' id='line_1_94' title="bbox 904 1766 1796 1818; baseline 0.003 -18"><span class='ocrx_word' id='word_1_645' title='bbox 904 1771 1020 1800; x_wconf 83' lang='lat' dir='ltr'>ecclesiis</span> <span class='ocrx_word' id='word_1_646' title='bbox 1037 1783 1238 1810; x_wconf 86' lang='lat' dir='ltr'>nonnumquam</span> <span class='ocrx_word' id='word_1_647' title='bbox 1253 1772 1405 1804; x_wconf 73' lang='lat' dir='ltr'>adhibetur,</span> <span class='ocrx_word' id='word_1_648' title='bbox 1424 1772 1473 1801; x_wconf 89' lang='lat' dir='ltr'>Illo</span> <span class='ocrx_word' id='word_1_649' title='bbox 1486 1780 1573 1801; x_wconf 79' lang='lat' dir='ltr'>autem</span> <span class='ocrx_word' id='word_1_650' title='bbox 1587 1783 1643 1802; x_wconf 71' lang='lat' dir='ltr'>:evo</span> <span class='ocrx_word' id='word_1_651' title='bbox 1654 1766 1796 1818; x_wconf 51' lang='lat' dir='ltr'>2,id(⁴}13?sij,¹⁷¹</span> 
     </span>
     <span class='ocr_line' id='line_1_95' title="bbox 904 1818 1798 1858; baseline 0.001 -12"><span class='ocrx_word' id='word_1_652' title='bbox 904 1824 961 1846; x_wconf 89' lang='lat' dir='ltr'>tum</span> <span class='ocrx_word' id='word_1_653' title='bbox 977 1818 1105 1852; x_wconf 79' lang='lat' dir='ltr'>ecclesiis,</span> <span class='ocrx_word' id='word_1_654' title='bbox 1120 1825 1177 1846; x_wconf 88' lang='lat' dir='ltr'>tum</span> <span class='ocrx_word' id='word_1_655' title='bbox 1191 1819 1328 1858; x_wconf 83' lang='lat' dir='ltr'>martyriis</span> <span class='ocrx_word' id='word_1_656' title='bbox 1342 1828 1453 1856; x_wconf 79' lang='lat' dir='ltr'>magnus</span> <span class='ocrx_word' id='word_1_657' title='bbox 1466 1819 1643 1848; x_wconf 81' lang='lat' dir='ltr'>exhibebatur</span> <span class='ocrx_word' id='word_1_658' title='bbox 1655 1830 1711 1848; x_wconf 63' lang='lat' dir='ltr'>raum</span> <span class='ocrx_word' id='word_1_659' title='bbox 1739 1829 1798 1849; x_wconf 69' lang='lat' dir='ltr'>Can.</span> 
     </span>
     <span class='ocr_line' id='line_1_96' title="bbox 903 1858 1796 1910; baseline 0.002 -17"><span class='ocrx_word' id='word_1_660' title='bbox 903 1864 988 1893; x_wconf 88' lang='lat' dir='ltr'>honor</span> <span class='ocrx_word' id='word_1_661' title='bbox 1005 1871 1030 1893; x_wconf 83' lang='lat' dir='ltr'>ct</span> <span class='ocrx_word' id='word_1_662' title='bbox 1044 1864 1202 1892; x_wconf 83' lang='lat' dir='ltr'>reverentia.</span> <span class='ocrx_word' id='word_1_663' title='bbox 1219 1865 1287 1892; x_wconf 88' lang='lat' dir='ltr'>Cum</span> <span class='ocrx_word' id='word_1_664' title='bbox 1305 1864 1330 1892; x_wconf 91' lang='lat' dir='ltr'>in</span> <span class='ocrx_word' id='word_1_665' title='bbox 1346 1865 1483 1893; x_wconf 86' lang='lat' dir='ltr'>ecclesiam</span> <span class='ocrx_word' id='word_1_666' title='bbox 1502 1865 1641 1903; x_wconf 82' lang='lat' dir='ltr'>intrarent,</span> <span class='ocrx_word' id='word_1_667' title='bbox 1653 1858 1796 1910; x_wconf 38' lang='lat' dir='ltr'>{ingizo-</span> 
     </span>
     <span class='ocr_line' id='line_1_97' title="bbox 903 1907 1790 1961; baseline 0.001 -22"><span class='ocrx_word' id='word_1_668' title='bbox 903 1920 997 1939; x_wconf 87' lang='lat' dir='ltr'>manus</span> <span class='ocrx_word' id='word_1_669' title='bbox 1017 1910 1172 1945; x_wconf 81' lang='lat' dir='ltr'>abluebant,</span> <span class='ocrx_word' id='word_1_670' title='bbox 1195 1910 1311 1947; x_wconf 79' lang='lat' dir='ltr'>itemque</span> <span class='ocrx_word' id='word_1_671' title='bbox 1337 1917 1477 1948; x_wconf 83' lang='lat' dir='ltr'>antequam</span> <span class='ocrx_word' id='word_1_672' title='bbox 1499 1921 1642 1949; x_wconf 86' lang='lat' dir='ltr'>precaren-</span> <span class='ocrx_word' id='word_1_673' title='bbox 1653 1932 1724 1960; x_wconf 78' lang='lat' dir='ltr'>T.8.p</span> <span class='ocrx_word' id='word_1_674' title='bbox 1736 1907 1790 1961; x_wconf 47' lang='lat'>43¹3·</span> 
     </span>
     <span class='ocr_line' id='line_1_98' title="bbox 902 1955 1708 1994; baseline 0.002 -11"><span class='ocrx_word' id='word_1_675' title='bbox 902 1962 963 1985; x_wconf 85' lang='lat' dir='ltr'>tur:</span> <span class='ocrx_word' id='word_1_676' title='bbox 977 1970 990 1984; x_wconf 75' lang='grc' dir='ltr'>(ι</span> <span class='ocrx_word' id='word_1_677' title='bbox 1005 1955 1242 1991; x_wconf 82' lang='lat' dir='ltr'>Quemadmodum</span> <span class='ocrx_word' id='word_1_678' title='bbox 1260 1956 1340 1989; x_wconf 80' lang='lat' dir='ltr'>enim,</span> <span class='ocrx_word' id='word_1_679' title='bbox 1355 1968 1368 1982; x_wconf 89' lang='lat'>»</span> <span class='ocrx_word' id='word_1_680' title='bbox 1393 1956 1489 1994; x_wconf 86' lang='lat' dir='ltr'>inquit,</span> <span class='ocrx_word' id='word_1_681' title='bbox 1507 1969 1519 1983; x_wconf 73' lang='lat' dir='ltr'>(t</span> <span class='ocrx_word' id='word_1_682' title='bbox 1536 1957 1643 1986; x_wconf 88' lang='lat' dir='ltr'>solenne</span> <span class='ocrx_word' id='word_1_683' title='bbox 1653 1971 1672 1984; x_wconf 82' lang='lat' dir='ltr'>c.</span> <span class='ocrx_word' id='word_1_684' title='bbox 1685 1964 1708 1985; x_wconf 87' lang='lat' dir='ltr'>d.</span> 
     </span>
     <span class='ocr_line' id='line_1_99' title="bbox 901 2002 1789 2041; baseline 0 -10"><span class='ocrx_word' id='word_1_685' title='bbox 901 2009 938 2030; x_wconf 88' lang='lat' dir='ltr'>est</span> <span class='ocrx_word' id='word_1_686' title='bbox 955 2010 983 2031; x_wconf 90' lang='lat' dir='ltr'>ut</span> <span class='ocrx_word' id='word_1_687' title='bbox 998 2003 1082 2031; x_wconf 82' lang='lat' dir='ltr'>fontes</span> <span class='ocrx_word' id='word_1_688' title='bbox 1097 2009 1194 2041; x_wconf 70' lang='lat' dir='ltr'>przcsto</span> <span class='ocrx_word' id='word_1_689' title='bbox 1207 2002 1258 2030; x_wconf 90' lang='lat' dir='ltr'>sint</span> <span class='ocrx_word' id='word_1_690' title='bbox 1274 2009 1336 2030; x_wconf 86' lang='lat' dir='ltr'>ante</span> <span class='ocrx_word' id='word_1_691' title='bbox 1351 2003 1477 2037; x_wconf 88' lang='lat' dir='ltr'>oratoria,</span> <span class='ocrx_word' id='word_1_692' title='bbox 1501 2011 1528 2031; x_wconf 92' lang='lat' dir='ltr'>ut</span> <span class='ocrx_word' id='word_1_693' title='bbox 1544 2003 1639 2032; x_wconf 81' lang='lat' dir='ltr'>adora-</span> <span class='ocrx_word' id='word_1_694' title='bbox 1651 2005 1789 2035; x_wconf 53' lang='lat' dir='ltr'>T·3-p-²‹5&#39;9·</span> 
     </span>
     <span class='ocr_line' id='line_1_100' title="bbox 900 2037 1674 2087; baseline 0.004 -12"><span class='ocrx_word' id='word_1_695' title='bbox 900 2048 952 2076; x_wconf 85' lang='lat' dir='ltr'>turi</span> <span class='ocrx_word' id='word_1_696' title='bbox 967 2050 1054 2077; x_wconf 90' lang='lat' dir='ltr'>Deum</span> <span class='ocrx_word' id='word_1_697' title='bbox 1068 2058 1162 2076; x_wconf 84' lang='lat' dir='ltr'>manus</span> <span class='ocrx_word' id='word_1_698' title='bbox 1178 2047 1252 2086; x_wconf 90' lang='lat' dir='ltr'>prius</span> <span class='ocrx_word' id='word_1_699' title='bbox 1266 2047 1334 2075; x_wconf 83' lang='lat' dir='ltr'>lotas</span> <span class='ocrx_word' id='word_1_700' title='bbox 1348 2047 1416 2076; x_wconf 88' lang='lat' dir='ltr'>inter</span> <span class='ocrx_word' id='word_1_701' title='bbox 1427 2049 1592 2087; x_wconf 87' lang='lat' dir='ltr'>precandum</span> <span class='ocrx_word' id='word_1_702' title='bbox 1604 2037 1674 2078; x_wconf 68' lang='lat' dir='ltr'>at-d‘</span> 
     </span>
     <span class='ocr_line' id='line_1_101' title="bbox 899 2093 1639 2132; baseline 0.003 -10"><span class='ocrx_word' id='word_1_703' title='bbox 899 2094 993 2122; x_wconf 80' lang='lat' dir='ltr'>tollant</span> <span class='ocrx_word' id='word_1_704' title='bbox 1008 2107 1013 2121; x_wconf 74' lang='grc' dir='ltr'>ε</span> <span class='ocrx_word' id='word_1_705' title='bbox 1028 2095 1062 2122; x_wconf 79' lang='lat' dir='ltr'>ita</span> <span class='ocrx_word' id='word_1_706' title='bbox 1080 2104 1209 2132; x_wconf 82' lang='lat' dir='ltr'>pauperes</span> <span class='ocrx_word' id='word_1_707' title='bbox 1223 2093 1337 2121; x_wconf 86' lang='lat' dir='ltr'>fontium</span> <span class='ocrx_word' id='word_1_708' title='bbox 1355 2093 1414 2122; x_wconf 75' lang='lat' dir='ltr'>vice</span> <span class='ocrx_word' id='word_1_709' title='bbox 1427 2101 1486 2122; x_wconf 81' lang='lat' dir='ltr'>ante</span> <span class='ocrx_word' id='word_1_710' title='bbox 1503 2095 1571 2123; x_wconf 85' lang='lat' dir='ltr'>fores</span> <span class='ocrx_word' id='word_1_711' title='bbox 1584 2096 1639 2124; x_wconf 66' lang='lat' dir='ltr'>col&lt;</span> 
     </span>
     <span class='ocr_line' id='line_1_102' title="bbox 898 2138 1643 2178; baseline 0.005 -12"><span class='ocrx_word' id='word_1_712' title='bbox 898 2138 1055 2168; x_wconf 84' lang='lat' dir='ltr'>locaverunt</span> <span class='ocrx_word' id='word_1_713' title='bbox 1068 2140 1181 2178; x_wconf 82' lang='lat' dir='ltr'>majores</span> <span class='ocrx_word' id='word_1_714' title='bbox 1194 2139 1276 2167; x_wconf 86' lang='lat' dir='ltr'>nostri</span> <span class='ocrx_word' id='word_1_715' title='bbox 1290 2151 1296 2173; x_wconf 86' lang='lat'>;</span> <span class='ocrx_word' id='word_1_716' title='bbox 1310 2146 1339 2167; x_wconf 91' lang='lat' dir='ltr'>ut</span> <span class='ocrx_word' id='word_1_717' title='bbox 1351 2140 1576 2177; x_wconf 85' lang='lat' dir='ltr'>quemadmodum</span> <span class='ocrx_word' id='word_1_718' title='bbox 1589 2153 1643 2170; x_wconf 89' lang='lat' dir='ltr'>ma-</span> 
     </span>
     <span class='ocr_line' id='line_1_103' title="bbox 898 2185 1641 2225; baseline 0.004 -11"><span class='ocrx_word' id='word_1_719' title='bbox 898 2197 948 2215; x_wconf 93' lang='lat' dir='ltr'>nus</span> <span class='ocrx_word' id='word_1_720' title='bbox 963 2187 1100 2215; x_wconf 86' lang='lat' dir='ltr'>abluimus</span> <span class='ocrx_word' id='word_1_721' title='bbox 1119 2196 1199 2223; x_wconf 81' lang='lat' dir='ltr'>aqua,</span> <span class='ocrx_word' id='word_1_722' title='bbox 1222 2185 1260 2213; x_wconf 84' lang='lat' dir='ltr'>sie</span> <span class='ocrx_word' id='word_1_723' title='bbox 1284 2186 1358 2224; x_wconf 86' lang='lat' dir='ltr'>prius</span> <span class='ocrx_word' id='word_1_724' title='bbox 1378 2197 1424 2225; x_wconf 83' lang='lat' dir='ltr'>per</span> <span class='ocrx_word' id='word_1_725' title='bbox 1440 2187 1641 2217; x_wconf 77' lang='lat' dir='ltr'>beneficentiam</span> 
     </span>
     <span class='ocr_line' id='line_1_104' title="bbox 897 2233 1641 2272; baseline 0.003 -11"><span class='ocrx_word' id='word_1_726' title='bbox 897 2233 1014 2262; x_wconf 84' lang='lat' dir='ltr'>abstersa</span> <span class='ocrx_word' id='word_1_727' title='bbox 1028 2233 1128 2267; x_wconf 84' lang='lat' dir='ltr'>anima,</span> <span class='ocrx_word' id='word_1_728' title='bbox 1148 2239 1207 2260; x_wconf 86' lang='lat' dir='ltr'>tum</span> <span class='ocrx_word' id='word_1_729' title='bbox 1223 2233 1330 2261; x_wconf 88' lang='lat' dir='ltr'>demum</span> <span class='ocrx_word' id='word_1_730' title='bbox 1350 2244 1441 2272; x_wconf 73' lang='lat' dir='ltr'>preces</span> <span class='ocrx_word' id='word_1_731' title='bbox 1455 2241 1557 2263; x_wconf 86' lang='lat' dir='ltr'>nostras</span> <span class='ocrx_word' id='word_1_732' title='bbox 1573 2236 1641 2264; x_wconf 89' lang='lat' dir='ltr'>osfe-</span> 
     </span>
     <span class='ocr_line' id='line_1_105' title="bbox 896 2278 1641 2317; baseline 0.004 -11"><span class='ocrx_word' id='word_1_733' title='bbox 896 2289 994 2307; x_wconf 83' lang='lat' dir='ltr'>ramus.</span> <span class='ocrx_word' id='word_1_734' title='bbox 1008 2291 1022 2306; x_wconf 86' lang='lat'>»</span> <span class='ocrx_word' id='word_1_735' title='bbox 1041 2279 1070 2307; x_wconf 95' lang='lat' dir='ltr'>In</span> <span class='ocrx_word' id='word_1_736' title='bbox 1087 2289 1160 2307; x_wconf 87' lang='lat' dir='ltr'>more</span> <span class='ocrx_word' id='word_1_737' title='bbox 1179 2285 1233 2306; x_wconf 86' lang='lat' dir='ltr'>erat</span> <span class='ocrx_word' id='word_1_738' title='bbox 1248 2278 1338 2311; x_wconf 84' lang='lat' dir='ltr'>etiam,</span> <span class='ocrx_word' id='word_1_739' title='bbox 1358 2286 1386 2306; x_wconf 84' lang='lat' dir='ltr'>ut</span> <span class='ocrx_word' id='word_1_740' title='bbox 1399 2279 1445 2317; x_wconf 91' lang='lat' dir='ltr'>qui</span> <span class='ocrx_word' id='word_1_741' title='bbox 1460 2279 1487 2307; x_wconf 92' lang='lat' dir='ltr'>in</span> <span class='ocrx_word' id='word_1_742' title='bbox 1504 2281 1641 2310; x_wconf 82' lang='lat' dir='ltr'>ecclesiam</span> 
     </span>
     <span class='ocr_line' id='line_1_106' title="bbox 896 2325 1641 2365; baseline 0.005 -12"><span class='ocrx_word' id='word_1_743' title='bbox 896 2325 1025 2354; x_wconf 84' lang='lat' dir='ltr'>intrarent</span> <span class='ocrx_word' id='word_1_744' title='bbox 1037 2327 1094 2365; x_wconf 85' lang='lat' dir='ltr'>ejus</span> <span class='ocrx_word' id='word_1_745' title='bbox 1112 2326 1245 2354; x_wconf 74' lang='lat' dir='ltr'>vestibula</span> <span class='ocrx_word' id='word_1_746' title='bbox 1259 2327 1454 2355; x_wconf 80' lang='lat' dir='ltr'>oscularentur.</span> <span class='ocrx_word' id='word_1_747' title='bbox 1473 2328 1546 2356; x_wconf 90' lang='lat' dir='ltr'>Intra</span> <span class='ocrx_word' id='word_1_748' title='bbox 1559 2329 1641 2357; x_wconf 91' lang='lat' dir='ltr'>cccle-</span> 
     </span>
     <span class='ocr_line' id='line_1_107' title="bbox 895 2371 1640 2412; baseline 0.003 -12"><span class='ocrx_word' id='word_1_749' title='bbox 895 2372 961 2400; x_wconf 91' lang='lat' dir='ltr'>siam</span> <span class='ocrx_word' id='word_1_750' title='bbox 978 2383 1040 2400; x_wconf 86' lang='lat' dir='ltr'>vero</span> <span class='ocrx_word' id='word_1_751' title='bbox 1062 2373 1186 2401; x_wconf 88' lang='lat' dir='ltr'>mulieres</span> <span class='ocrx_word' id='word_1_752' title='bbox 1202 2371 1300 2400; x_wconf 85' lang='lat' dir='ltr'>tabulis</span> <span class='ocrx_word' id='word_1_753' title='bbox 1315 2372 1410 2411; x_wconf 84' lang='lat' dir='ltr'>ligneis</span> <span class='ocrx_word' id='word_1_754' title='bbox 1428 2383 1443 2401; x_wconf 83' lang='lat' dir='ltr'>a</span> <span class='ocrx_word' id='word_1_755' title='bbox 1458 2373 1524 2401; x_wconf 93' lang='lat' dir='ltr'>viris</span> <span class='ocrx_word' id='word_1_756' title='bbox 1543 2384 1640 2412; x_wconf 89' lang='lat' dir='ltr'>seque-</span> 
     </span>
     <span class='ocr_line' id='line_1_108' title="bbox 895 2418 1639 2457; baseline 0.003 -11"><span class='ocrx_word' id='word_1_757' title='bbox 895 2418 1049 2447; x_wconf 86' lang='lat' dir='ltr'>strabantur</span> <span class='ocrx_word' id='word_1_758' title='bbox 1070 2431 1075 2446; x_wconf 92' lang='lat'><strong>:</strong></span> <span class='ocrx_word' id='word_1_759' title='bbox 1095 2429 1174 2456; x_wconf 86' lang='lat' dir='ltr'>quam</span> <span class='ocrx_word' id='word_1_760' title='bbox 1190 2429 1245 2446; x_wconf 89' lang='lat' dir='ltr'>rem</span> <span class='ocrx_word' id='word_1_761' title='bbox 1266 2429 1280 2446; x_wconf 94' lang='lat' dir='ltr'>a</span> <span class='ocrx_word' id='word_1_762' title='bbox 1299 2419 1446 2457; x_wconf 85' lang='lat' dir='ltr'>majoribus</span> <span class='ocrx_word' id='word_1_763' title='bbox 1467 2419 1639 2449; x_wconf 81' lang='lat' dir='ltr'>constitutam</span> 
     </span>
     <span class='ocr_line' id='line_1_109' title="bbox 894 2465 1787 2506; baseline 0.002 -12"><span class='ocrx_word' id='word_1_764' title='bbox 894 2466 930 2494; x_wconf 82' lang='lat' dir='ltr'>ita</span> <span class='ocrx_word' id='word_1_765' title='bbox 948 2467 1049 2505; x_wconf 84' lang='lat' dir='ltr'>profert</span> <span class='ocrx_word' id='word_1_766' title='bbox 1064 2466 1272 2505; x_wconf 82' lang='lat' dir='ltr'>Chrysostomus</span> <span class='ocrx_word' id='word_1_767' title='bbox 1285 2476 1292 2493; x_wconf 88' lang='lat'>:</span> <span class='ocrx_word' id='word_1_768' title='bbox 1309 2477 1322 2490; x_wconf 76' lang='grc' dir='ltr'>ι(</span> <span class='ocrx_word' id='word_1_769' title='bbox 1339 2466 1480 2504; x_wconf 85' lang='lat' dir='ltr'>Oporte1·et</span> <span class='ocrx_word' id='word_1_770' title='bbox 1494 2465 1586 2504; x_wconf 86' lang='lat' dir='ltr'>utique</span> <span class='ocrx_word' id='word_1_771' title='bbox 1599 2466 1787 2506; x_wconf 68' lang='lat' dir='ltr'>in-T.7.p.712‚</span> 
     </span>
     <span class='ocr_line' id='line_1_110' title="bbox 894 2506 1667 2550; baseline -0.001 -9"><span class='ocrx_word' id='word_1_772' title='bbox 894 2521 935 2542; x_wconf 84' lang='lat' dir='ltr'>tus</span> <span class='ocrx_word' id='word_1_773' title='bbox 953 2523 1008 2542; x_wconf 88' lang='lat' dir='ltr'>esse</span> <span class='ocrx_word' id='word_1_774' title='bbox 1023 2523 1131 2540; x_wconf 86' lang='lat' dir='ltr'>murum</span> <span class='ocrx_word' id='word_1_775' title='bbox 1146 2512 1193 2550; x_wconf 91' lang='lat' dir='ltr'>qui</span> <span class='ocrx_word' id='word_1_776' title='bbox 1215 2522 1264 2540; x_wconf 84' lang='lat' dir='ltr'>vos</span> <span class='ocrx_word' id='word_1_777' title='bbox 1280 2522 1294 2539; x_wconf 91' lang='lat' dir='ltr'>a</span> <span class='ocrx_word' id='word_1_778' title='bbox 1310 2511 1468 2539; x_wconf 87' lang='lat' dir='ltr'>mulieribus</span> <span class='ocrx_word' id='word_1_779' title='bbox 1483 2519 1634 2549; x_wconf 79' lang='lat' dir='ltr'>sequestra—</span> <span class='ocrx_word' id='word_1_780' title='bbox 1645 2506 1667 2527; x_wconf 71' lang='lat'>¹²·</span> 
     </span>
     <span class='ocr_line' id='line_1_111' title="bbox 892 2557 1634 2597; baseline -0.003 -10"><span class='ocrx_word' id='word_1_781' title='bbox 892 2566 930 2587; x_wconf 84' lang='lat' dir='ltr'>ret</span> <span class='ocrx_word' id='word_1_782' title='bbox 944 2571 949 2586; x_wconf 76' lang='grc' dir='ltr'>ε</span> <span class='ocrx_word' id='word_1_783' title='bbox 967 2558 1030 2597; x_wconf 84' lang='lat' dir='ltr'>quia</span> <span class='ocrx_word' id='word_1_784' title='bbox 1047 2568 1109 2586; x_wconf 89' lang='lat' dir='ltr'>vero</span> <span class='ocrx_word' id='word_1_785' title='bbox 1122 2557 1149 2586; x_wconf 93' lang='lat' dir='ltr'>id</span> <span class='ocrx_word' id='word_1_786' title='bbox 1163 2568 1212 2586; x_wconf 92' lang='lat' dir='ltr'>nou</span> <span class='ocrx_word' id='word_1_787' title='bbox 1223 2557 1315 2592; x_wconf 85' lang='lat' dir='ltr'>vultis,</span> <span class='ocrx_word' id='word_1_788' title='bbox 1330 2557 1506 2585; x_wconf 82' lang='lat' dir='ltr'>necessarium</span> <span class='ocrx_word' id='word_1_789' title='bbox 1519 2568 1573 2585; x_wconf 87' lang='lat' dir='ltr'>esse</span> <span class='ocrx_word' id='word_1_790' title='bbox 1586 2569 1634 2596; x_wconf 90' lang='lat' dir='ltr'>pu-</span> 
     </span>
    </p>
   </div>
   <div class='ocr_carea' id='block_1_16' title="bbox 893 2604 1634 2646">
    <p class='ocr_par' dir='ltr' id='par_1_19' title="bbox 893 2604 1634 2646">
     <span class='ocr_line' id='line_1_112' title="bbox 893 2604 1634 2646; baseline 0 -12"><span class='ocrx_word' id='word_1_791' title='bbox 893 2613 982 2636; x_wconf 82' lang='lat' dir='ltr'>tarunt</span> <span class='ocrx_word' id='word_1_792' title='bbox 998 2612 1085 2646; x_wconf 79' lang='lat' dir='ltr'>patres</span> <span class='ocrx_word' id='word_1_793' title='bbox 1101 2606 1194 2643; x_wconf 71' lang='lat' dir='ltr'>nostri,</span> <span class='ocrx_word' id='word_1_794' title='bbox 1209 2612 1237 2633; x_wconf 86' lang='lat' dir='ltr'>ut</span> <span class='ocrx_word' id='word_1_795' title='bbox 1252 2605 1345 2634; x_wconf 84' lang='lat' dir='ltr'>saltem</span> <span class='ocrx_word' id='word_1_796' title='bbox 1361 2604 1455 2644; x_wconf 74' lang='lat' dir='ltr'>ligneis</span> <span class='ocrx_word' id='word_1_797' title='bbox 1471 2605 1571 2633; x_wconf 81' lang='lat' dir='ltr'>tabulis</span> <span class='ocrx_word' id='word_1_798' title='bbox 1586 2615 1634 2634; x_wconf 84' lang='lat' dir='ltr'>vos</span> 
     </span>
    </p>
   </div>
  </div>
 </body>
</html>
