1910 2907
656 206 746 228 ijc
773 205 902 228 punicu
932 207 1042 228 ADOHN
1054 208 1113 229 &TA
1124 222 1129 228 .

116 264 185 296 inter
207 266 395 301 Antiochenas,
410 277 443 295 an
465 267 534 296 inter
554 268 858 308 Constantinopolitanas

116 322 255 341 accensere
272 320 410 352 oporteat,
423 323 475 341 non
498 313 534 341 ita
560 313 637 342 facile
651 321 689 342 est
706 313 831 351 augurari
847 324 856 350 ;

114 357 219 396 aliquid
236 365 323 387 tamen
338 359 406 387 lucis
426 369 460 387 ex
478 359 522 395 iis,
545 370 604 397 quse
618 367 677 398 post
693 360 857 399 principium

113 403 252 440 dicuntur,
269 416 316 434 nos
330 405 446 433 mutuari
463 416 539 444 posse
551 413 688 444 putamus.
705 408 857 446 Depropo-

112 449 162 478 sita
178 451 290 479 lectione
303 462 383 489 agens
397 452 617 490 Chrysostomus,
633 463 738 492 nempe,
756 454 857 489 Pater,

112 497 138 523 si
154 497 291 534 possibile
312 504 368 532 est,
387 504 518 526 transeat
533 509 552 526 a
564 509 608 526 me
623 499 704 526 calix
717 500 771 527 iste
783 511 791 525 :
808 510 857 527 ve·

112 550 279 572 rumtamen
291 555 350 573 non
364 548 439 573 sicut
454 555 505 583 ego
517 546 596 580 volo,
613 547 665 574 sed
678 548 751 574 sicut
764 553 804 582 tu,
821 547 857 574 ita

111 589 233 627 loquitur
250 602 256 617 :
274 603 288 617 (ι
304 591 373 618 Nam
387 598 413 619 et
436 591 534 619 multos
549 592 790 629 quzererearbitror
804 603 857 629 qua

111 633 145 662 de
158 645 238 663 causa
253 635 312 664 baec
329 636 401 664 dicta
421 636 475 664 sint
489 647 503 664 a
529 637 653 671 Christo,
667 648 697 666 ac
710 637 857 665 verisimile

111 687 148 708 est
161 691 215 713 eos,
231 681 276 718 qui
291 682 399 717 adsunt,
415 681 552 710 haereticos
571 682 627 710 haec
641 683 723 711 verba
748 683 854 721 accipe-

110 736 148 760 re,
160 727 310 764 multosque
321 738 352 755 ex
364 727 575 765 simplicioribus
587 728 716 757 fratribus
728 728 855 767 supplan-

110 776 175 800 tare.
193 782 207 796 »
224 770 303 799 Unde
323 771 409 809 liquet
433 771 572 800 haereticos
592 772 669 808 illos,
684 772 731 810 qui
752 772 854 800 Filium

110 816 188 844 Patre
199 817 330 845 minorem
346 818 450 856 ipsique
460 817 619 846 dissimilem
633 818 766 853 dicebant,
779 829 855 847 nem—

109 873 143 901 pe
159 865 312 897 Anomoeos,
328 864 513 903 Chrysostomi
530 865 704 892 concionibus
718 864 855 893 interfuis-

109 919 147 937 se.
168 909 241 938 lltud
265 917 355 938 autem
374 911 527 948 frequenter
541 910 690 939 Antiochiae
705 910 831 939 accidisse
842 934 851 945 ‚

109 955 145 983 ita
160 962 189 983 ut
200 963 340 994 praesentes
357 955 496 984 haereticos
510 955 720 995 Chrysostomus
732 956 852 985 confuta-

109 1007 158 1035 ret,
172 1001 228 1040 ipse
239 1000 338 1029 diserte
345 1001 384 1029 ait
396 1002 483 1030 Tomo
495 1001 583 1040 primo
597 1001 631 1029 de
645 1001 854 1040 Incomprehen-

108 1047 182 1075 sibili
197 1054 289 1075 contra
304 1049 446 1075 Anomoeos
460 1058 488 1086 p.
503 1047 760 1087 450:idipsumque
776 1055 853 1087 post-

108 1104 139 1122 ea
161 1093 315 1122 subindicat
329 1104 356 1133 p.
373 1094 443 1129 525,
458 1101 483 1122 et
501 1104 531 1133 p.
548 1095 622 1129 527,
637 1094 664 1122 in
684 1093 741 1122 haec
762 1094 854 1130 verba,

109 1139 185 1177 queis
204 1139 327 1168 Christus
353 1140 463 1168 Petrum
480 1140 591 1179 repulit,
607 1141 689 1169 Vade
703 1147 769 1179 post
787 1152 849 1175 me,

109 1191 234 1220 satana,
249 1192 299 1214 etc.
316 1185 420 1214 Eadem
436 1196 501 1224 pene
521 1186 580 1225 ipsa
590 1209 597 1222 ,
611 1197 671 1224 quae
690 1187 736 1215 hic
746 1209 753 1223 ,
771 1187 852 1226 paulo

111 1237 170 1270 post
183 1231 290 1259 initium
300 1231 392 1265 habes,
405 1231 554 1270 iisdemque
568 1232 622 1260 fere
634 1232 724 1261 verbis
738 1244 852 1262 comme·
867 1236 871 1239 “

112 1283 208 1304 morat.
218 1276 402 1311 Quamobrem
409 1278 561 1316 putaverim
568 1277 638 1306 hanc
646 1278 786 1307 homiliam
795 1281 854 1307 An-

110 1322 217 1351 tiochiae
231 1323 350 1352 habitam
366 1323 456 1357 fuisse,
471 1334 518 1352 nec
532 1323 643 1352 fortasse
653 1324 702 1352 diu
720 1331 779 1363 post
795 1325 854 1353 illas

112 1375 203 1396 contra
219 1370 359 1397 Anomoeos
375 1369 514 1397 conciones
527 1381 534 1398 :
551 1369 623 1407 quod
638 1376 726 1398 tamen
740 1380 775 1399 ex
786 1381 852 1399 con-

108 1414 211 1453 jectura
224 1421 328 1443 tantum
339 1414 465 1443 dicimus.

151 1461 298 1490 Conciones
310 1461 370 1489 illas
382 1461 449 1490 duas
462 1461 488 1490 in
501 1461 574 1490 hunc
586 1461 664 1490 Pauli
676 1462 777 1498 locum,
794 1463 854 1491 Sa-

111 1507 204 1535 lutate
221 1508 401 1541 Priscillam,
415 1514 478 1543 etc.‚
492 1518 526 1536 ex
543 1508 681 1537 verisimili
702 1509 854 1547 conjectura

110 1553 261 1581 Antiochiae
278 1553 383 1581 habitas
401 1553 484 1582 fuisse
499 1560 634 1593 putamus.
656 1554 763 1582 Etenim
777 1554 854 1583 illum

111 1599 200 1627 adhuc
219 1599 245 1627 in
268 1599 419 1638 presbyteri
433 1598 527 1628 ordine
540 1599 623 1628 fuisse
636 1599 746 1628 videtur
761 1610 795 1628 ex
808 1600 854 1633 iis,

111 1655 170 1682 quae
184 1644 218 1673 de
232 1644 415 1673 sacerdotibus
429 1645 515 1681 istius,
529 1645 557 1673 in
573 1656 626 1683 qua
640 1645 762 1684 degebat,
778 1645 853 1674 urbis

110 1690 213 1728 aliquot
224 1691 252 1719 in
267 1690 333 1718 locis
345 1691 392 1726 ait,
402 1691 520 1719 maxime
532 1701 596 1719 vero
608 1691 635 1720 in
647 1691 763 1720 secunda
776 1703 851 1722 num.

112 1737 149 1765 5:
167 1737 212 1765 ubi
231 1736 366 1765 auditores
389 1748 516 1776 carpens,
537 1737 610 1775 quod
634 1738 746 1775 quidam
760 1749 854 1767 eorum

111 1783 258 1811 sacerdotes
269 1783 376 1821 probris
389 1790 414 1811 et
429 1783 558 1812 conviciis
571 1791 728 1821 onerarent,
744 1785 792 1813 alii
807 1795 854 1814 ve-

111 1838 140 1856 ro
155 1828 212 1856 hzec
225 1828 372 1863 audientes,
388 1829 533 1857 maledicos
548 1829 608 1858 illos
623 1840 675 1858 non
698 1840 853 1870 compesce—

111 1880 180 1910 rent,
197 1874 259 1902 talia
274 1874 344 1901 fatur
357 1884 364 1901 :
375 1886 389 1900 «
405 1873 480 1910 Quid
492 1874 545 1902 illis
558 1875 638 1903 fuerit
650 1875 754 1904 beatius
765 1897 772 1910 ‚
787 1876 852 1915 quid

110 1926 199 1947 autem
219 1919 295 1948 nobis
317 1920 459 1948 miserius?
474 1920 702 1959 Quandoquidem
723 1922 764 1950 illi
787 1933 852 1951 san-

110 1965 219 2003 guinem
233 1971 258 1993 et
273 1967 390 1993 animam
412 1976 461 2004 pro
482 1967 692 2005 praeceptoribus
705 1968 853 2007 profunde-

109 2010 189 2045 bant;
202 2021 249 2038 nos
265 2017 354 2038 autem
369 2021 456 2048 neque
470 2012 583 2039 verbum
598 2023 647 2051 pro
664 2014 854 2042 communibus

110 2056 232 2096 patribus
241 2056 362 2084 emittere
373 2056 514 2092 audemus.
527 2057 573 2085 sed
585 2068 646 2086 cum
661 2058 806 2087 audiamus
816 2059 854 2087 eis

111 2101 245 2136 maledici,
257 2108 283 2130 et
297 2102 425 2130 conviciis
444 2113 488 2131 eos
508 2103 678 2132 dehonestari
690 2111 716 2132 et
727 2115 743 2133 a
758 2105 814 2133 suis
828 2112 854 2134 et

110 2148 146 2176 ab
161 2148 264 2183 alienis,
279 2148 423 2176 maledicos
438 2159 522 2187 neque
543 2149 753 2189 compescimus,
769 2160 854 2189 neque

112 2194 348 2233 reprehendimus,
364 2205 450 2233 neque
472 2195 658 2234 prohibemus.
671 2208 685 2222 »
702 2196 766 2224 Haec
785 2204 854 2226 certe

114 2249 164 2268 non
179 2239 305 2269 videntur
319 2251 374 2269 esse
389 2241 462 2270 dicta
477 2242 663 2281 Chrysostomi
674 2243 731 2281 jam
746 2243 853 2282 episco-

114 2285 141 2325 pi
155 2298 161 2313 z
176 2295 261 2324 neque
272 2286 344 2314 enim
358 2287 412 2324 ille,
424 2287 448 2315 si
464 2288 605 2327 episcopus
619 2288 720 2324 fuisset,
732 2288 855 2317 sacerdo-

114 2338 161 2366 tes,
175 2330 222 2368 qui
233 2331 362 2360 conviciis
375 2332 583 2372 impetebantur,
598 2344 753 2363 communes
767 2341 855 2373 patres

113 2376 282 2416 appellasset.
296 2378 328 2405 In
342 2377 415 2406 hisce
428 2390 508 2418 porro
523 2379 630 2408 duabus
637 2380 757 2408 homiliis
767 2380 795 2408 id
808 2380 855 2409 de-

115 2429 261 2450 monstrare
274 2422 379 2457 nititur,
392 2424 466 2461 quod
478 2432 503 2453 et
517 2425 583 2453 alibi
598 2425 758 2462 frequenter,
772 2425 856 2454 nimi·-

115 2479 175 2496 rum
191 2468 387 2508 inscriptiones,
403 2471 511 2499 nomina
529 2472 650 2510 propria,
668 2472 856 2507 salutationes,

115 2515 233 2552 aliasque
243 2515 416 2552 quantumvis
426 2516 550 2545 minimas
560 2517 706 2556 Scripturae
715 2528 793 2546 sacrae
800 2529 857 2558 par-

116 2560 223 2596 ticulas,
237 2570 289 2588 non
303 2571 512 2600 supervacaneas
523 2585 530 2597 ,
547 2562 593 2591 sed
614 2562 757 2602 diligenter
771 2575 857 2593 excu-

119 2605 224 2634 tiendas
246 2616 309 2635 esse.
326 2607 394 2634 Cum
418 2605 481 2636 vei-o
501 2607 688 2647 inscriptiones
707 2615 733 2638 et
749 2610 856 2639 nomina

1602 203 1664 246 ¹47

912 268 1020 307 propria
1031 277 1219 297 commemor-it
1235 270 1309 299 initio
1320 271 1443 300 secundat
1455 271 1546 301 dicens
1557 285 1563 300 ε
1575 275 1654 302 ,Tum

912 315 1055 343 didicistis
1070 317 1272 353 inscriptiones
1286 323 1313 345 et
1330 319 1451 346 nomina
1465 325 1492 346 et
1507 320 1652 357 simplices

911 361 1113 395 salutationes,
1129 361 1284 400 diligenter
1295 366 1325 390 in
1339 363 1495 402 Scripturis
1507 368 1654 393 ercutien·

911 408 986 434 das?
1000 417 1071 442 cum,
1086 407 1206 444 inquam,
1225 408 1409 447 inscriptiones
1423 417 1448 438 et
1464 410 1583 446 nomina,
1600 411 1618 438 i.
1628 423 1652 441 e.

912 452 1018 480 nomina
1033 454 1151 492 propria,
1166 462 1372 491 commemorat,
1388 455 1559 484 subindicare
1576 468 1654 496 pror-

910 508 955 526 sus
974 498 1081 527 videtur
1102 499 1225 527 homilias
1248 510 1312 537 quas
1331 500 1364 529 de
1382 501 1556 540 inscriptione
1570 505 1652 531 Acto-

913 555 984 580 rum,
1008 544 1094 582 deque
1111 545 1170 573 aliis
1194 546 1339 584 Scripturae
1361 557 1441 575 sacrae
1466 547 1652 586 inscriptioni-

910 590 969 623 bus,
985 601 1084 619 necnon
1096 598 1210 628 quatuor
1222 592 1297 626 alias,
1311 603 1376 630 quas
1391 592 1424 621 de
1439 593 1592 623 nominibus
1606 595 1650 623 vel

909 635 943 664 de
952 637 1098 665 mutatione
1110 638 1249 665 nominum
1260 638 1410 667 Antiochiae
1421 639 1550 668 habuerat
1564 640 1654 669 :unde

909 682 988 711 etiam
1014 683 1117 711 eruitur
1133 683 1212 712 hasce
1233 683 1357 713 homilias
1384 685 1532 713 Antiochiae
1548 686 1654 715 habitas

910 729 999 757 fuisse.

949 776 992 804 Jo.
1010 774 1219 814 Chrysostomus
1230 798 1237 811 ‚
1254 776 1300 813 qni
1316 786 1367 804 non
1393 786 1499 815 semper
1513 784 1653 817 extempo-
1663 785 1707 808 T.3
1722 784 1802 815 {²³53-

909 821 976 849 rales
990 821 1085 849 habuit
1100 821 1249 855 conciones,
1266 821 1413 850 Homiliam
1428 821 1460 850 de
1476 823 1653 863 Eleemosyna

909 866 992 901 dixit,
1007 867 1145 896 occasione
1166 867 1351 896 mendicorum
1370 875 1395 896 et
1410 878 1571 906 egenorum,
1586 881 1654 908 quos

908 912 1004 940 hiemis
1015 919 1134 952 tempore
1146 913 1272 952 jacentes,
1288 924 1349 942 cum
1371 924 1417 953 per
1432 915 1521 943 forum
1535 922 1560 944 et
1575 917 1652 955 angi-

908 965 1000 998 portus
1015 959 1049 987 ad
1063 959 1200 988 ecclesiam
1219 967 1347 998 pergeret,
1361 967 1504 999 repererat.
1526 962 1604 990 Hunc
1618 962 1653 991 ad

909 1005 1122 1034 concionandum
1134 1013 1302 1045 apparatum,
1315 1006 1382 1034 dum
1392 1006 1442 1035 iter
1457 1007 1654 1043 faceret,ad0r-

910 1051 995 1086 navit,
1009 1058 1034 1079 et
1050 1051 1118 1080 hanc
1133 1052 1166 1080 de
1177 1051 1345 1091 eleemosyna
1357 1052 1510 1081 concionem
1527 1056 1655 1093 αὐτοσχε-

909 1097 1017 1131 διαστής
1028 1105 1117 1126 orator
1129 1097 1326 1136 pronuntiavit.
1345 1099 1494 1128 Antiochiae
1505 1107 1594 1129 autem
1612 1102 1655 1130 ha-

908 1141 992 1170 bitam
1007 1143 1088 1171 fuisse
1098 1143 1207 1179 indicat,
1221 1153 1273 1171 non
1292 1143 1372 1172 modo
1386 1155 1447 1173 cum
1457 1145 1503 1181 ait,
1516 1156 1543 1173 sc
1556 1157 1601 1184 per
1616 1147 1655 1176 fo-

909 1198 970 1216 rum
985 1196 1010 1217 et
1025 1189 1184 1228 angiportus
1199 1190 1337 1218 ecclesiam
1354 1191 1472 1230 petiisse,
1487 1191 1534 1220 sed
1550 1193 1628 1222 etiam
1643 1217 1652 1231 ‚

909 1241 934 1262 et
947 1235 1025 1273 longe
1043 1236 1153 1269 clarius,
1170 1235 1217 1264 ubi
1232 1236 1270 1264 ait
1290 1247 1364 1264 num.
1385 1239 1413 1271 (j,
1427 1248 1486 1266 cum
1504 1239 1586 1267 sames
1607 1250 1655 1268 or-

908 1280 970 1308 bem
986 1281 1112 1309 invasura
1128 1289 1205 1316 esset,
1220 1281 1300 1310 istam
1315 1282 1470 1319 civitatem,
1485 1294 1580 1323 nempe
1594 1286 1654 1313 An-

910 1324 1049 1359 tiochiam,
1062 1336 1110 1364 per
1125 1325 1279 1354 Barnabam
1294 1333 1319 1354 et
1333 1327 1445 1355 Saulum
1465 1328 1592 1366 pecunias
1609 1330 1655 1359 Je-

910 1368 1073 1407 rosolymam
1100 1369 1215 1397 misisse.
1234 1370 1274 1398 De
1288 1380 1357 1398 anno
1371 1377 1460 1399 autem
1474 1371 1572 1401 habitae
1588 1383 1652 1401 con-

910 1414 993 1442 cionis
1010 1414 1078 1442 nihil
1092 1414 1236 1443 dicendum
1250 1416 1378 1455 suppetit.

948 1460 1079 1489 Homilias
1097 1467 1149 1488 tres
1163 1471 1273 1489 numero
1289 1461 1385 1489 habuit
1399 1462 1607 1501 Chrysostomus
1626 1463 1654 1492 in
1662 1480 1802 1511 T.3.p.259.

907 1505 976 1534 illud
988 1505 1110 1545 Apostoli
1123 1507 1289 1534 :Habentes
1300 1507 1433 1535 eumdem
1446 1511 1588 1546 spiritum,
1599 1515 1651 1537 etc.

908 1551 1055 1580 Antiochiae
1074 1562 1138 1580 vero
1164 1551 1270 1580 habitas
1289 1552 1386 1588 fuisse,
1408 1553 1521 1582 suadent
1543 1565 1572 1583 ea
1593 1565 1652 1592 quae

907 1598 972 1626 dicit
982 1599 1016 1626 de
1036 1597 1174 1626 monachis
1188 1598 1317 1626 vet-tIcem
1335 1599 1469 1627 montium
1493 1602 1654 1640 occupanti-

907 1643 958 1671 bus
970 1666 978 1679 ,
991 1653 1166 1682 asperamque
1181 1644 1242 1672 vitae
1262 1644 1390 1673 rationem
1412 1646 1569 1683 agentibus,
1584 1658 1652 1685 quos

907 1700 970 1718 sane
988 1690 1133 1718 monachos
1149 1689 1175 1718 in
1192 1690 1363 1719 Antiochenis
1387 1692 1560 1721 concionibus
1581 1704 1652 1721 com-

907 1746 1055 1764 memorare
1068 1736 1145 1770 solet,
1158 1746 1234 1764 secus
1247 1737 1274 1764 in
1285 1737 1596 1776 constantinopolitanis.
1610 1741 1652 1767 An

907 1781 1092 1820 Chrysostomi
1122 1792 1183 1809 vere
1208 1782 1261 1810 sint
1288 1782 1328 1809 hae
1353 1782 1470 1811 homiliae
1482 1804 1489 1817 ‚
1510 1794 1590 1812 ausus
1612 1791 1653 1812 est

905 1827 1040 1866 quispiam
1052 1827 1187 1861 dubitare,
1200 1838 1261 1855 cum
1276 1835 1363 1856 tamen
1379 1828 1475 1867 stylus,
1487 1829 1579 1864 dictio,
1596 1837 1651 1859 tro-

906 1884 957 1912 pus
969 1873 1193 1912 Chrysostomum
1207 1873 1359 1911 loquentem
1373 1874 1497 1912 prodant.
1516 1875 1652 1904 Dubitan-

905 1919 933 1947 di
954 1929 1039 1947 causae
1057 1919 1118 1947 viro
1141 1919 1260 1957 alioquin
1280 1919 1358 1947 docto
1381 1919 1536 1958 hujusmodi
1553 1921 1649 1950 fuere:

907 1965 978 2003 quod
991 1975 1085 2003 nempe
1098 1964 1142 1992 hic
1152 1965 1322 1993 concionator
1332 1965 1406 1993 hom.
1416 1967 1444 2000 1,
1453 1976 1478 1994 n.
1490 1968 1517 2002 5,
1529 1966 1652 2006 Semipe-

906 2011 1018 2050 lagianis
1033 2011 1121 2039 favere
1137 2010 1271 2045 videatur,
1287 2021 1348 2039 cum
1363 2011 1430 2040 dicit
1446 2011 1479 2040 de
1494 2013 1570 2041 initio
1585 2014 1650 2043 fidei

907 2058 1017 2096 loquens
1030 2069 1035 2084 ε
1048 2069 1062 2082 (ι
1078 2057 1171 2094 Neque
1185 2057 1257 2085 enim
1268 2057 1349 2093 Deus,
1365 2067 1448 2095 neque
1461 2058 1579 2097 Spiritus
1587 2069 1651 2098 gra-

906 2104 942 2132 tia
955 2109 1075 2131 nostrum
1089 2103 1217 2140 praevcnit
1229 2103 1413 2141 propositum,
1426 2103 1471 2131 sed
1484 2105 1587 2132 etiamsi
1600 2116 1652 2134 vo-

907 2156 957 2186 cet,
975 2155 1110 2187 exspectat
1123 2155 1209 2176 tamen
1225 2155 1254 2176 ut
1270 2156 1363 2187 sponte
1379 2156 1404 2177 et
1424 2150 1531 2189 propria
1552 2151 1650 2179 volun-

908 2203 959 2224 tate
971 2194 1144 2228 accedamus;
1163 2204 1195 2222 ac
1214 2201 1273 2222 tum
1287 2194 1411 2230 demum,
1427 2206 1489 2224 cum
1509 2197 1651 2225 accesseri-

909 2252 979 2277 mus,
995 2240 1073 2268 nobis
1089 2250 1169 2268 suum
1183 2247 1268 2269 totum
1285 2241 1394 2270 exhibet
1407 2242 1550 2271 auxilium.
1566 2254 1580 2269 »
1595 2243 1651 2272 Sed

907 2285 1177 2316 animadvertendum
1189 2293 1238 2322 est,
1254 2286 1326 2325 quod
1338 2297 1400 2315 cum
1415 2298 1454 2323 ea,
1469 2299 1527 2326 quae
1540 2288 1574 2317 ad
1588 2300 1651 2328 gra—

908 2333 974 2361 tiam
983 2332 1147 2371 spectabant,
1162 2331 1280 2360 nondum
1292 2332 1319 2361 in
1334 2334 1543 2363 controversiam
1554 2343 1650 2364 vocata

909 2379 1031 2414 fuissent,
1046 2388 1097 2406 non
1111 2384 1185 2405 erant
1202 2388 1232 2406 ea
1245 2378 1324 2407 certis
1339 2389 1437 2408 vocum
1449 2379 1582 2409 limitibus
1597 2381 1652 2409 cir—

909 2426 1086 2464 cumscripta;
1103 2435 1187 2463 neque
1202 2425 1312 2462 mirum,
1324 2426 1345 2455 si
1357 2434 1577 2466 extemporaneus
1588 2439 1652 2457 ora—

911 2480 962 2510 tor,
977 2471 1011 2500 ad
1025 2471 1094 2499 bona
1108 2471 1258 2510 peragenda
1271 2473 1404 2501 concitare
1412 2473 1512 2508 volens,
1523 2475 1585 2502 talia
1593 2485 1653 2514 pro-

911 2520 1004 2551 ferret,
1019 2527 1079 2554 quae
1096 2527 1148 2545 non
1163 2517 1198 2545 ad
1218 2518 1344 2546 trutinam
1362 2525 1423 2547 ante
1439 2520 1650 2549 examinaverat.

911 2565 941 2593 In
951 2563 993 2592 his
1007 2563 1088 2591 etiam
1101 2563 1283 2598 concionibus,
1297 2563 1323 2591 in
1335 2564 1449 2602 aliisque
1463 2565 1588 2603 operibus
1602 2576 1654 2594 non

912 2619 998 2648 pauca
1009 2608 1084 2643 dicit,
1096 2608 1170 2647 queis
1179 2609 1311 2648 probatur
1323 2609 1411 2648 ipsum
1420 2612 1551 2639 censuisse
1560 2611 1596 2640 ad
1607 2612 1657 2641 ini-
