1950 2922
90 1886 194 1906 Antonini

201 190 266 224 162
675 198 703 219 S.
725 196 872 221 *JOANNiS
899 194 1131 218 CHRYSOSTOMI
1158 196 1251 224 VITA,

195 263 336 298 rationem,
349 260 483 290 venderet.
500 260 600 290 Adesse
615 267 704 289 autem
716 270 776 295 cos,
789 259 835 297 qui
849 257 937 297 pretio

196 309 313 338 ordinati
328 309 410 342 suere,
428 317 507 345 seque
522 317 578 335 rem
596 305 704 334 aliunde
720 304 833 344 probare
848 314 935 343 posse.

196 356 246 384 His
258 355 357 384 auditis
374 355 594 393 Chrysostomus‚
609 351 761 391 suspicatus
775 351 834 379 haec
846 350 939 379 crimi-

198 412 233 430 na
248 411 282 430 ex
295 400 357 429 odio
371 400 412 428 vel
426 399 566 427 inimicitia
576 397 684 426 Euscbii
697 396 843 436 proticisci,
861 396 938 424 illum

198 457 363 486 compescere
374 451 482 473 conatus
495 451 542 479 est,
555 443 723 480 Paulumque
736 442 870 471 Heracleae
883 442 939 481 epi-

197 502 317 532 scopum,
331 491 375 528 qui
394 490 527 518 Antonino
543 490 631 518 saverc
645 488 799 523 videbatur,
816 488 938 517 hortatus

197 545 245 574 est,
261 545 289 566 ut
302 547 393 576 pacem
405 537 473 564 inter
485 542 628 573 utrumque
647 535 752 563 sacci-ct.
770 535 864 563 Postea
875 544 938 563 vero

197 584 404 622 Chrysostomus
415 581 448 610 ad
463 581 626 610 sacrificium
640 580 806 609 offerendum
821 591 875 610 sese
889 591 940 619 ap-

200 629 319 669 parabat.

237 676 316 703 Tunc
332 674 464 703 Eusebius
482 674 522 702 ira
544 684 701 710 succensus,
716 675 847 703 Joannem
861 672 940 712 adju-

198 721 279 757 ravit,
295 720 435 749 horrendis
453 719 583 748 adhibitis
607 719 797 754 sacramentis,
812 725 841 747 ut
859 718 940 747 dictis

197 767 253 796 suis
269 766 434 795 attenderet:
452 773 568 804 tuncque
590 776 679 794 coram
702 765 773 794 omni
789 764 889 804 populo
904 765 942 793 li-

195 813 300 842 bcllum
310 813 417 842 obtulit.
427 813 634 851 Chrysostomus
643 818 713 840 tanta
721 811 832 839 Eusebii
843 811 942 839 instan-

198 860 233 888 tia
244 859 467 897 vehementiaque
479 869 505 886 se
514 865 668 897 permotum
682 857 807 893 sentiens,
820 857 905 885 noluit
915 856 942 884 in

198 905 243 934 tali
256 905 339 933 animi
351 911 420 933 statu
432 904 595 932 sacrificium
605 904 714 939 osterre;
730 902 775 931 scd
794 902 944 941 Pansophi-

198 962 244 980 um
256 951 364 980 Pisidia)
374 951 530 990 episcopum
544 950 658 988 rogavit,
671 949 700 977 id
713 948 831 977 muueris
844 948 943 987 persol-

199 1004 285 1033 veret,
300 997 476 1034 libellumque
488 996 596 1035 reecpit,
611 1002 708 1024 etcum
724 995 825 1023 cacteris
838 995 943 1033 episco-

199 1044 240 1083 pis
249 1054 368 1082 egressus
377 1050 424 1072 est.
436 1044 580 1080 Postquam
592 1052 655 1070 vero
667 1041 770 1070 dimissi
783 1041 876 1080 populi
890 1041 944 1068 sue-

200 1100 228 1117 re
240 1112 247 1124 ,
261 1100 321 1117 cum
339 1088 441 1117 creteris
453 1087 585 1127 episcopis
598 1087 624 1115 in
639 1087 797 1126 baptisterio
809 1085 942 1115 consedit:

153 1145 187 1163 iss
200 1136 371 1173 Ensebioque
393 1135 482 1170 dixit,
498 1144 588 1162 secum
614 1133 791 1172 perpenderet
814 1143 847 1160 an
870 1132 943 1160 dicta

200 1183 314 1222 probare
327 1188 422 1221 posset,
435 1181 515 1219 idque
526 1187 667 1218 antequam
675 1179 784 1208 libellus
795 1179 944 1217 legeretur3

198 1237 338 1269 postquam
352 1229 422 1256 enim
436 1228 520 1255 lectus
535 1226 614 1263 soret,
625 1236 676 1254 non
692 1226 761 1254 ultra
777 1235 853 1264 posse
867 1224 942 1252 illum

197 1276 269 1304 dicta
281 1285 414 1303 revocare.
427 1274 495 1301 Cum
506 1279 594 1300 autem
609 1272 654 1300 ille
668 1272 695 1299 in
712 1271 848 1310 proposito
859 1280 945 1309 perse-

199 1328 313 1355 veraret,
324 1321 406 1349 lectus
415 1326 453 1348 est
464 1318 572 1347 libcllus
588 1328 668 1357 supra
683 1324 854 1345 memoratus.
865 1317 944 1344 Tunc

198 1367 313 1397 seniores
333 1365 449 1405 episcopi
466 1364 561 1394 Joanni
583 1364 722 1400 dixerunt,
736 1374 750 1392 e
770 1374 797 1391 re
812 1363 867 1390 sore
878 1361 946 1389 ulti-

199 1423 274 1442 mum
288 1419 368 1451 capnt
380 1411 413 1439 de
425 1411 542 1439 venditis
558 1409 772 1438 ordinationibus
782 1408 944 1446 disquirer03

200 1459 274 1498 quia,
283 1459 303 1487 si
313 1458 382 1486 illud
392 1457 556 1497 probaretur,
566 1463 668 1489 cretera,
677 1466 735 1493 quae
744 1454 846 1482 minora
858 1460 944 1490 erant,

201 1504 374 1534 credibiliora
388 1510 412 1531 et
427 1503 541 1542 probatu
556 1501 676 1529 faciliora
691 1501 756 1529 sore.
772 1501 844 1529 Tum
859 1501 945 1529 ¹‘loan-

201 1561 247 1579 nes
268 1549 385 1578 Antonio
407 1556 470 1576 tnnc
485 1548 617 1587 praesenti,
635 1547 709 1582 Quid
730 1546 763 1574 ad
780 1547 835 1574 hacc
848 1545 917 1574 diris
931 1546 944 1573 P

204 1597 317 1635 Negavit
329 1602 418 1624 autem
436 1595 481 1622 ille
495 1594 596 1623 omnia.
612 1593 772 1631 Interrogati
789 1599 851 1621 sunt
865 1593 945 1621 etiam

204 1642 238 1677 ii,
253 1642 296 1680 qui
316 1653 364 1681 pro
379 1641 534 1681 episcopatu
550 1639 690 1678 pecuniam
709 1638 814 1667 dedisse
836 1649 947 1667 accusa—

203 1689 302 1717 bantur
319 1699 324 1716 :
339 1687 385 1726 qui
401 1686 524 1715 similiter
539 1691 678 1723 negarunt.
694 1685 752 1713 Sub
768 1685 823 1713 baec
836 1691 945 1713 ventum

205 1734 287 1763 estad
301 1740 391 1769 testes,
409 1731 456 1761 sed
469 1731 537 1760 nulli
552 1730 661 1759 aderant
673 1742 678 1758 :
695 1732 809 1759 Joannes
824 1741 887 1758 vero
898 1753 905 1765 ,
919 1737 947 1759 ut

204 1791 246 1809 res
259 1779 408 1808 accuratius
416 1778 623 1814 examinaretur,
633 1776 667 1805 ad
674 1777 820 1806 Asiaticum
832 1776 881 1805 iter
890 1787 947 1805 sus-

206 1826 359 1866 cipiendum
375 1835 430 1854 sese
443 1824 549 1853 obtulit.

251 1872 401 1901 Antoninus
416 1875 517 1904 autem,
540 1870 657 1908 pecunia:
672 1881 752 1908 quam
769 1870 850 1899 officii
870 1871 948 1909 longe

56 1917 143 1967 ΓΙΙΛΨΞΙί
159 1924 196 1968 ξε·
207 1918 342 1958 cupidior,
355 1917 400 1956 qui
412 1915 554 1946 ¹loa-uniset
568 1916 758 1955 perspicaciam
773 1923 799 1944 et
813 1916 948 1955 integrita-

54 1955 62 1967 s
75 1958 84 1968 .ι
104 1954 125 1969 εἰ
144 1955 195 1969 oii-

208 1973 287 1994 tatcm
309 1963 458 1998 metuebat,
479 1961 622 2000 quemdam
645 1972 658 1990 e
681 1962 855 2000 proceribus,
872 1963 949 2001 cnjus

209 2010 320 2051 praedia,
337 2020 394 2047 quse
411 2009 437 2037 in
451 2009 512 2036 Asia
528 2015 613 2043 eraut,
631 2008 753 2042 curabat,
768 2008 842 2044 adiit,
857 2009 891 2037 ab
901 2020 949 2037 eo-

208 2068 259 2095 que
271 2055 436 2094 impetmvit,
449 2061 478 2082 ut
494 2054 635 2093 impediret
649 2065 681 2083 ne
695 2056 810 2084 Joanues
823 2055 848 2083 in
860 2055 949 2083 Asiam

209 2101 370 2131 concederet.
384 2101 434 2129 Ille
448 2110 510 2129 vero
526 2100 554 2128 id
565 2100 668 2136 est'ecit,
687 2108 714 2128 ut
730 2111 760 2129 ex
778 2101 878 2140 palatio
897 2102 950 2130 Jo-

210 2148 271 2176 anni
291 2147 509 2183 demintiaretur,
524 2146 673 2174 absurdum
698 2147 754 2175 fore
776 2147 854 2175 illum
865 2169 873 2183 ,
888 2158 950 2176 eum

211 2200 300 2222 tantus
323 2192 552 2230 Constantinopoli
567 2192 698 2220 tumultus
720 2200 804 2229 esset,
819 2200 844 2221 ct
863 2193 951 2222 adbuc

213 2239 306 2269 Gainae
321 2238 436 2267 formido
448 2238 608 2276 persisteret,
622 2238 649 2266 in
665 2239 754 2266 Asiam
768 2239 901 2278 proficisci
916 2239 951 2268 ad

210 2292 286 2314 testes
297 2284 453 2322 quaerendos
464 2306 472 2320 ,
489 2284 535 2321 qui
548 2283 625 2312 facile
641 2292 746 2323 possent
760 2286 949 2314 Constantino-

210 2330 282 2370 polin
304 2329 420 2358 adduci:
435 2336 597 2368 quapropter
612 2340 626 2356 a
643 2330 778 2369 proposito
793 2330 894 2360 destitit
906 2333 950 2361 Jo-

209 2386 298 2404 annes.
315 2375 462 2403 Antoninus
477 2374 582 2402 interim
599 2374 625 2402 id
637 2375 756 2403 lucratus
767 2383 814 2412 est,
830 2386 862 2404 ne.
874 2383 951 2406 testes

208 2422 339 2456 venirent,
355 2431 420 2458 quos
434 2420 513 2448 etiam
523 2427 568 2448 ant
584 2421 695 2458 pecunia
711 2429 755 2450 aut
772 2423 886 2461 potentia
902 2434 950 2452 sua

993 256 1047 285 tius
1062 257 1250 296 Trajanopolis
1260 278 1268 292 ‚
1281 257 1432 297 Hesychius
1456 257 1530 286 Parii
1543 264 1568 287 et
1593 256 1735 286 Palladius

995 302 1196 342 Helenopoleos,
1211 303 1257 341 qui
1270 303 1409 343 Hypaepis,
1425 314 1483 341 quae
1499 303 1563 332 urbs
1578 304 1646 333 Asiae
1662 311 1733 338 erat,

992 359 1047 377 rem
1061 349 1260 386 examinarent,
1273 349 1482 388 mandatumque
1494 350 1628 388 prolatum
1643 357 1692 385 est,
1707 356 1736 378 ut

993 394 1039 432 qui
1054 394 1123 423 intra
1138 395 1205 423 duos
1218 405 1319 423 menses
1334 395 1360 424 in
1369 395 1463 424 urbem
1474 395 1560 429 illam,
1574 406 1633 434 quae
1647 396 1735 424 vicina

995 448 1065 477 erat,
1081 452 1188 470 eausam
1204 441 1304 470 dicturi
1319 452 1371 471 non
1385 443 1530 477 venissent,
1547 443 1735 471 excommuni-

996 494 1128 516 curentur.

1039 536 1101 563 Post
1110 535 1168 563 haec
1179 536 1323 574 Smyrnam
1332 534 1621 574 veneruntSynclctius
1633 541 1657 563 et
1671 536 1737 565 Pal-

997 581 1098 609 ladius:
1109 581 1269 620 Hesychius,
1278 583 1326 620 qui
1340 581 1578 610 Antoniniamicus
1590 589 1656 617 crat,
1669 593 1739 612 mor-

997 627 1061 655 bum
1075 627 1221 656 simulavit.
1232 628 1292 656 Duo
1305 634 1394 656 autem
1410 627 1506 666 reliqui
1518 638 1566 667 per
1579 627 1669 657 literas
1681 630 1739 658 Eu—

998 673 1071 702 sebio
1083 680 1107 701 et
1123 673 1237 702 Antonio
1255 674 1457 713 significarunt,
1476 681 1503 702 ut
1519 675 1669 713 Hypzepos,
1685 685 1738 713 quo

998 719 1049 758 ipsi
1066 720 1220 758 pergebant,
1237 730 1264 748 se
1281 720 1437 750 conferrent.
1454 720 1498 749 ltli
1518 731 1581 749 vcro
1598 731 1657 749 cum
1670 721 1738 749 ami-

997 766 1087 795 citiam
1100 767 1370 803 contraxissent(nam
1383 766 1531 795 Antoninus
1538 766 1686 795 Eusebium
1695 767 1740 796 vel

997 823 1073 849 auro,
1089 813 1133 841 vel
1148 812 1200 840 alio
1211 812 1292 841 modo
1307 819 1464 851 corruptum
1479 812 1531 840 sibi
1546 813 1737 850 conciliarat),

996 858 1066 887 etad
1080 859 1296 898 Hyp-‘Epinorum
1318 859 1453 887 civitatem
1472 858 1512 886 illi
1531 869 1636 896 quoque
1650 859 1742 887 venis-

996 912 1064 939 sent,
1078 905 1184 943 judices
1199 904 1306 933 eludere
1318 905 1493 941 conabantur,
1509 904 1687 943 dicebantque
1701 912 1741 933 te-

997 958 1049 979 stes
1064 952 1230 987 negotiorum
1242 962 1320 979 causa
1337 961 1445 990 peregre
1459 951 1591 990 profectos
1607 961 1673 979 esse.
1687 952 1742 981 Ju-

997 996 1068 1024 dices
1085 997 1233 1026 Eusebium
1248 1004 1341 1035 rogant
1351 1020 1358 1033 ,
1372 997 1440 1025 intra
1453 1004 1519 1034 quot
1534 997 1592 1025 dies
1607 997 1653 1026 ille
1664 1003 1742 1026 testes

998 1043 1162 1071 adducturus
1178 1051 1252 1072 esset.
1272 1044 1320 1071 ltte
1336 1054 1397 1072 vero
1411 1053 1520 1082 sperans
1532 1042 1559 1071 in
1570 1050 1649 1072 aestus
1663 1043 1744 1072 vehe-

999 1089 1097 1117 mentia
1110 1089 1216 1126 judices
1228 1090 1290 1117 inde
1306 1089 1469 1117 discessuros
1483 1099 1549 1123 esse,
1564 1095 1620 1117 erat
1640 1089 1742 1128 quippe

999 1134 1096 1163 aestatis
1111 1142 1230 1173 tempus,
1247 1135 1345 1173 scripto
1362 1135 1483 1173 promisit
1499 1146 1526 1163 se
1542 1135 1611 1163 intra
1625 1135 1742 1173 quadra·-

1001 1181 1072 1219 ginta
1087 1180 1152 1216 dies,
1165 1188 1211 1208 aut
1228 1180 1524 1219 testeslii·odiict111·11m,
1542 1187 1587 1208 ant
1598 1190 1688 1219 poenas
1701 1191 1741 1208 se-

1000 1226 1117 1256 cundum
1133 1237 1244 1254 canones
1258 1225 1387 1254 daturum
1399 1237 1462 1254 esse.
1479 1226 1613 1254 Dimissus
1626 1226 1742 1265 ergoille

1000 1271 1035 1300 ad
1050 1272 1224 1310 inquirendos
1239 1279 1323 1307 testes,
1338 1272 1586 1312 Constantinopolin
1599 1272 1743 1307 venit,ibi-

1002 1327 1053 1354 que
1068 1316 1186 1344 delituit.
1198 1316 1395 1355 Exspectarunt
1407 1316 1510 1355 judiees
1522 1316 1555 1345 ad
1571 1317 1742 1355 quadragesi·

1001 1373 1075 1390 nium
1090 1373 1174 1400 usqne
1189 1362 1269 1391 diem.
1285 1362 1320 1390 Et
1335 1373 1395 1391 cum
1411 1362 1543 1391 Eusebius
1557 1373 1608 1391 non
1629 1373 1741 1402 compa-

1001 1415 1078 1443 reret,
1094 1409 1379 1438 excommunicationis
1391 1409 1548 1437 sententiam
1564 1410 1589 1437 in
1603 1420 1664 1438 eum
1676 1420 1742 1448 pro-

1002 1455 1129 1489 tulerunt,
1146 1456 1202 1484 sive
1217 1462 1245 1484 ut
1260 1455 1431 1489 desertorem,
1446 1456 1503 1484 sive
1517 1462 1546 1483 ut
1560 1456 1741 1484 calumniato—

1003 1513 1067 1530 rem.
1084 1502 1227 1539 Postquam
1241 1512 1303 1529 vero
1321 1501 1428 1540 triginta
1444 1501 1500 1529 dies
1523 1501 1589 1529 alios
1612 1502 1742 1541 Hyp-repis

1003 1554 1164 1581 manserant,
1182 1558 1228 1575 nec
1243 1554 1409 1586 compareret
1421 1547 1474 1581 ille,
1486 1547 1535 1586 ipsi
1548 1558 1654 1585 quoque
1671 1548 1743 1576 Con-

1001 1593 1190 1632 stantinopolin
1204 1593 1348 1621 redierunt.
1360 1594 1428 1622 Cum
1440 1600 1527 1622 autem
1538 1594 1574 1621 ibi
1594 1593 1743 1622 Eusebium

1002 1638 1184 1672 ostendissent,
1196 1646 1297 1667 tautum
1306 1639 1344 1667 iili
1354 1639 1456 1667 facinus
1465 1640 1672 1679 exprobrarunt.
1686 1640 1745 1668 Eu·-

1005 1685 1094 1713 sebius
1110 1696 1173 1713 vero
1188 1685 1369 1713 infirmitatem
1385 1686 1503 1724 corporis
1524 1693 1689 1725 praetexens,
1705 1693 1744 1715 te-

1006 1737 1057 1759 stes
1076 1741 1103 1759 se
1116 1731 1297 1759 adducturum
1319 1742 1411 1760 rursus
1433 1732 1618 1770 pollicebatur.
1640 1733 1743 1762 Interea

1005 1787 1053 1816 per
1066 1777 1207 1805 diuturnas
1218 1777 1278 1805 illas
1293 1788 1389 1815 moras,
1403 1778 1517 1807 moritur
1529 1779 1660 1808 Antonius
1673 1791 1679 1807 ι
1694 1780 1746 1808 sic-

1004 1834 1056 1861 que
1068 1834 1156 1852 rerum
1168 1824 1247 1852 sactes
1258 1831 1385 1852 mutatur.

1043 1871 1097 1899 Nec
1112 1870 1197 1898 multo
1213 1877 1271 1909 post
1284 1870 1366 1898 literae
1382 1869 1416 1898 ad
1428 1870 1650 1909 Chrysostomum
1663 1882 1745 1900 vene—

1001 1924 1063 1944 runt
1076 1916 1172 1955 partim
1183 1916 1311 1955 Ephesini
1324 1915 1403 1949 Cleri,
1417 1916 1514 1955 partim
1529 1917 1717 1956 episcoporum
1730 1941 1737 1953 ,

999 1961 1149 2000 juramenta
1170 1972 1229 1989 cun]
1251 1961 1433 1989 obsecratione
1453 1962 1624 1990 continentes.
1645 1963 1744 1991 Testa-

1002 2007 1080 2036 batur
1093 2008 1196 2043 Clerus,
1214 2007 1323 2036 antheac
1335 2007 1405 2046 leges
1412 2018 1503 2035 omnes
1516 2007 1614 2046 Ephesi
1627 2019 1745 2047 pessum-

1003 2054 1079 2082 datas
1094 2054 1184 2089 fnisse,
1202 2053 1306 2092 jamdiu
1323 2053 1448 2081 afflictam
1465 2053 1627 2092 Ephesinam
1647 2053 1744 2082 Eccle-

1003 2101 1070 2128 siam
1093 2110 1148 2128 esse
1171 2099 1267 2138 partim
1283 2100 1318 2127 ab
1339 2099 1463 2134 Arianis,
1480 2100 1578 2138 partim
1592 2100 1627 2128 ab
1644 2100 1676 2128 iis
1696 2100 1744 2138 qui

1003 2148 1124 2176 avaritiae
1139 2154 1164 2176 et
1176 2147 1335 2176 dominandi
1350 2147 1464 2175 libidine
1479 2147 1559 2183 capti,
1578 2158 1605 2176 se
1620 2148 1743 2176 Catholi-

1005 2205 1048 2223 cos
1061 2204 1116 2222 esse
1133 2193 1334 2231 gloriabantur,
1350 2193 1387 2221 sic
1410 2193 1574 2221 Antoninum
1589 2193 1744 2222 defunctum

1003 2238 1215 2277 peistiingebant
1229 2237 1268 2265 illi
1284 2250 1289 2265 :
1304 2237 1432 2275 rogabant
1448 2237 1525 2266 illum
1538 2237 1690 2266 festinanter
1701 2249 1745 2267 ve-

1005 2285 1081 2318 niret,
1096 2284 1155 2322 quia
1172 2283 1227 2322 lupi
1242 2282 1351 2321 quidam
1367 2291 1440 2312 erant
1452 2284 1499 2321 qui
1514 2284 1625 2323 pecunia
1640 2284 1746 2323 episco-

1004 2331 1090 2370 palem
1106 2329 1194 2358 sedem
1207 2340 1297 2368 rapere
1311 2329 1454 2358 tentabant.
1465 2330 1527 2357 Ilaec
1536 2340 1612 2358 causa
1626 2330 1747 2369 Chryso-

1004 2384 1089 2405 stomo
1100 2377 1150 2404 suit
1159 2375 1321 2414 suscipiendi
1333 2375 1442 2404 Asiatici
1455 2375 1565 2411 itineris,
1574 2375 1608 2404 de
1619 2386 1671 2414 quo
1681 2386 1746 2405 mox

1004 2423 1117 2451 dicetur.

209 2479 236 2496 se
249 2468 340 2505 fugare
355 2477 428 2505 posse
439 2467 569 2504 sperabat.
584 2466 764 2495 ltaecJoanucs
776 2469 950 2508 prospiciens,
1045 2470 1117 2497 Dum
1134 2469 1189 2496 haec
1201 2474 1350 2505 agerentur,
1366 2467 1496 2495 Homilias
1508 2467 1536 2496 in
1550 2469 1615 2496 Acta
1631 2469 1746 2506 Aposto-
1796 2473 1898 2494 Homitiae

209 2524 269 2541 cuin
292 2513 402 2552 Syuodo
425 2511 556 2539 deliberat
574 2512 703 2549 quosdam
721 2523 753 2540 ex
774 2516 950 2552 pitrseutibus
1004 2516 1091 2543 lorum
1105 2514 1197 2542 habuit
1210 2514 1428 2552 Chrysostomus,
1440 2523 1505 2550 quas
1514 2513 1593 2552 coepit
1606 2512 1744 2551 postQua-
1755 2505 1898 2555 2¹¹;'¹{¹⁵‘¹{;⁴C'[3

207 2559 338 2598 episeopis
355 2558 380 2586 in
404 2558 492 2586 Asiam
518 2558 622 2586 minere
636 2558 670 2586 :id
685 2559 885 2598 interrogandos
908 2568 948 2589 te-
1003 2561 1197 2599 dragesimam,
1215 2567 1243 2588 nt
1261 2561 1316 2599 ipsc
1337 2559 1403 2587 dicit
1419 2559 1497 2587 llom.
1516 2559 1544 2594 I,
1559 2570 1583 2597 p.
1601 2560 1653 2594 15,
1665 2565 1744 2596 atque
1758 2566 1874 2594 Apostolo-

206 2612 266 2634 stes.
278 2605 315 2633 Ad
323 2615 378 2633 eam
393 2615 448 2633 rem
462 2611 512 2632 tres
526 2603 600 2632 electi
614 2611 674 2633 sunt
689 2604 820 2644 episcopi,
830 2607 947 2645 Syuclc-
1006 2614 1033 2635 ut
1048 2614 1184 2646 putamus,
1196 2606 1369 2644 dixiinusque
1384 2605 1409 2634 in
1433 2604 1546 2641 Momm,
1563 2611 1681 2644 tempore
1694 2606 1743 2634 Pa-
1756 2604 1816 2618 ‘¹⁸¹⁰‘
1831 2601 1846 2617 ¹'
1857 2602 1881 2624 9·
