1884 2922
253 178 322 212 328

984 410 1027 439 ().

285 641 460 668 OBEDIENTIA
480 637 617 666 constituit
632 635 861 676 pulchritudinem
875 636 982 665 animoe.

248 690 280 714 V.
299 689 360 712 214.
376 695 400 710 A.
416 681 584 711 Obedientiae
597 691 696 709 merces
716 681 742 708 in
757 679 881 719 exemplo
900 680 982 708 Sarae.

248 735 278 756 11.
294 733 357 756 887.
375 737 399 755 C.

287 773 412 799 Osnirio
428 776 456 797 ut
472 769 505 798 sit
524 775 630 808 accepta
643 791 651 805 ‚
670 768 728 797 fieri
743 767 823 796 debet
840 768 866 795 in
883 766 986 805 Spiritu

247 821 349 843 sancto.
368 820 412 842 IX.
429 818 492 841 804.
511 823 535 840 Β.
555 813 586 840 In
611 811 792 840 oblationibus
809 810 874 849 quid
896 811 982 839 obser-

247 858 378 886 vandum.
405 863 450 885 IV.
477 861 537 884 188.
555 867 582 884 o.
609 855 717 885 Oblatio
737 855 938 883 etsacrificium
963 854 989 882 in

249 902 363 940 siugulis
388 900 514 928 collectis.
533 907 554 929 1.
578 904 640 928 745.
666 911 690 930 n,
709 899 817 928 Oblatio
833 898 988 936 quotidiana

250 946 330 974 unius
356 945 474 973 victimae
499 954 547 982 pro
563 950 669 982 peccato
685 943 711 971 in
734 943 816 971 sacris
844 942 988 982 mysteriis,

249 1000 329 1019 uuam
343 990 400 1028 ejus
414 995 525 1017 mortem
551 998 677 1016 revocans
690 987 716 1015 iu
733 986 898 1016 memoriam.
927 993 986 1015 XII.

249 1038 313 1062 241.
331 1044 361 1062 D.
392 1034 422 1061 In
453 1032 534 1060 sacris
560 1031 741 1060 oblationibus
765 1030 872 1059 nomina
899 1037 989 1069 patro-

247 1086 343 1104 norum
360 1076 572 1115 proferebantur.
585 1082 631 1103 IX.
651 1080 715 1104 159.
728 1086 752 1105 n.
769 1074 926 1103 Oblationes
942 1074 989 1112 ju-

248 1126 313 1147 vant
323 1127 452 1147 mortuos.
472 1126 543 1147 VIII.
560 1122 622 1146 429.
637 1129 665 1146 n.
684 1125 729 1146 Ix.
750 1122 812 1145 188.
829 1117 928 1145 Errant
943 1116 989 1154 qui

249 1169 344 1201 putant
375 1162 520 1190 oblationes
542 1162 624 1189 factas
640 1161 765 1190 Ecclesiae
792 1160 826 1189 de
852 1160 929 1188 bonis
956 1171 990 1188 ex

249 1206 342 1244 rapina
358 1206 443 1244 partis
471 1205 594 1233 sufficere
615 1204 648 1232 ad
670 1204 794 1232 salutem.
812 1210 867 1232 VII.
885 1207 947 1231 582.
961 1215 987 1231 A.

254 1250 373 1278 oblatio
397 1260 432 1277 ex
448 1251 554 1287 rapina
574 1259 592 1276 α
611 1249 672 1277 Deo
694 1258 753 1276 non
773 1248 936 1284 suscipitur.
958 1253 989 1275 V.

251 1298 316 1321 683.
330 1305 358 1322 A.

289 1338 409 1365 Ossuvio
420 1337 581 1375 injuriarum
591 1335 802 1364 commendatur.
815 1342 873 1363 XII.
883 1338 946 1363 262.
958 1344 987 1364 D.

289 1381 439 1409 Onscomva
451 1380 524 1417 loqui
537 1386 664 1417 quantum
679 1379 790 1407 malum.
802 1385 835 1408 X.
851 1383 914 1408 559.
925 1388 989 1406 c.n.

253 1428 316 1453 560.
347 1424 478 1452 Obscoena
498 1423 579 1451 verba
600 1423 645 1461 qui
670 1423 832 1460 loquuntur,
862 1428 990 1451 vocantur

253 1467 406 1506 sepulcrum
421 1473 525 1506 patens.
539 1473 571 1495 V.
584 1471 629 1494 43.
645 1477 668 1494 A.

290 1512 464 1540 Osse-umus
479 1510 624 1548 Scripturae
650 1510 774 1539 lectorem
789 1510 886 1538 invitat
898 1509 931 1537 ad
945 1510 989 1538 in-

249 1555 431 1592 quisitionem.
451 1562 496 1583 IV.
516 1558 581 1582 247.
599 1564 625 1582 A.

289 1599 491 1627 OBSECRANDL'S
512 1604 644 1636 peccator,
668 1597 715 1625 sed
748 1607 799 1626 non
823 1607 943 1636 semper,
958 1608 991 1627 ne

250 1642 296 1670 fiat
308 1642 441 1680 ignavior.
456 1648 486 1670 V.
501 1646 565 1670 797.
580 1652 606 1670 c.
625 1652 653 1669 D.

288 1687 513 1715 OBSERVATIONES
538 1684 644 1712 dierum
668 1683 909 1723 reprehenduntur.
942 1693 986 1715 XI.

249 1734 311 1758 422.
326 1741 353 1757 F.
368 1740 394 1757 A.
415 1729 481 1756 Vid.
507 1728 615 1757 ΟΜΙΝΔ.

290 1779 477 1806 OBSTETRICES
493 1777 526 1805 ad
543 1777 661 1816 virgines
682 1777 832 1814 frequenter
846 1777 949 1814 missae,
963 1785 991 1806 ut

251 1822 393 1860 virginitas
405 1821 571 1860 probaretur.
586 1828 606 1849 1.
623 1825 688 1849 306.
706 1831 733 1848 A.

289 1867 464 1894 OCCASIONES
483 1865 565 1893 animi
581 1865 647 1893 vitia
663 1871 688 1893 et
710 1863 894 1893 infirmitatem
916 1872 990 1904 pate—

248 1910 359 1938 faciunt.
381 1917 400 1938 1.
418 1914 484 1938 477.
508 1920 537 1937 n.
558 1920 584 1938 ε.
608 1908 709 1936 Multos
731 1907 778 1945 qui
797 1907 871 1936 larva
887 1909 992 1947 pietatis

249 1953 345 1982 obtecti
368 1960 446 1988 sunt,
468 1953 572 1981 larvam
598 1952 667 1980 hanc
687 1961 784 1990 ponere
803 1951 927 1980 suadent.
945 1960 989 1982 111.

249 2002 313 2026 604.
331 2008 354 2025 B.
369 1996 527 2025 Occasioues
539 1995 666 2035 peccandi
680 1995 806 2025 vitandae.
826 2002 859 2023 11.
880 2001 942 2025 184.
962 2007 989 2025 A.

250 2045 312 2069 185.
336 2041 509 2069 Occasionem
535 2039 663 2079 peccandi
689 2039 734 2077 qui
758 2038 915 2078 porrigunt,
930 2048 992 2070 sunt

250 2084 390 2123 puniendi.
408 2091 428 2113 Ι.
447 2088 512 2113 305.
529 2093 557 2111 A.
572 2095 598 2113 B.
614 2087 679 2111 306.

291 2129 434 2156 Occmms
458 2127 535 2156 initio
560 2136 612 2155 non
633 2126 731 2154 multas
751 2132 841 2164 gentes
862 2126 989 2156 habebat.

255 2179 284 2200 V.
304 2177 348 2201 19.

291 2216 508 2243 OueioENTALizs
529 2224 575 2252 per
590 2220 748 2242 mercatores
764 2213 906 2252 AEgyptios
929 2215 992 2244 edo-

251 2258 389 2287 cebantur.
410 2260 455 2287 lb.

291 2303 424 2331 Ocmnns
450 2302 505 2340 ipse
525 2300 559 2330 de
583 2301 687 2340 Spiritu
704 2307 795 2329 sancto
821 2301 930 2339 accepit.
958 2309 990 2330 V.

254 2350 319 2375 195.
334 2357 361 2374 A.

290 2391 422 2422 Ocrwi,
433 2387 459 2415 in
476 2387 647 2427 inscriptione
657 2388 716 2415 Pro
726 2395 842 2423 octava,
857 2388 991 2426 significat

251 2432 322 2460 diem
342 2431 450 2460 Domini
466 2441 589 2469 maguam
604 2438 628 2459 et
642 2432 822 2470 conspicuam.
842 2439 863 2461 1.
882 2437 945 2461 178.
961 2443 989 2462 D.

254 2477 364 2503 Octava
378 2478 409 2503 in
430 2475 522 2503 titulis
541 2476 727 2504 Psalmorum
748 2477 817 2513 quid
835 2477 991 2515 significet.

254 2526 286 2547 V.
304 2523 366 2547 664.
383 2529 410 2546 A.
429 2520 542 2546 Octava
563 2520 623 2548 dies
638 2520 803 2557 septimam,
819 2530 867 2548 seu
886 2522 992 2550 sabba-

254 2569 313 2589 tum
325 2584 331 2593 ,
347 2562 476 2598 expellit.
491 2564 644 2599 quomodo.
659 2570 692 2591 II.
709 2568 773 2591 974.
784 2574 808 2593 B.

896 189 996 211 {Nm-tx
1021 188 1145 210 RERUM.

1078 636 1193 663 Oeneus
1217 633 1312 662 animae
1327 633 1398 672 quis.
1424 641 1455 663 V.
1475 639 1520 663 56.
1548 635 1629 663 Oculi
1643 635 1707 664 fidei
1722 646 1781 675 per-

1038 679 1195 718 spicaciores
1216 677 1358 717 corporeiS.
1384 685 1430 707 IV.
1446 683 1510 708 734.
1525 689 1550 707 Β.
1565 679 1645 709 Oculi
1668 680 1779 708 humani

1038 723 1184 751 artificium
1197 722 1329 757 mirabile,
1347 722 1374 750 in
1390 733 1443 760 quo
1460 723 1560 752 relucet
1577 724 1624 751 Dei
1640 724 1779 763 sapientia.

1041 775 1073 796 II.
1090 772 1152 796 139.
1171 778 1200 797 n.
1216 777 1280 805 sqq.
1293 766 1375 802 Quod
1394 767 1487 795 oculus
1502 774 1539 796 est
1555 768 1672 806 corpori,
1684 768 1712 796 id
1723 768 1781 796 ani-

1045 822 1086 839 ma
1109 817 1146 839 est
1169 810 1282 838 homini.
1307 817 1364 839 VII.
1388 815 1450 839 300.
1466 822 1491 841 B.
1518 812 1621 840 Oculus
1634 811 1780 847 eruendus,

1042 854 1187 893 quomodo.
1204 861 1235 882 V.
1252 859 1297 882 57.
1313 864 1340 882 Ε.
1358 854 1460 883 Oculus
1474 854 1570 882 dexter
1583 854 1610 883 in
1624 855 1783 893 Evangelio,

1042 898 1120 936 quid.
1136 906 1155 927 I.
1169 902 1230 927 156-
1248 908 1275 926 D.
1300 902 1362 926 693.
1380 909 1404 926 B.
1419 898 1448 927 Si
1463 898 1636 933 scandalizet,
1648 898 1784 928 eruendus

1041 949 1090 971 est.
1107 944 1152 970 ΙΙ).
1167 949 1194 970 et
1212 949 1231 970 I.
1250 946 1313 970 552.
1330 952 1355 970 c.
1371 943 1520 970 Oculorum
1535 950 1655 981 aspectus
1669 953 1721 971 non
1735 953 1783 982 per

1041 996 1068 1014 se
1083 986 1182 1014 malus.
1199 992 1244 1014 IV.
1262 990 1324 1014 232.
1342 996 1368 1015 Β.
1387 986 1467 1014 Oculi
1484 986 1529 1024 qui
1544 997 1647 1014 sacram
1663 997 1781 1015 mensam

1041 1031 1178 1058 intuentur
1189 1051 1196 1063 ‚
1220 1040 1234 1057 a
1262 1030 1421 1068 spectaculis
1445 1031 1569 1070 turpibus
1591 1030 1708 1059 arcendi.
1733 1037 1779 1059 lv.

1043 1079 1104 1103 891.
1119 1085 1145 1105 E.
1164 1079 1228 1103 892.

1083 1118 1148 1150 Om,
1162 1118 1234 1156 ᾠδοί,
1251 1117 1425 1146 instrumenta
1445 1117 1545 1145 musica
1562 1118 1588 1146 in
1601 1114 1684 1146 choro*
1697 1117 1783 1145 Davi-

1042 1161 1092 1189 dis.
1107 1167 1138 1189 V.
1156 1165 1221 1190 649.
1238 1171 1263 1189 Β.
1282 1161 1389 1189 Bucolii
1402 1168 1542 1190 vocantur.
1559 1163 1604 1190 ΙΙ).

1084 1205 1188 1232 Onmm
1211 1211 1249 1232 est
1273 1205 1356 1232 animi
1376 1205 1550 1244 perturbatio.
1573 1212 1605 1233 V.
1625 1210 1671 1234 47.
1694 1217 1722 1234 A.
1739 1206 1782 1234 Ex

1043 1248 1132 1276 animo
1155 1247 1360 1285 eliminandum,
1385 1256 1412 1276 ut
1432 1249 1587 1286 acquiratur
1601 1249 1783 1278 benevolentia

1044 1292 1103 1320 Dei.
1118 1298 1162 1320 IV.
1178 1296 1224 1320 88.
1241 1292 1343 1320 Odium
1355 1292 1472 1331 proximi
1488 1303 1569 1330 quam
1583 1292 1676 1321 sedulo
1690 1293 1725 1321 sit
1738 1293 1781 1322 vi-

1043 1335 1155 1364 tandum
1166 1358 1173 1371 ,
1188 1342 1214 1364 et
1228 1343 1357 1374 quantum
1378 1337 1479 1365 bonum
1493 1337 1527 1365 sit
1543 1337 1578 1364 ab
1594 1347 1624 1365 eo
1638 1337 1780 1366 abstinere.

1044 1386 1100 1408 VII.
1116 1384 1181 1408 695.
1199 1390 1225 1410 E.
1240 1392 1267 1408 A.
1280 1385 1345 1409 696.
1363 1381 1402 1409 De
1415 1380 1485 1410 Odio
1497 1388 1522 1410 et
1533 1380 1686 1410 Inimicitiis
1701 1381 1783 1410 Eclo-

1043 1433 1086 1461 ga.
1106 1430 1164 1452 xu.
1180 1428 1245 1453 732.

1081 1469 1181 1496 OEmm
1196 1467 1315 1495 historia.
1331 1474 1378 1497 XI.
1393 1473 1458 1498 827.
1477 1479 1504 1496 D.
1524 1468 1593 1496 Vide
1605 1475 1716 1497 nocam.

1083 1513 1218 1539 OEsTRUM
1241 1511 1364 1540 libidinis
1385 1512 1455 1540 unde
1469 1512 1581 1540 oriatur.
1597 1519 1654 1540 VII.
1672 1517 1736 1541 702.
1754 1526 1780 1542 A.

1082 1555 1315 1583 Offmmcnmm
1328 1565 1424 1594 ponere
1435 1562 1472 1584 est
1484 1556 1672 1594 gravissimum
1683 1557 1783 1585 vulnus

1043 1598 1173 1636 infligere.
1191 1605 1223 1627 X.
1238 1603 1302 1627 206.
1316 1609 1339 1627 c.
1353 1610 1381 1627 n.

1083 1643 1216 1671 OFFENSA
1232 1642 1281 1671 Dei
1294 1642 1411 1672 timenda
1426 1643 1510 1682 magis
1523 1654 1605 1681 quam
1617 1644 1670 1672 ulla
1685 1644 1784 1684 gehen-

1044 1696 1086 1714 na.
1103 1693 1147 1715 IV.
1165 1690 1228 1714 859.
1247 1696 1276 1715 n.
1294 1691 1358 1715 860.

1082 1731 1200 1759 ommi
1215 1730 1367 1759 Christiana
1385 1741 1466 1768 quam
1480 1730 1579 1759 facilia.
1596 1737 1665 1760 VIII.
1679 1736 1743 1761 409.
1755 1743 1780 1760 Β.

1084 1775 1194 1803 Orrxcu
1220 1774 1308 1802 divini
1336 1774 1423 1811 horae,
1447 1775 1538 1803 Tertia
1548 1797 1555 1811 ‚
1574 1777 1669 1811 Sexta,
1695 1776 1783 1813 Nona,

1044 1819 1182 1857 Vesperae.
1199 1826 1246 1849 XI.
1262 1823 1327 1847 677.
1342 1830 1366 1847 Α.

1083 1864 1225 1892 OLl-:IRL‘M
1249 1862 1331 1890 ramis
1356 1872 1430 1900 reges
1451 1861 1485 1890 ad
1500 1861 1667 1891 clementiam
1682 1864 1785 1892 moveri

1043 1907 1138 1936 solent.
1156 1914 1177 1936 Ι.
1202 1911 1267 1936 575.
1282 1917 1312 1934 n.

1084 1952 1165 1979 Ono
1177 1949 1337 1984 sacerdotes,
1353 1958 1438 1987 regeS,
1458 1948 1594 1987 prophetae
1605 1949 1783 1987 ungebantur.

1045 2002 1091 2023 XI.
1106 1998 1170 2023 259.
1188 2004 1214 2022 c.
1228 2003 1258 2021 eo
1274 1991 1347 2030 quod
1369 1991 1437 2020 illud
1452 1992 1579 2020 haberent
1597 2003 1646 2030 pro
1660 1992 1785 2032 symbolo

1044 2037 1232 2066 misericordiae
1246 2036 1306 2065 Dei.
1319 2037 1363 2064 Ib.
1379 2036 1477 2064 Oleum
1487 2036 1643 2064 sanctumin
1658 2046 1706 2064 usu
1719 2043 1785 2065 tem-

1044 2092 1108 2120 pore
1122 2080 1310 2121 Chrysostomi
1322 2079 1356 2108 ad
1372 2078 1494 2117 ungenda
1515 2080 1633 2118 corporis
1652 2080 1783 2109 membra.

1045 2132 1079 2154 ll.
1113 2130 1181 2156 799.
1213 2136 1239 2152 A.
1267 2123 1311 2152 Ex
1335 2122 1464 2161 sepulcris
1494 2129 1645 2161 martyrum
1674 2123 1785 2152 videtur

1042 2170 1123 2197 fuisse
1141 2169 1302 2197 desumtum.
1330 2168 1375 2196 Ib.
1405 2167 1449 2195 Ex
1463 2166 1520 2195 oleo
1540 2166 1655 2195 lucernae
1680 2178 1739 2205 quae
1756 2168 1783 2196 in

1044 2213 1153 2241 ecclesia
1175 2210 1389 2247 ardebat,11ncti
1410 2209 1519 2247 quidam
1539 2210 1706 2239 convaluere.
1726 2218 1783 2240 VII.

1045 2261 1107 2285 422.
1134 2267 1164 2286 n.
1194 2255 1292 2284 Oleum
1312 2253 1451 2292 virginum
1476 2253 1542 2291 quid
1567 2253 1707 2292 significet.
1722 2261 1780 2284 VII.

1045 2305 1110 2328 848.
1131 2310 1158 2328 D.

1084 2344 1232 2377 Onnum,
1255 2341 1350 2370 festum
1371 2340 1521 2379 gentilium.
1548 2347 1582 2370 11.
1608 2345 1672 2369 678.
1702 2352 1731 2370 D.
1759 2353 1786 2371 E.

1045 2387 1254 2427 Olympicorum
1267 2386 1439 2414 certaminum
1452 2395 1519 2413 mos.
1537 2392 1582 2414 IV.
1596 2390 1660 2413 880.

1085 2432 1230 2460 OLYMPms
1240 2429 1401 2465 diaconissa,
1414 2428 1449 2456 ad
1464 2438 1544 2466 quam
1560 2428 1654 2456 scribit
1666 2428 1786 2466 Chryso-

1044 2483 1156 2504 stomus.
1176 2481 1222 2503 III.
1244 2479 1307 2502 634.
1323 2483 1382 2512 sqq.
1409 2474 1551 2510 Quaenam
1566 2479 1654 2507 esset,
1671 2473 1741 2501 vide
1754 2476 1786 2501 in

1045 2523 1166 2558 Μοηιῑο,
1181 2525 1245 2548 631.
1260 2518 1431 2558 Olympiadis
1441 2518 1503 2545 vilis
1515 2528 1545 2546 ac
1557 2518 1691 2556 neglectus
1705 2519 1784 2546 vesti-

1044 2573 1096 2594 tus.
1112 2572 1156 2593 III.
1172 2569 1235 2593 650.
1250 2575 1274 2591 n.
1292 2563 1357 2601 Ejus
1371 2562 1493 2590 virtutes.
1510 2563 1552 2590 ΙΙ).
1566 2566 1628 2590 649.
1640 2572 1703 2599 sqq.
1717 2566 1781 2591 656.
