1950 2922
291 193 306 200 ,-

271 266 348 294 fiuem
363 264 452 293 szrculi
468 263 555 301 quarti
570 274 576 290 :
589 262 642 290 imo
655 268 755 290 certum
770 259 876 287 videtur
889 258 914 285 in
929 256 997 284 mul-

270 313 303 340 tis
321 312 412 340 saltem
436 317 565 338 mutatum
582 309 678 336 fuisse:
692 316 753 334 nam
773 303 917 332 secundum
935 313 996 341 pro-

268 359 334 386 sanae
350 357 466 397 plurium
481 356 590 383 deorum
605 352 740 391 religionis
759 351 841 379 ritum
857 349 994 377 concinna-

266 411 324 433 tum
336 411 373 432 est
387 410 487 431 totum:
502 401 546 439 qui
561 400 634 438 impii
648 399 714 426 ritus
727 397 833 425 demum
848 396 898 424 snb
909 395 997 423 Theo-

262 450 338 478 dosio
350 451 448 487 Magno
458 447 556 476 sublati
568 452 638 474 sunt.
654 444 696 473 Ad
708 444 764 471 haec
778 449 878 471 certum
891 441 998 470 videtur

267 495 345 523 urbes
357 495 416 522 illas
427 492 499 521 orbis
512 491 668 531 praecipuas,
682 489 769 527 qualis
781 494 838 516 erat
849 485 999 522 Antiochia,

265 551 326 569 suos
341 546 387 568 aut
401 539 503 576 aliquos
518 537 610 566 saltem
625 535 675 564 sihi
689 534 810 574 proprios
825 533 949 561 habuisse
963 532 1000 560 ri-

266 593 320 620 tus,
335 592 464 624 quantum
478 583 511 612 ad
526 582 605 611 ludos
616 589 641 610 et
655 582 706 610 alia
722 581 747 609 in
763 579 933 608 Kalendariis
947 578 998 607 ad-

264 631 345 659 scribi
367 631 445 659 solita
459 642 464 657 :
477 640 529 668 quo
550 629 637 668 posito
652 627 717 665 quid
733 637 874 666 possumus
888 637 922 654 ex
940 626 1000 654 Ka-

265 676 383 705 tendat-io
390 677 509 704 Romano
520 675 589 703 circa
600 673 775 702 Antiochenos
786 673 853 700 ritus
863 678 976 700 statuere
987 672 998 700 ,⁰

263 723 342 758 Quod
355 734 418 751 vero
431 723 531 751 dieitur
542 720 735 759 querimoniam
748 717 932 757 Clirysostomi
949 717 999 746 ini-

262 770 299 799 tio
312 770 431 798 homiliae
443 776 524 798 sextae
539 778 590 796 non
611 773 729 806 spectare
743 765 821 794 ludos
836 764 978 793 Gotthicos
990 786 997 800 ,

262 816 292 845 id
313 823 382 844 certe
395 814 542 843 divinando
563 813 616 842 dici
637 812 754 842 videtur.
779 810 846 845 Quis
866 810 936 838 enim
952 810 1000 838 scit

263 873 296 892 an
308 864 334 891 in
346 862 418 890 ludis
427 861 570 894 Gotthicis‚
581 860 674 888 saltem
687 859 713 886 in
726 868 817 886 eorum
828 855 1000 895 quibusdam,

263 920 355 938 cursus
366 919 494 947 equorum
504 906 699 935 adhiberetur?
711 911 736 933 at
747 911 836 932 contra
845 902 1000 942 hujusmodi

263 965 356 983 cursus
377 962 447 983 totus
466 960 503 982 est
518 953 727 991 Chrysostomus
742 950 768 978 in
787 949 896 978 homilia
913 955 998 977 sexta.

262 1002 379 1030 Demnm
394 1000 498 1028 tabulas
513 998 668 1032 paschales,
686 998 761 1035 queis
775 997 816 1024 hae
834 1006 924 1024 omnes
939 1006 1001 1023 con-

259 1048 369 1086 jecturae
391 1047 532 1081 nituntur,
558 1043 702 1082 aliqnando
722 1043 828 1071 fallaces
847 1053 901 1070 esse
919 1052 1001 1080 supra

262 1093 447 1132 probavimus.
474 1092 527 1120 Nec
552 1098 606 1118 tam
626 1089 765 1129 perspicue
787 1087 885 1115 scimus
911 1094 1000 1115 utrum

263 1139 333 1167 circa
345 1137 547 1166 celebrationem
559 1135 678 1169 Paschae,
694 1135 774 1162 ritum
788 1132 1001 1161 Alexandrinum

263 1192 397 1214 servarent
414 1183 581 1212 Antiocheni.
593 1183 630 1211 Iis
644 1181 768 1209 omnibus
785 1180 874 1217 itaque
888 1190 999 1218 perpen-

261 1231 297 1259 sis
308 1254 316 1267 ,
332 1231 460 1258 fateamur
475 1239 577 1257 necesse
591 1234 644 1261 est,
667 1227 796 1254 incertum
815 1235 924 1264 prorsus
947 1235 1001 1252 esse

261 1287 313 1314 quo
335 1286 404 1304 anno
428 1276 474 1303 hos
498 1275 525 1302 in
550 1272 675 1302 Genesim
696 1281 829 1299 sermones
851 1270 998 1299 Antiochiae

262 1322 385 1350 habuerit
400 1321 617 1359 Chrysostomns.
634 1317 666 1346 ld
682 1327 764 1345 unum
780 1317 836 1344 sine
851 1316 934 1344 dubio
948 1316 997 1344 sci-

262 1379 339 1402 mus,
367 1377 489 1405 magnam
508 1375 598 1393 eorum
616 1370 717 1403 partem
737 1363 763 1390 in
788 1361 998 1400 Quadragesima

260 1413 359 1442 dietam
371 1414 462 1447 fnisse,
480 1412 607 1449 illamque
620 1409 859 1448 Quadragesimam
879 1419 930 1437 non
944 1419 999 1437 esse

261 1460 323 1488 anni
337 1458 404 1493 380,
421 1459 446 1486 in
463 1469 514 1495 qua
530 1464 588 1485 octo
600 1456 634 1484 ab
648 1455 690 1483 his
704 1454 822 1483 diversos
838 1454 932 1482 habuit
946 1465 998 1483 ser-

260 1516 369 1541 1nones;
388 1515 470 1542 neque
482 1504 543 1532 anni
558 1503 628 1536 587,
645 1512 725 1539 quam
741 1512 806 1540 pene
819 1508 900 1529 totam
915 1501 942 1529 in
953 1501 999 1529 de-

260 1551 389 1591 ploranda
405 1550 632 1579 Antiochenorum
646 1548 680 1576 ob
694 1558 798 1576 eversas
812 1554 911 1576 statuas
924 1547 998 1576 cala-

259 1599 351 1626 mitate
365 1596 505 1625 absumsit.

301 1645 379 1673 Certo
398 1649 499 1671 constat
512 1641 592 1670 etiam
606 1640 705 1669 multas
720 1639 785 1668 alias
800 1639 899 1668 diversi
919 1651 999 1679 argu-

261 1690 342 1718 menti
351 1689 476 1717 habuisse
485 1687 609 1715 homilias
617 1687 838 1725 Chrysostomum
850 1686 999 1715 intermisso

261 1737 416 1765 concionum
450 1735 475 1763 in
498 1733 623 1763 Genesim
643 1743 722 1761 cursu
737 1754 743 1767 ‚
758 1738 786 1759 ut
807 1732 834 1759 in
856 1742 950 1770 magna
975 1739 1000 1760 et

261 1789 349 1811 sancta
361 1780 530 1810 hebdomada
542 1780 576 1808 de
587 1779 656 1808 Juda
671 1778 815 1817 proditore,
833 1778 859 1806 in
873 1779 1000 1807 Paschate

261 1836 350 1857 eontra
360 1827 497 1862 Ebriosos,
509 1833 568 1865 post
582 1825 682 1853 Pascha
700 1824 824 1853 homilias
838 1824 957 1863 quinque
972 1825 997 1854 in

261 1875 427 1913 Principium
442 1876 580 1905 Actorum,
593 1879 617 1899 ct
630 1871 755 1899 homilias
767 1877 881 1908 quatuor
891 1870 925 1899 de
937 1873 999 1900 Mu-

260 1921 358 1948 tatione
370 1919 516 1948 nominum.
527 1919 586 1947 Una
597 1928 661 1945 vcro
675 1917 741 1945 serie
754 1917 877 1945 homilias
889 1918 998 1956 triginta

259 1966 326 1993 duas
342 1967 367 1994 in
383 1964 596 2002 Quadragesima
611 1963 649 1991 :si
665 1963 773 1991 alterius
785 1964 935 2000 argumenti
950 1964 998 1992 ho-

261 2012 342 2040 miliae
355 2011 487 2050 quzepiam
503 2010 575 2038 hunc
590 2019 697 2037 cursum
711 2008 947 2047 interpellaverint,
963 2021 998 2038 ωε

257 2060 313 2097 jam
329 2069 380 2086 non
399 2064 514 2085 exstant.
532 2056 626 2095 Operae
641 2055 755 2094 pretium
770 2061 858 2082 autem
873 2055 952 2083 suerit
966 2056 998 2084 il-

260 2105 348 2133 larum
363 2115 409 2143 per
425 2102 664 2140 Quadragesimam
680 2100 851 2128 homiliarum
866 2100 997 2137 ordinem,

261 2158 285 2179 ct
308 2157 406 2188 quanto
430 2150 518 2188 elapso
540 2147 666 2187 temporis
681 2147 767 2186 spatio
793 2146 845 2174 alia
864 2147 944 2176 aliam
959 2159 1000 2177 se-

262 2203 344 2234 quuta
359 2196 403 2230 sit,
420 2195 465 2222 hic
479 2194 570 2233 paucis
584 2193 753 2232 perscribere.

302 2242 390 2269 Prima
414 2240 504 2268 concio
528 2240 599 2268 dieta
622 2239 671 2267 fuit
695 2237 835 2266 Dominica
849 2238 893 2267 die
904 2261 912 2275 ‚
937 2249 997 2277 quae

263 2286 495 2325 Quinquagesimae
524 2296 602 2323 penes
628 2295 674 2313 nos
699 2291 809 2312 vocatur
823 2306 830 2317 ,
856 2292 996 2323 antequam

261 2332 488 2372 quadragesimale
506 2331 637 2369 jejunium
656 2330 782 2364 iniretur;
806 2330 932 2367 secunda,
954 2331 997 2360 die

262 2380 379 2417 sequenti
389 2377 577 2416 ‹piajrjnninm
588 2376 776 2414 incipit-batum
789 2376 862 2404 tertia
871 2383 896 2404 et
905 2384 998 2414 quarta

262 2429 289 2455 in
305 2426 377 2454 seriis
395 2424 469 2452 tertia
484 2430 507 2451 et
522 2429 614 2459 quarta
629 2433 633 2447 z
648 2421 687 2448 11ae
708 2422 872 2450 continenter
886 2422 998 2461 singulis

263 2473 357 2501 diebus
372 2471 448 2498 ‹licta-
465 2476 535 2497 suut,
554 2469 687 2496 lut-ertum
703 2478 764 2495 vero
783 2475 836 2503 est,
854 2475 944 2496 utrum
961 2469 999 2496 in-

263 2527 300 2547 ter
313 2524 433 2556 quartam
452 2523 476 2543 et
490 2515 609 2553 quintam
624 2514 761 2541 homiliam
777 2514 865 2551 aliqua
883 2514 939 2543 «lies
957 2515 998 2543 in-

263 2564 419 2599 ici-tesscrit,
435 2569 480 2590 aut
495 2561 620 2590 concione
632 2570 727 2593 vacua,
743 2566 786 2587 ant
800 2559 835 2587 ad
850 2560 924 2588 aliud
939 2572 998 2589 eon-

262 2610 387 2640 cionantli
399 2614 585 2647 argumentum
597 2606 730 2645 deputata.
744 2607 779 2634 Ut
794 2613 821 2634 ut
833 2613 879 2643 cst,
891 2607 995 2645 quinta,

272 191 335 226 106
748 200 776 220 s.
805 196 943 220 sommis
969 180 1202 218 cttnrs‹isT0›11
1229 197 1325 228 Vim,

1053 263 1139 291 sexta,
1155 258 1278 296 septima,
1294 265 1388 287 octava
1400 265 1426 287 et
1439 268 1507 287 nona
1520 257 1640 286 homitiae
1654 257 1788 286 continen-

1054 309 1093 330 ter
1107 303 1219 342 singulis
1231 305 1283 333 sibi
1295 304 1498 333 succedentibus
1511 304 1606 332 diebus
1624 303 1702 332 dictae
1716 308 1788 336 sunt,

1054 350 1150 387 partim
1175 350 1200 378 in
1218 351 1322 389 prima,
1339 351 1436 390 partim
1452 351 1478 378 iu
1498 349 1613 378 secunda
1633 348 1790 387 Quadrage-

1053 394 1128 423 simce
1143 395 1310 425 hebdomade
1324 409 1330 424 ε
1343 396 1445 425 decima
1460 396 1539 425 etiam
1560 395 1586 424 in
1606 395 1719 424 secunda
1740 395 1790 422 he·-

1055 439 1187 470 bdomadc
1197 450 1243 471 aut
1256 443 1318 471 seria
1335 443 1436 481 quinta,
1453 450 1497 472 aut
1507 449 1580 471 sexta
1594 441 1749 470 :undecima
1762 441 1788 469 in

1056 486 1166 516 sabbato
1179 489 1300 518 secundae
1315 490 1492 519 hebdomadis
1505 502 1512 518 ε
1526 489 1683 518 duodecima
1699 489 1790 517 habita

1054 538 1092 560 est
1111 541 1169 571 post
1183 535 1262 563 aliam
1278 535 1320 563 vel
1334 536 1409 571 alias,
1431 547 1489 574 quae
1506 536 1542 564 ad
1556 535 1693 564 diversum
1706 545 1721 563 a
1736 535 1789 564 Ge-

1054 578 1109 606 nesi
1124 588 1311 618 argumentum
1329 582 1491 621 spectabant.
1514 583 1587 610 Inter
1606 580 1792 610 duodecimam

1055 634 1161 662 quoque
1175 633 1199 654 et
1215 627 1346 656 decimam
1364 629 1469 658 tertiam
1489 628 1531 657 vel
1553 638 1621 656 unus
1641 627 1682 656 vel
1702 627 1793 666 plures

1054 669 1111 698 dics
1127 671 1339 703 intercesserunt.
1359 674 1469 702 Decima
1488 680 1581 712 quarta
1601 673 1672 702 dicta
1690 679 1729 701 est
1748 671 1794 701 die

1054 715 1188 746 decimam
1205 719 1308 746 tertiam
1327 719 1499 757 insequente:
1514 719 1615 748 decima
1640 719 1732 757 quinta
1753 718 1794 746 si-

1055 763 1154 792 militer
1167 772 1292 802 sequente
1311 765 1355 794 die
1369 777 1374 793 :
1388 766 1490 794 decima
1508 772 1594 802 sexta,
1612 765 1657 794 die
1671 765 1733 793 item
1753 775 1794 793 se-

1056 817 1151 847 quente
1163 823 1168 838 :
1181 811 1284 840 decima
1297 813 1406 851 septima
1420 823 1472 840 uno
1484 812 1526 841 vel
1538 812 1662 851 pluribus
1675 818 1734 851 post
1746 811 1795 840 de·

1055 856 1152 884 cimam
1163 864 1267 886 sextam
1279 857 1375 886 diebus
1384 858 1529 887 :decimam
1540 857 1680 897 septimam
1690 857 1796 887 decima

1055 909 1158 937 octava,
1176 904 1247 932 nulla
1259 904 1303 933 die
1318 905 1484 944 interposita,
1499 911 1609 942 sequuta
1622 911 1676 941 est;
1690 903 1795 932 decima

1056 958 1124 977 nona
1139 960 1171 977 an
1187 951 1349 979 continenter
1365 951 1455 979 habita
1476 951 1509 979 sit
1524 951 1680 989 ignoratur;
1696 949 1794 978 simili-

1056 1000 1150 1032 terque
1162 995 1302 1033 vigesima,
1316 1007 1396 1034 quam
1410 996 1506 1024 diebus
1519 996 1704 1034 sequentibus,
1720 995 1794 1024 nulla

1056 1047 1168 1069 vacante
1178 1042 1232 1075 die,
1246 1042 1542 1081 exceperuntvigesima
1555 1041 1652 1081 prima,
1666 1041 1794 1080 vigesima

1057 1087 1187 1123 secunda,
1206 1088 1335 1125 vigesima
1356 1088 1444 1124 tertia,
1464 1088 1592 1126 vigesima
1607 1094 1712 1125 quarta.
1734 1088 1798 1116 Bre-

1057 1132 1137 1170 vique
1157 1133 1311 1172 interposito
1325 1134 1430 1172 spatio,
1456 1134 1589 1162 continuis
1606 1133 1700 1161 diebus
1717 1133 1796 1172 vige-

1056 1187 1122 1205 sima
1137 1186 1229 1216 quinta
1240 1203 1248 1215 ‚
1266 1180 1394 1218 vigesima
1408 1186 1482 1208 sexta
1494 1201 1501 1215 ‚
1522 1179 1650 1217 vigesima
1672 1179 1796 1217 septima,

1057 1223 1185 1262 vigesima
1205 1232 1307 1254 octava.
1328 1226 1466 1264 Vigesima
1482 1235 1551 1253 nona
1568 1235 1602 1253 an
1619 1225 1663 1253 die
1676 1231 1736 1264 post
1750 1225 1796 1255 vi-

1057 1270 1185 1307 gesimam
1199 1278 1320 1300 octavam
1332 1278 1456 1309 sequente
1470 1271 1561 1299 habita
1578 1271 1628 1307 sit,
1645 1272 1793 1311 ignoratur.

1057 1315 1208 1354 Trigesima
1224 1328 1282 1345 cum
1299 1327 1422 1356 magnam
1438 1316 1630 1346 hebdomadem
1644 1317 1794 1356 attigisset,

1056 1369 1086 1390 ut
1101 1363 1156 1402 ipse
1168 1364 1377 1403 Clu-ysostomus
1389 1365 1425 1392 ait
1438 1376 1444 1391 ε
1458 1364 1591 1402 trigesima
1607 1364 1694 1403 prima
1705 1371 1730 1392 et
1744 1365 1796 1393 tri-

1056 1411 1155 1447 gesima
1179 1412 1291 1440 secunda
1315 1412 1340 1440 iu
1361 1411 1535 1440 hebdomadis
1555 1419 1650 1440 sancta:
1676 1412 1792 1449 diebus,

1057 1457 1101 1494 qui
1120 1457 1212 1486 seriam
1233 1458 1353 1495 quintam
1369 1458 1395 1486 in
1411 1469 1483 1486 coena
1503 1457 1611 1486 Domini
1630 1458 1792 1496 praecedunt.

1099 1503 1149 1531 Hic
1169 1504 1248 1542 longo
1265 1503 1390 1543 temporis
1408 1504 1494 1543 spatio
1514 1504 1645 1532 Homilias
1661 1504 1688 1532 in
1704 1505 1795 1533 Gene—

1056 1547 1106 1576 sim
1129 1548 1336 1588 Cluysostomus
1350 1549 1506 1588 intercepit,
1526 1559 1556 1577 ac
1574 1549 1638 1577 seria
1660 1550 1752 1587 quinta
1767 1550 1795 1579 in

1057 1605 1129 1623 coena
1147 1595 1256 1623 Domini
1270 1595 1304 1624 de
1318 1595 1388 1625 Juda
1404 1595 1540 1635 proditore
1555 1595 1683 1633 loquutus
1699 1603 1749 1634 est,
1770 1604 1795 1625 et

1056 1641 1121 1669 seria
1136 1648 1208 1669 sexta
1224 1641 1364 1669 homiliam
1379 1641 1412 1670 de
1427 1643 1521 1675 Cruce,
1540 1648 1618 1680 atque
1631 1641 1657 1669 in
1673 1641 1718 1670 die
1730 1653 1795 1671 san-

1057 1693 1098 1715 cto
1113 1687 1219 1715 Paschae
1234 1687 1385 1716 concionem
1401 1695 1491 1716 contra
1508 1687 1636 1716 Ebriosus
1651 1694 1675 1716 et
1691 1687 1725 1716 de
1739 1689 1794 1717 Re-

1055 1734 1235 1769 surrectione3
1250 1741 1308 1773 post
1319 1735 1420 1763 Pascha
1431 1741 1518 1763 autem
1531 1734 1662 1763 Homilias
1676 1735 1702 1763 in
1715 1736 1796 1764 Prin—

1055 1780 1155 1819 cipium
1178 1783 1321 1809 Actorum:
1335 1781 1370 1809 ita
1391 1788 1420 1809 ut
1439 1781 1601 1808 intermissas
1622 1780 1649 1808 in
1669 1781 1795 1810 Genesim

1055 1826 1180 1855 homilias
1195 1834 1254 1866 post
1269 1828 1437 1855 Pentecosten
1459 1833 1562 1854 tantum
1582 1827 1746 1855 resumserit.
1763 1828 1794 1856 In

1056 1873 1188 1911 principio
1213 1873 1284 1901 enim
1310 1873 1426 1901 homiliae
1450 1872 1592 1911 trigesimae
1618 1873 1702 1901 tertiae
1726 1883 1754 1902 se
1778 1884 1794 1902 a

1055 1919 1140 1947 multo
1153 1920 1209 1957 jam
1222 1926 1339 1958 tempore
1350 1929 1457 1947 cursum
1474 1919 1550 1946 illum
1562 1918 1735 1948 intermisisse
1749 1919 1794 1948 di-

1055 1965 1098 1993 cit.
1120 1966 1182 1994 Post
1197 1966 1359 2003 trigesimam
1375 1965 1478 1993 tertiam
1495 1965 1629 2004 trigesima
1644 1972 1737 2002 quarta
1752 1965 1793 1994 in-

1054 2013 1169 2049 sequenti
1178 2012 1223 2040 die
1230 2011 1299 2040 dicta
1307 2012 1367 2046 snit,
1377 2010 1538 2050 etpostridie
1546 2010 1791 2048 trigesimaquinta:

1055 2057 1123 2085 hanc
1137 2058 1301 2086 continenter
1315 2057 1477 2095 subsequuta
1492 2063 1530 2084 est
1547 2056 1681 2094 trigesima
1696 2063 1769 2084 sexta
1781 2080 1788 2093 ,
1804 2068 1843 2088 ns

1055 2114 1135 2140 quam
1150 2103 1254 2142 excepit
1269 2103 1400 2141 trigesima
1416 2102 1536 2141 septima.
1551 2105 1582 2130 Iu
1606 2102 1697 2130 triduo
1711 2103 1792 2131 conti-

1055 2157 1146 2178 nenter
1160 2149 1214 2186 58,
1232 2150 1287 2183 59,
1306 2156 1330 2177 et
1344 2149 1383 2177 40
1404 2148 1502 2176 habitae
1518 2154 1590 2175 sunt.
1614 2148 1676 2175 Post
1691 2148 1791 2186 aliquot

1055 2196 1224 2235 interpositos
1231 2197 1288 2223 dics
1298 2194 1530 2233 quadragesimam
1542 2193 1658 2232 primam
1667 2193 1792 2222 habuisse

1054 2242 1171 2272 videtur,
1197 2241 1283 2270 Biduo
1310 2247 1397 2268 autem
1418 2240 1536 2277 sequenti
1561 2238 1791 2277 quadragesimam

1053 2287 1198 2316 secundam
1210 2294 1235 2315 et
1248 2285 1479 2324 quadragesimam
1493 2285 1607 2313 tertiam.
1622 2286 1716 2313 Postea
1727 2296 1791 2314 vero

1053 2335 1206 2362 concionem
1219 2333 1252 2360 de
1264 2331 1429 2361 Samaritana
1441 2331 1548 2363 habuit,
1562 2341 1593 2358 ac
1603 2330 1716 2359 subinde
1729 2341 1791 2369 qua-

1052 2380 1227 2418 dragesimam
1240 2385 1360 2416 quartam
1376 2377 1402 2404 in
1419 2377 1543 2405 Genesim
1558 2376 1748 2415 pronuntiavit,
1765 2384 1791 2406 et

1053 2427 1195 2465 paulopost
1209 2424 1372 2453 continenter
1384 2423 1434 2457 45,
1446 2422 1496 2453 45.
1510 2423 1547 2450 47
1567 2429 1591 2450 et
1608 2423 1655 2457 48,
1668 2422 1790 2451 similiter

1052 2472 1091 2498 4¹.)
1106 2478 1129 2499 et
1147 2471 1200 2505 503
1225 2476 1249 2497 et
1268 2469 1367 2506 aliquot
1384 2474 1471 2506 postca
1486 2467 1579 2495 diebus
1597 2466 1791 2504 quinquagesi-

1052 2526 1122 2543 mam
1144 2514 1428 2553 primam:numerum
1448 2522 1546 2539 auxere
1566 2510 1650 2538 biduo
1671 2511 1788 2548 sequenti

1054 2562 1090 2589 52
1104 2568 1128 2589 et
1140 2561 1186 2589 55.

1093 2606 1348 2645 Quinquagesimam
1363 2610 1485 2642 quartam
1499 2602 1584 2631 emisit
1601 2608 1742 2640 postquam
1754 2602 1791 2632 de
