1910 2907
731 184 820 208 NUNC
847 185 975 208 PRIMUM
1003 184 1199 207 ADORNATA.

185 256 276 279 notam
290 259 345 289 prm
359 259 386 278 se
408 249 507 278 ferunt.
530 247 691 288 Hujusmodi
708 255 770 277 sunt
792 248 869 287 epist.
889 248 930 276 50

186 296 221 325 ad
243 298 382 325 Maronem
406 295 547 333 quemdam
573 295 759 334 presbyterum
787 301 811 323 et
832 304 926 322 mona-

186 342 281 377 chum,
303 341 345 369 cui
369 343 477 370 sincerae
499 341 689 369 benevolentiae
712 343 788 379 sigua
812 340 928 379 profert,

184 387 305 425 dicitque
316 398 343 416 sc
353 387 388 416 ob
402 388 603 416 tabellariorum
618 387 758 426 penuriam
771 386 858 414 rarius
874 385 926 424 ipsi

185 433 276 461 literas
290 433 371 469 dare,
383 441 407 462 et
423 444 470 472 pro
482 444 555 461 more
570 440 645 471 rogat
660 433 693 461 de
706 431 860 461 valetudine
879 441 926 459 sua

187 479 324 507 certiorem
340 490 367 508 sc
383 480 469 508 faciat.
491 478 633 518 Ejusmodi
645 486 705 507 sunt
721 479 800 507 etiam
816 477 927 517 epistola

186 526 225 554 46
244 526 279 554 ad
300 526 446 561 Rufinum,
462 525 572 565 epistola
591 526 628 555 58
644 526 676 554 ad
696 524 879 553 Theodosium
893 533 928 552 ex

187 573 326 607 Ducibus,
343 573 395 602 ἀπὸ
416 573 541 608 Δούκων;
557 572 633 612 epist.
648 573 686 601 65
708 572 741 600 ad
756 570 928 609 Tranquilli-

186 627 252 646 num
263 618 405 656 quemdam
415 641 422 652 ‚
437 618 515 657 epist.
534 619 565 646 ’Π
586 618 620 646 ad
634 617 787 653 Malcliurn,
802 627 881 654 quem
893 615 928 643 ob

186 663 249 691 {iliae
263 671 373 692 mortem
389 671 513 692 moestum
528 664 646 700 solatur;
667 674 708 702 ep.
729 664 768 691 92
787 662 821 690 ad
846 664 928 700 Moy-

186 720 241 738 sem
256 710 444 749 presbyterum
455 733 462 746 ,
478 711 523 748 qui
544 710 689 739 monachus
702 710 783 738 fuisse
799 710 884 737 fertur
901 710 927 736 in

184 756 304 794 quadam
321 757 446 795 regionc;
462 757 540 796 epist.
560 758 611 785 171
632 757 666 784 ad
682 756 817 785 Montium
829 779 835 791 ‚
848 755 926 794 epist.

186 802 244 831 187
268 802 301 830 ad
322 803 500 841 Procopium,
523 804 577 831 195
600 803 634 831 ad
649 802 827 831 Claudianum
840 825 847 837 ,
871 803 923 831 201

186 848 221 876 ad
242 848 399 877 Herculium
409 872 416 883 ,
431 850 489 877 909
504 850 538 877 ad
557 849 711 878 Salvionem
724 871 731 885 ,
746 848 819 886 quod
834 858 928 876 nomen

187 894 263 923 varie
279 895 409 933 scriptum
434 895 531 933 legitur
546 906 551 922 :
571 895 618 922 alii
633 895 704 922 enim
719 894 854 923 Σαλὸίωνι
879 894 930 921 lia-

187 938 263 974 bent,
286 940 332 968 alii
353 951 462 968 numero
483 940 572 979 plures
596 940 745 975 Γαλὸίωνι,
764 940 927 974 Galbioni,

187 985 321 1023 fateorque
345 996 388 1014 me
415 985 449 1014 ad
474 985 543 1013 hanc
573 985 764 1024 praeferendam
789 985 930 1014 lectionem

187 1030 362 1069 propendere.

231 1077 381 1116 Epistol-‘im
408 1088 472 1106 vero
493 1077 527 1106 ad
550 1078 696 1106 Caesarium
717 1078 877 1107 monachum
903 1078 931 1106 in

193 1123 309 1152 secundo
331 1134 380 1152 suo
399 1124 495 1152 exsilio
506 1147 512 1159 ,
524 1131 553 1152 ut
568 1124 652 1152 fertur
667 1124 694 1152 in
710 1125 803 1160 titulo,
816 1136 830 1153 a
851 1127 885 1154 R.
900 1125 929 1153 P.

190 1170 309 1207 Lequien
319 1194 327 1205 ,
338 1170 397 1199 viro
409 1170 477 1198 mihi
488 1170 650 1198 amicissimo
663 1193 671 1205 ,
682 1171 737 1208 jam
749 1171 931 1210 reprobatam,

191 1216 389 1255 supposititiam
403 1227 458 1245 esse
473 1217 596 1256 pluribus
611 1217 785 1256 probavimus
799 1218 826 1246 in
840 1218 932 1246 Moni-

192 1269 218 1290 to
235 1263 322 1290 'somo
336 1263 363 1297 5,
380 1273 406 1301 p.
422 1264 491 1293 736.

49 1326 179 1355 Chrysosio-
234 1307 284 1336 Per
297 1309 434 1337 Orientem
458 1316 544 1337 totum
564 1309 694 1337 volitabat
713 1310 825 1339 Joannis
848 1310 932 1339 nostri

40 1358 70 1392 ¹5¹³
95 1358 180 1377 inimici
192 1355 261 1382 sama
272 1377 280 1390 ,
294 1355 340 1392 qui
356 1355 455 1383 Cucusi
471 1363 496 1384 et
512 1363 603 1394 postea
620 1356 739 1384 Arabissi
752 1357 848 1391 exsul,
870 1368 932 1385 om-

39 1388 106 1446 ξῖῐῗιϊε
118 1396 179 1438 JKz-J„
194 1411 238 1428 ncs
253 1400 353 1429 circum
374 1401 489 1440 populos
507 1408 531 1430 et
556 1412 625 1440 pane
641 1409 665 1430 et
687 1402 767 1430 verbo
788 1403 837 1431 Dei
851 1413 933 1441 pave-

41 1449 166 1469 Animum
192 1453 242 1475 rat.
264 1447 440 1476 Confluebant
461 1447 525 1476 item
549 1448 707 1476 Antiocheni
727 1449 783 1487 ejus
799 1449 933 1477 invisendi

40 1484 165 1535 ἓῃξᾙιξζῖη
194 1503 271 1521 causa
281 1515 288 1528 ,
302 1500 327 1521 et
340 1493 487 1522 Antiocliiae
509 1494 566 1533 ejus
587 1494 711 1522 sanctitas
723 1494 931 1533 praedicabatur.

39 1535 152 1562 am‘andm
191 1539 254 1567 Haec
271 1539 329 1578 ejus
349 1540 517 1568 adversarios
536 1540 710 1576 mordebant,
722 1548 802 1579 atque
822 1541 933 1570 invidiae

40 1577 124 1593 curant.
192 1586 298 1614 flamma
311 1586 412 1614 accensi
427 1586 586 1615 Severianus
597 1593 622 1614 et
632 1587 800 1626 Porphyrius
813 1611 820 1623 ,
833 1599 863 1616 ac
874 1588 934 1626 qui-

192 1632 254 1659 dam
270 1632 315 1662 alii
331 1633 446 1672 episcopi
459 1633 560 1672 Syriae,
573 1641 601 1662 ut
613 1633 664 1662 atio
677 1635 864 1662 transferretur
878 1645 934 1663 mo-

193 1676 236 1705 liri
261 1685 405 1716 coeperunt.
429 1679 527 1707 Clerici
554 1690 661 1718 quoque
683 1680 730 1718 qui
760 1680 821 1708 illos
850 1688 935 1709 secta-

146 1723 181 1740 ¹77
192 1723 290 1751 bantur
304 1724 457 1752 mirabundi
477 1724 602 1754 dicebant
616 1737 622 1752 z
639 1738 653 1753 (t
676 1726 773 1755 Videte
797 1733 933 1755 mortuum

192 1770 338 1798 terribilem
351 1792 358 1806 ,
373 1771 450 1799 vivos
466 1771 633 1810 victoresque
645 1779 783 1801 terrentem
794 1796 800 1807 ‚
816 1780 846 1801 ut
867 1785 934 1813 pue-

192 1826 235 1843 ros
249 1823 347 1844 terrent
360 1816 452 1847 larvae.
463 1818 540 1856 Papae
554 1817 561 1847 l
576 1818 595 1846 ii
612 1819 657 1856 qui
674 1819 845 1848 saecularibus
858 1828 934 1859 pote-

192 1862 305 1890 statibus
319 1869 397 1900 atque
410 1863 594 1892 ecclesiasticis
609 1864 706 1903 opibus
721 1866 850 1894 succincti
870 1874 931 1896 sunt

192 1918 254 1936 cum
265 1915 390 1947 potestate
401 1916 425 1937 et
439 1920 499 1938 cum
514 1921 603 1938 rerum
619 1911 730 1949 imperio
742 1935 749 1947 ‚
769 1912 932 1941 sacerdotem

56 1616 138 1637 Palla-t.
158 1626 178 1645 p.

38 1649 77 1673 95.
86 1659 116 1663 —-
128 1656 148 1675 p.

42 1683 94 1700 loo.

192 1955 278 1983 solum
287 1978 295 1991 ,
308 1963 456 1990 extorrem,
471 1967 580 1996 corpore
595 1957 732 1986 infirmum
742 1981 749 1994 ‚
765 1960 886 1988 exsulem
898 1960 934 1988 ti-

192 2008 264 2029 ment
277 2008 303 2030 et
317 2002 419 2041 pallent
430 2002 582 2031 titubantes.
597 2016 611 2029 n
622 2004 652 2031 ld
669 2014 730 2032 cum
744 2005 785 2033 illi
800 2006 867 2034 ferre
880 2017 932 2034 non

192 2048 261 2076 ultra
272 2056 377 2088 possent
389 2072 396 2084 ‚
411 2050 586 2089 impetrarunt
598 2057 626 2079 ut
638 2051 794 2080 Arabissum
806 2054 935 2081 transfer-

192 2101 280 2130 retur,
293 2095 322 2124 id
336 2103 457 2124 curantes
472 2095 614 2133 videlicet,
624 2104 653 2125 ut
668 2098 696 2126 vi
712 2099 884 2128 vexationum
894 2099 933 2127 vi-

193 2151 253 2170 rum
273 2148 327 2169 tam
353 2141 461 2170 infirmo
481 2153 593 2181 corpore
613 2143 640 2171 in
662 2143 798 2173 interitum
819 2144 935 2174 deduce-

194 2193 261 2214 rent.
277 2187 344 2214 Cum
357 2194 445 2215 autem
465 2198 517 2216 non
540 2188 629 2217 minus
645 2189 794 2228 splenderet
810 2192 912 2220 virtute
926 2215 934 2228 ,

193 2238 219 2259 et
235 2233 308 2269 paria
323 2240 457 2271 praestaret
478 2234 597 2263 Arabissi
623 2235 655 2264 iis
679 2247 738 2274 quae
763 2238 861 2265 Cucusi
878 2239 934 2277 jam

195 2276 334 2314 ediderat,
351 2289 441 2307 rursus
461 2280 495 2308 ab
514 2281 574 2308 aula
592 2282 765 2320 Imperatoria
778 2284 937 2323 rescriptum

195 2333 284 2351 acrius
298 2323 493 2362 impetrarunt,
507 2333 535 2354 ut
546 2327 615 2355 intra
627 2327 817 2357 brevissimum
833 2337 938 2369 tempus

196 2369 362 2406 assignatum
378 2370 533 2410 Pityuntem
543 2373 685 2401 duceretur
697 2397 704 2409 ,
718 2374 807 2403 locum
822 2376 939 2413 regionis

198 2416 350 2445 Tzanorum
365 2416 574 2447 desertissimum
585 2443 592 2455 ,
607 2420 641 2448 ad
656 2421 719 2449 litus
742 2422 845 2450 Pontici
858 2423 940 2451 maris

198 2469 288 2490 situm.

239 2508 340 2537 Milites
352 2516 439 2538 autem
450 2511 569 2539 Praefecti
585 2513 726 2548 Praetorio,
744 2513 788 2551 qui
802 2513 879 2542 illum
890 2513 940 2542 du-

200 2554 309 2590 cebant,
331 2556 357 2584 in
372 2557 415 2584 via
430 2556 518 2595 ipsum
533 2558 650 2586 maxime
663 2567 786 2597 urgentes
796 2582 803 2594 ‚
818 2560 943 2589 dicebant

203 2599 232 2627 id
246 2610 272 2629 se
284 2600 382 2630 babere
397 2601 423 2630 in
438 2602 588 2640 mandatis;
606 2603 641 2631 ita
658 2610 687 2632 ut
701 2604 904 2644 intelligeretur,
922 2606 943 2634 si

1666 187 1726 208 2tt

988 253 1042 275 tam
1057 246 1115 276 dire
1129 253 1242 276 vexatus
1257 246 1284 275 in
1297 246 1341 275 via
1356 253 1502 275 moreretur
1521 248 1646 284 Joannes,
1664 247 1724 275 illos

983 293 1018 321 ad
1039 293 1152 332 majores
1167 292 1267 331 gradus
1283 292 1435 321 evellendos
1453 303 1518 320 esse.
1541 294 1617 321 Unus
1636 299 1723 321 tamen

983 350 1017 368 ex
1031 340 1095 373 illis,
1111 340 1144 367 de
1159 339 1280 378 praesenti
1296 339 1391 367 militia
1409 339 1497 367 minus
1512 339 1641 367 sollicitus
1653 362 1659 373 ‚
1675 339 1727 367 ali-

983 397 1064 424 quam
1082 386 1122 414 illi
1146 386 1238 414 furtim
1257 386 1402 414 exhibebat
1422 385 1627 414 humanitatem.
1653 385 1727 414 Alter

983 439 1071 461 autem
1090 443 1173 470 usquc
1187 431 1251 460 adeo
1264 432 1339 460 ferox
1353 439 1376 460 et
1389 442 1466 470 asper
1478 438 1547 466 crat,
1569 438 1598 459 ut
1612 431 1725 459 blandi-

982 479 1043 513 tias,
1060 479 1134 517 queis
1149 490 1176 507 sc
1195 486 1360 507 occurrentes
1376 478 1485 516 quidam
1504 478 1681 517 precabantur
1696 484 1726 505 ut

983 532 1073 553 sancto
1088 531 1221 564 parceret,
1236 535 1282 563 pro
1295 525 1401 563 injuriis
1415 524 1537 557 haberet,
1555 524 1624 552 illud
1643 535 1724 553 unum

983 578 1105 609 satagens
1115 577 1141 598 ut
1152 570 1220 598 mala
1233 577 1318 598 morte
1326 571 1455 599 Joannem
1467 577 1578 599 necaret.
1591 571 1657 598 Cum
1667 570 1727 609 plu-

984 617 1026 645 via
1049 617 1191 645 vehemens
1205 616 1353 651 decideret,
1372 616 1399 644 id
1415 616 1484 644 nihil
1505 628 1599 644 curans
1615 617 1728 655 profici·-

984 663 1106 690 scebatur
1121 662 1180 695 illm
1204 663 1239 690 ita
1256 669 1285 690 ut
1299 662 1326 689 in
1342 662 1424 690 dorso
1442 669 1466 690 et
1486 662 1511 690 in
1527 669 1630 700 pectore
1645 674 1729 701 aqua-

984 719 1042 736 rum
1055 708 1106 736 rivi
1115 707 1294 736 decurrerent.
1305 709 1443 746 Ingentem
1457 719 1548 736 rursus
1559 709 1621 736 solis
1634 716 1729 737 testum

984 765 1032 793 pro
1049 754 1153 782 deliciis
1173 754 1289 782 habebat
1300 777 1306 789 ‚
1323 765 1383 781 cum
1400 761 1487 782 nosset
1510 755 1539 781 Β.
1554 754 1665 783 Joannis
1681 765 1729 782 ca-

984 807 1050 839 put,
1066 800 1158 828 Elisaei
1174 800 1256 828 instar
1272 800 1390 834 calvum,
1406 807 1470 828 aestu
1488 800 1590 828 vexari.
1614 801 1643 828 In
1662 802 1729 829 urbe

985 855 1031 876 aut
1051 847 1126 883 vico,
1149 847 1195 875 ubi
1211 847 1367 876 balneorum
1384 847 1508 875 solatium
1523 854 1607 882 esset,
1621 858 1653 875 ne
1668 858 1729 876 rno-

986 901 1073 922 mento
1094 893 1204 932 quidem
1225 893 1394 932 permittebat
1416 893 1511 922 infelix
1538 893 1583 922 itte
1600 895 1731 923 Joannem

986 940 1097 969 morari.

1027 987 1056 1015 ln
1076 986 1119 1016 his
1132 986 1258 1015 omnibus
1271 1009 1278 1022 ,
1298 986 1388 1024 inquit
1410 985 1550 1015 Palladius
1567 986 1615 1022 (id
1629 993 1679 1021 est,
1704 988 1730 1014 ni

986 1033 1075 1067 fallor,
1092 1033 1118 1061 in
1131 1032 1225 1061 itinere
1239 1032 1409 1066 Arabis-sum,
1426 1032 1471 1060 ubi
1485 1043 1531 1070 per
1542 1031 1653 1070 aliquod
1667 1039 1732 1060 tem-

987 1089 1036 1118 pus
1052 1079 1172 1115 mansit,
1197 1086 1223 1107 et
1242 1079 1269 1106 in
1297 1078 1390 1106 itincre
1413 1078 1541 1106 Arabisso
1561 1078 1733 1117 Pityunteni)

987 1135 1033 1163 per
1051 1132 1103 1153 tres
1124 1135 1228 1153 menses
1242 1125 1285 1152 vir
1307 1130 1428 1157 sanctus,
1449 1123 1642 1152 difficillimum
1663 1124 1733 1152 illud

988 1173 1037 1200 iter
1054 1182 1135 1210 agens
1146 1195 1153 1207 ,
1172 1171 1256 1200 veluti
1272 1170 1347 1199 sidus
1364 1181 1506 1208 coruscans
1526 1170 1671 1207 perstabat,
1689 1170 1731 1198 in-

988 1217 1046 1255 quit
1061 1217 1216 1252 Palladius,
1241 1217 1343 1245 habens
1365 1216 1552 1255 corpusculum
1573 1224 1602 1244 ut
1622 1227 1733 1255 pomum

987 1263 1014 1291 in
1032 1264 1164 1303 supremis
1181 1263 1262 1291 ramis
1277 1274 1290 1291 a
1303 1263 1358 1291 sole
1372 1263 1482 1290 rubens.
1499 1263 1567 1290 Cum
1582 1269 1669 1290 autem
1683 1263 1734 1291 Co-

987 1310 1073 1338 manis
1084 1310 1354 1349 appropinquassent,
1370 1308 1468 1347 raptim
1482 1309 1673 1347 praetergressi,
1688 1320 1733 1337 ex-

988 1363 1029 1384 tra
1050 1367 1140 1384 muros
1160 1356 1186 1384 in
1203 1355 1336 1394 martyrio
1351 1355 1469 1392 quinque
1484 1361 1530 1382 aut
1551 1365 1599 1383 sex
1613 1356 1734 1384 millibus

988 1402 1101 1431 distante
1125 1409 1289 1431 manserunt.
1310 1401 1413 1429 Eadem
1433 1401 1491 1440 ipsa
1516 1408 1591 1429 nocte
1607 1401 1735 1441 apparuit

988 1451 1084 1481 Joanni
1101 1451 1153 1478 loci
1173 1450 1246 1478 illius
1262 1456 1364 1488 martyr
1384 1449 1491 1477 nomine
1506 1449 1666 1485 Basiliscus,
1686 1450 1735 1485 qui

988 1497 1126 1536 episcopus
1139 1497 1319 1525 Comanorum
1333 1506 1393 1523 cum
1405 1502 1486 1528 esset,
1501 1495 1660 1534 martyrium
1675 1506 1736 1534 pas-

989 1554 1033 1572 sus
1044 1550 1082 1572 est
1093 1542 1255 1573 Nicomediae
1268 1542 1296 1569 in
1306 1541 1436 1581 Bithynia
1449 1541 1500 1569 sub
1510 1541 1670 1577 Maximino,
1684 1552 1736 1569 una

989 1600 1049 1618 cum
1073 1589 1209 1619 Luciano.
1232 1587 1392 1627 presbytero
1414 1587 1597 1621 Antioclieno;
1612 1587 1737 1626 dixitque

990 1635 1048 1667 illi,
1061 1648 1074 1662 «
1087 1635 1209 1671 confide,
1227 1635 1308 1662 frater
1325 1635 1458 1668 Joannes3
1476 1633 1590 1661 crastina
1605 1634 1674 1662 enim
1690 1634 1734 1662 die

989 1681 1068 1709 simul
1082 1681 1190 1709 erimus.
1204 1693 1218 1707 ι)
1233 1680 1382 1708 Nat-rabant
1397 1686 1502 1713 autem,
1524 1679 1634 1708 cuidam
1654 1680 1735 1708 etiam

988 1729 1144 1768 presbytero
1163 1727 1264 1755 ibidem
1279 1725 1397 1754 manenti
1415 1725 1575 1764 praedixisse
1589 1737 1594 1752 :
1608 1727 1674 1754 Para
1696 1726 1735 1754 lo-

987 1785 1047 1802 cum
1061 1774 1135 1802 fratri
1151 1773 1265 1807 Joanni3
1282 1772 1355 1800 venit
1369 1771 1449 1799 enim.

1026 1820 1144 1848 Oraculo
1169 1819 1254 1847 fidens
1274 1820 1409 1851 JoanneS,
1433 1818 1551 1855 sequenti
1572 1816 1615 1845 die
1635 1817 1733 1846 milites
1759 1825 1795 1845 Ji..
1817 1824 1888 1852 Chry<

986 1873 1108 1906 precatus
1121 1873 1158 1894 cst
1170 1888 1176 1901 ,
1194 1872 1222 1893 ut
1236 1864 1269 1893 ad
1284 1864 1377 1892 horam
1391 1863 1510 1902 quintam
1524 1874 1607 1900 usquc
1623 1863 1660 1891 ibi
1675 1874 1731 1902 per·
1742 1860 1852 1907 ἐῗιζῖζζζζ

987 1920 1132 1942 manerent.
1159 1912 1202 1941 Illi
1221 1922 1285 1939 vero
1300 1910 1367 1938 nihil
1384 1917 1503 1938 curantes
1523 1910 1634 1948 profecti
1651 1917 1730 1948 sunt,
1746 1926 1767 1938 m
1788 1919 1856 1936 l'untn

986 1968 1065 1998 atque
1077 1960 1111 1988 ad
1124 1959 1232 1997 triginta
1245 1956 1443 1985 circitcrstadia
1457 1963 1606 1995 pergentes,
1620 1956 1651 1984 ad
1665 1968 1735 1984 mar·
1748 1953 1850 1968 ¹¹¹¹''¹¹¹'¹‘'

987 2007 1090 2046 tyrium
1106 2005 1176 2033 unde
1187 2004 1364 2032 discesserant
1381 2001 1468 2030 redire
1480 2003 1561 2030 coacti
1575 2009 1646 2035 sunt,
1664 2003 1736 2040 quod
1748 2023 1760 2044 9

988 2053 1033 2081 itte
1056 2058 1196 2091 aegrotaret
1216 2063 1221 2078 ε
1246 2050 1343 2088 capitis
1368 2049 1438 2077 enim
1461 2048 1553 2076 dolore
1576 2048 1734 2086 laborabat,

988 2098 1059 2136 quod
1075 2098 1138 2126 solis
1154 2097 1243 2124 radios
1266 2096 1334 2123 ferre
1349 2105 1400 2122 nou
1416 2101 1513 2132 posset.
1532 2094 1577 2122 Sic
1597 2094 1679 2132 igitur
1694 2106 1738 2123 rc-

991 2154 1093 2176 versuS‚
1111 2141 1265 2181 splendidas
1278 2148 1377 2176 vestes,
1392 2140 1447 2168 vita
1460 2151 1507 2168 sua
1520 2140 1615 2179 dignas
1626 2163 1633 2175 ‚
1646 2142 1738 2178 requi-

991 2191 1044 2223 rit,
1069 2196 1221 2226 exutusque
1236 2187 1372 2227 prioribus
1387 2209 1394 2221 ,
1411 2186 1470 2214 illas
1487 2186 1574 2214 induit
1588 2209 1595 2220 ‚
1611 2188 1737 2215 omuibus

992 2235 1024 2263 ad
1044 2235 1219 2264 calceamenta
1241 2243 1326 2271 usque
1341 2232 1467 2265 mutatis,
1492 2239 1570 2270 atque
1585 2232 1650 2261 alias
1667 2244 1736 2271 prm-

992 2281 1111 2309 sentibus
1126 2280 1274 2308 distribuit.
1301 2278 1335 2306 Et
1351 2278 1447 2306 sumtis
1461 2277 1613 2305 Dominicis
1626 2279 1738 2316 symbo-

1772 1992 1858 2011 Sozmn.
1872 1992 1887 2012 l.

1785 2030 1802 2043 c.
1819 2022 1855 2043 25.

992 2329 1025 2356 lis
1034 2351 1040 2363 ,
1056 2338 1145 2356 coram
1158 2326 1327 2355 adstantibus
1340 2325 1463 2353 ultimam
1478 2325 1624 2352 orationem
1636 2325 1738 2352 emisit:

992 2382 1015 2402 et
1030 2385 1090 2402 cum
1111 2384 1159 2412 pro
1174 2383 1246 2401 more
1267 2383 1315 2400 suo
1329 2371 1452 2406 dixisset,
1469 2372 1573 2401 Gloria
1589 2372 1651 2400 Deo
1674 2383 1741 2409 pro-

991 2427 1055 2460 pter
1072 2423 1180 2451 ovinia,
1197 2426 1223 2447 et
1236 2419 1372 2452 ultimum,
1388 2417 1682 2455 Anzen,0t›signasset.
1696 2428 1742 2456 ap—

995 2467 1096 2506 positus
1109 2473 1147 2493 cst
1161 2465 1195 2493 ad
1208 2472 1295 2504 patres
1308 2475 1370 2492 suos
1383 2470 1407 2491 et
1424 2463 1456 2491 ad
1473 2463 1610 2491 Christum
1627 2464 1741 2491 transiit.

1036 2512 1111 2540 Obiit
1122 2518 1209 2540 autem
1228 2512 1262 2539 1-4
1275 2509 1440 2549 Septembris
1450 2532 1457 2545 ,
1467 2509 1585 2537 Honorio
1597 2510 1741 2548 septimum

997 2566 1022 2587 et
1042 2557 1196 2587 Theodosio
1212 2557 1308 2585 iterum
1326 2555 1489 2585 consulibus.
1506 2556 1596 2583 Tanta
1616 2562 1703 2583 autem
1718 2556 1742 2584 in
1754 2580 1811 2606 qum
1827 2585 1901 2597 ‹nu-w

999 2605 1134 2644 sepultura
1146 2604 1204 2643 ejus
1216 2602 1364 2632 multitudo
1378 2601 1529 2640 virginum,
1542 2600 1745 2635 monachornm,
1756 2610 1848 2629 chum-n
1878 2614 1898 2628 vt

1560 2641 1605 2668 14
1758 2641 1868 2667 virginum

1799 2515 1854 2535 Mira
1873 2516 1895 2534 ἰιι

1754 2547 1802 2576 ejus
1818 2554 1879 2566 exst·-
