1884 2922
265 146 335 182 366

264 231 288 249 c.
305 231 332 248 n.
347 220 420 250 Bona
433 230 512 259 opera
527 219 649 258 quaedam
667 219 694 247 in
711 218 788 247 nobis
811 221 1003 260 terminantur3

264 275 324 302 quie
338 274 402 292 vero
414 275 427 292 a
442 263 519 291 nobis
540 263 567 291 in
582 263 649 291 alios
668 269 805 290 transeunt
818 285 825 299 ,
841 264 1006 302 perfectiora.

265 315 323 337 Vll.
338 312 400 336 845.
417 307 474 335 Ubi
490 306 656 345 periclitatur
676 305 747 334 salus
763 307 900 344 proximi,
915 309 1006 337 statim

264 353 370 390 negotia
382 357 476 379 cuncta
489 349 662 387 relinquenda
676 356 753 384 sunt,
777 357 805 378 ut
816 350 873 388 ejus
891 352 1006 381 necessi—

265 396 312 423 tati
329 393 527 433 provideamus.
540 400 586 421 ΙΥ.
599 398 662 421 799.
678 404 700 421 n.
716 404 740 420 c.
751 393 813 421 Hzec
827 404 932 423 summa
944 395 1006 423 vitae

265 445 361 466 nostrae
375 443 424 474 est,
438 437 490 464 hoc
504 437 580 475 signo
593 437 801 465 internoscimur
810 447 842 465 an
858 438 1007 467 Christiani

264 485 359 511 simus.
378 489 423 510 lv.
439 486 501 510 800.
519 491 546 512 n.

306 525 446 554 Proximos
474 536 488 553 a
514 525 592 553 malis
612 525 754 564 prohibere
774 524 901 554 debemus
914 548 922 562 ‚
946 537 1007 555 cum

264 579 415 609 possumus.
433 576 478 597 1v.
496 573 560 597 389.
580 579 604 596 Β.
620 568 747 606 Alioquin
762 568 866 597 easdem
881 569 1006 599 dabimus

264 623 365 652 poenas.
383 613 428 640 ΙΙ).
446 611 567 640 Proximi
587 611 737 641 emendatio
759 612 885 641 curanda.
904 620 923 641 1.
939 618 1004 642 764.

265 667 330 695 sqq.
356 655 499 684 Proximus
519 655 703 693 corrigendus.
730 663 762 686 11.
787 661 831 684 30.
864 657 1006 693 Quomodo

265 701 393 728 correctio
406 701 519 728 fraterna
533 699 589 727 fieri
602 699 707 728 debeat.
731 707 777 729 XI.
805 705 867 728 151.
894 711 922 728 o.
940 706 1004 730 152.

264 754 327 772 cum
347 751 445 782 quanta
460 743 600 782 prudentia
615 751 640 771 et
656 743 713 771 zelo
725 749 752 771 et
770 743 940 772 discretione.
959 751 1003 772 tv.

266 793 331 817 334.
349 799 377 816 n.
395 789 505 816 Peccata
521 787 637 826 proximi
653 797 704 816 non
716 786 874 826 detegenda.
885 787 1007 817 Ib.Vitia

264 833 334 870 ejus,
348 831 451 860 etiamsi
468 841 529 859 vera
542 831 613 867 sint,
627 841 679 859 non
694 830 848 859 revelanda.
866 838 922 859 vn.
941 835 1005 860 512.

266 886 292 903 n.
310 887 337 904 c.
352 877 392 904 De
404 875 519 914 peccatis
529 875 646 914 proximi
659 885 710 903 non
726 874 886 914 evulgandis
901 875 1005 906 concio.

267 927 315 948 ΙΙΙ.
331 925 394 948 410.

306 962 428 991 Proximi
442 973 483 990 res
499 962 630 990 curiosius
645 962 779 1001 inquirere
799 972 878 1000 quam
896 962 1007 1001 pericu—

268 1009 367 1038 losum.
382 1015 427 1038 lv.
445 1013 511 1036 777.
526 1019 552 1037 A.

306 1055 464 1082 Proximus
476 1060 573 1082 noster
584 1055 649 1092 quis
658 1056 704 1083 sit,
726 1061 770 1083 VI.
782 1059 846 1083 922.
861 1065 889 1086 c.
903 1055 954 1085 col.
965 1060 1003 1083 2⁰.

270 1099 304 1127 V.
321 1099 447 1126 Fauen.

307 1142 502 1169 Pnunnxriam
523 1140 592 1179 parit
614 1140 711 1169 virtus.
729 1148 799 1170 Vllt.
815 1146 879 1170 283.
898 1152 925 1169 D.
941 1146 1004 1170 284.

268 1185 417 1214 Prudentia
440 1191 516 1212 aetate
532 1194 583 1212 non
599 1183 738 1212 metienda.
755 1191 775 1215 Ι,
802 1190 865 1213 464.
884 1195 906 1213 u.
934 1185 1008 1213 Pru-

266 1229 357 1258 dentia
368 1228 510 1268 serpentis,
528 1238 606 1265 quam
616 1228 699 1266 exigit
713 1229 894 1266 evangelium,
904 1236 942 1257 est
958 1236 1009 1258 tra-

267 1273 329 1301 dere
344 1273 444 1308 omnia,
459 1279 487 1300 ut
507 1271 573 1299 fides
595 1271 722 1299 salvetur.
736 1279 794 1301 ΠΙ.
812 1276 874 1300 428.
890 1282 916 1300 c.
942 1277 1006 1301 429.

267 1317 416 1346 Prudentia
431 1316 517 1345 carnis
533 1314 598 1353 quid
613 1315 658 1345 sit.
678 1322 724 1344 XI.
742 1321 786 1344 41.
800 1326 828 1346 D.
844 1315 1007 1345 Prudentia

269 1362 410 1398 quomodo
424 1360 600 1388 adhibenda.
614 1366 657 1388 Vl.
673 1364 736 1388 622.
751 1360 801 1389 col.
818 1365 860 1390 1η.

307 1406 487 1433 inrmnmi
504 1404 672 1431 Graecorum.
686 1411 743 1432 Vll.
762 1409 804 1432 14.
821 1415 844 1432 Β.

309 1450 453 1476 Psiimene
478 1454 580 1486 oportit
595 1458 656 1475 cuin
672 1447 858 1486 intelligentia.
889 1456 921 1477 V.
942 1455 1008 1482 157,

266 1503 293 1519 Β.
309 1492 382 1519 Licet
399 1492 479 1520 ctiam
494 1491 550 1519 sine
575 1501 638 1518 voce
654 1492 781 1529 psallere,
805 1492 826 1519 si
840 1503 913 1521 mens
930 1493 1003 1522 intus

267 1542 377 1563 resonet.
398 1542 430 1563 v.
451 1539 515 1562 159.
540 1546 566 1562 Α.
593 1535 725 1563 Psallere
748 1542 843 1564 mente
864 1540 1008 1575 quomodo

266 1589 428 1617 possumus.
446 1586 478 1606 v.
495 1583 559 1608 655.
575 1590 602 1607 A.

314 1625 484 1651 PSALMODIAE
499 1622 556 1657 vis,
587 1632 646 1659 quae
661 1622 731 1661 sopit
745 1624 913 1661 tyrannidem
930 1626 1009 1654 lasci-

269 1670 318 1697 viae
329 1691 338 1703 ,
355 1675 380 1696 ct
397 1674 510 1695 mentem
522 1667 665 1695 sublimem
678 1668 777 1696 evehit.
793 1676 825 1697 V.
838 1675 902 1699 460.
920 1683 943 1699 n.
961 1673 1010 1700 Per

269 1711 446 1751 psalmodiam
456 1722 500 1739 aer
511 1718 619 1739 sanctus
630 1711 758 1740 eflicitur.
777 1720 808 1741 lt.
823 1718 886 1743 857.
902 1726 927 1743 c.
944 1716 1007 1744 Post

268 1766 386 1784 mensam
412 1755 566 1793 psalmodiae
591 1755 705 1783 addatur
721 1756 817 1786 oratio.
838 1764 870 1786 v.
890 1763 952 1787 158.
978 1771 1006 1788 A,

269 1800 443 1828 Psalmodia
455 1805 498 1827 est
510 1800 652 1827 doctrina.
671 1806 702 1828 V.
720 1804 784 1828 746.
800 1811 824 1828 B.

309 1844 480 1871 Psamionmi
494 1843 594 1870 utilitas
609 1842 689 1870 simul
702 1850 726 1871 et
743 1844 875 1883 voluptas.
890 1852 922 1874 V.
941 1851 1004 1876 157.

269 1899 296 1916 A.
314 1887 387 1923 Quia
404 1885 525 1914 melodice
540 1885 683 1913 delectatio
698 1886 792 1914 animae
809 1895 902 1916 nostrae
918 1889 1009 1918 innata

267 1938 322 1967 est,
363 1940 394 1958 ne
418 1929 551 1957 daemones
584 1929 686 1957 lasciva
719 1930 823 1958 cantica
854 1931 1007 1962 inducentes

267 1981 359 2003 cuncta
376 1973 576 2006 subverterent,
593 1973 708 2011 psalmos
723 1974 795 2001 Deus
812 1976 945 2014 opposuit.
961 1979 1005 2007 Ib.

265 2019 327 2046 Non
341 2015 532 2057 pronuntiandi
545 2024 648 2044 tantum
663 2023 740 2051 sunt,
757 2018 801 2045 sed
817 2025 841 2046 et
856 2019 935 2048 factis
950 2031 1007 2049 me-

266 2061 381 2091 ditandi,
401 2068 432 2089 V.
454 2065 517 2089 164.
534 2072 560 2088 B.
583 2062 654 2096 Quot
669 2061 858 2090 affectionibus
870 2063 904 2092 ad
922 2065 1006 2094 Deum

268 2116 329 2134 cum
343 2105 507 2144 psalmorum
518 2105 631 2132 vocibus
641 2105 743 2132 emissis
752 2127 759 2140 ,
771 2112 808 2133 tot
820 2106 1007 2144 promissioni-

267 2149 319 2177 bus
331 2149 364 2176 ad
375 2159 435 2176 eum
447 2147 614 2185 diligendum
627 2147 754 2185 ligamur.
771 2155 803 2178 Y.
821 2154 883 2178 164.
900 2161 922 2178 s.
941 2156 1003 2179 165,

268 2194 350 2221 Prout
370 2191 442 2230 longi
458 2199 520 2219 suut
541 2199 586 2219 aut
608 2191 718 2227 breves,
737 2192 886 2221 socordiam
908 2195 1006 2224 mentis

268 2237 384 2265 excitant
396 2258 403 2271 ,
420 2242 465 2263 aut
478 2235 567 2263 levant
583 2235 713 2263 laborem.
731 2242 762 2264 V.
782 2242 845 2265 111.
864 2248 888 2265 n.

309 2279 407 2308 Psalmi
427 2289 518 2306 omnes
542 2279 656 2307 Davidis
677 2279 768 2315 suer03
788 2291 902 2317 quorum
918 2288 1005 2310 autcm

269 2323 375 2352 nomina
390 2333 444 2361 prae
465 2333 492 2350 se
506 2323 594 2350 serunt
606 2345 613 2358 ,
629 2322 657 2350 hi
682 2324 867 2352 tantummodo
886 2326 1006 2353 Psalmos

269 2378 284 2395 a
296 2365 385 2395 David
396 2365 571 2404 accipiebant.
590 2372 622 2393 Υ.
637 2370 700 2394 649.
715 2377 741 2394 D.

310 2409 431 2438 Psalmus
459 2420 522 2437 cum
542 2412 669 2444 cantico,
694 2410 751 2438 sive
776 2421 837 2439 cum
867 2411 981 2441 melodia
994 2435 1002 2447 ,

269 2457 572 2491 quare.v.155.156.i³.
582 2453 686 2491 sqq.V.
696 2455 841 2483 Montium
852 2460 915 2484 155.
928 2457 1004 2484 Psal-

269 2507 328 2525 mus
348 2497 514 2535 vespertinus
526 2504 551 2525 et
564 2497 685 2525 Psalmus
705 2498 860 2528 matutinus.
884 2506 915 2527 V.
942 2504 1003 2529 314.

268 2553 294 2569 A.
321 2551 342 2568 n.
360 2545 422 2569 515.
442 2540 564 2570 Psalmus
589 2541 633 2571 ille
650 2542 826 2581 vespertinus,
856 2544 1000 2579 Domine,

906 160 1009 183 INDEX

1037 160 1161 184 RERUM.

1061 223 1190 251 clamavi
1203 223 1244 251 ad
1259 230 1286 252 te
1298 244 1306 259 ,
1328 224 1433 251 etaudi
1451 234 1511 260 me,
1524 225 1644 263 quotidie
1666 225 1796 254 recitaba-

1059 272 1103 294 tur
1115 265 1274 300 Antiochize,
1289 276 1323 294 ex
1331 265 1438 295 decreto
1450 268 1568 296 Pau-um.
1581 276 1611 298 v.
1627 274 1689 298 514.
1707 280 1732 297 A.
1747 270 1797 297 Per

1059 315 1164 334 omnem
1186 313 1289 334 :etatem
1306 313 1435 345 perpetuo
1457 307 1601 336 canebatur
1615 331 1622 344 ,
1637 315 1663 337 et
1676 308 1795 347 ejusdem

1059 348 1140 377 verba
1154 349 1273 378 sciebant
1285 359 1351 388 pene
1371 359 1472 378 omnes.
1490 357 1521 378 v.
1545 355 1609 382 513.
1627 363 1652 380 c.
1670 353 1795 380 Psalmo-

1060 402 1119 420 rum
1131 392 1261 421 cantusin
1283 392 1411 421 ecclesiis.
1428 400 1487 422 ΧΙΙ.
1505 398 1570 423 493.
1587 405 1613 425 c.
1632 405 1659 424 D.
1676 396 1796 435 Populus

1058 435 1220 464 succinebat.
1246 443 1302 464 vu.
1322 440 1385 464 182.
1407 447 1435 464 o.
1456 437 1558 465 Psalmi
1577 439 1743 468 canebantur
1769 440 1796 468 in

1058 478 1199 508 funeribus
1222 478 1446 508 Christianorum.
1471 488 1504 511 11,
1529 486 1593 509 762.
1609 493 1635 511 n.
1654 483 1796 520 psalmus,

1061 523 1145 552 Dixit
1168 524 1326 557 Dominus,
1356 523 1437 552 variis
1460 524 1607 554 baeresibus
1630 526 1742 558 obstitit.
1762 535 1794 556 v.

1061 571 1126 596 298.
1142 577 1165 596 Β.

1100 612 1217 641 Psalmi
1231 611 1298 639 olim
1312 613 1342 639 in
1353 611 1440 640 libros
1452 613 1577 651 quinque
1590 614 1746 643 distributi.
1760 621 1792 643 v.

1061 661 1124 685 961.
1136 667 1163 684 A.
1177 656 1292 683 Psalmi
1306 666 1404 684 omnes
1417 666 1434 684 a
1444 656 1560 685 Davide
1571 658 1656 692 dicti,
1671 659 1724 686 sed
1736 669 1795 687 non

1061 710 1159 729 omnes
1173 699 1208 727 de
1223 711 1254 728 eo
1268 700 1435 738 loquuntur.
1451 706 1482 727 V.
1499 705 1564 730 694.
1583 702 1653 738 Quae
1662 702 1703 729 ad
1713 702 1798 730 Chri-

1060 751 1136 772 stum
1153 750 1179 772 et
1196 744 1334 782 dogmata
1351 744 1520 772 Christiana
1535 745 1798 784 institutionemque

1061 798 1171 816 morum
1180 789 1346 827 pertinent,
1369 789 1463 816 variis
1479 789 1510 815 in
1537 788 1607 817 Iocis
1631 791 1793 819 enuntiant.

1061 838 1094 859 V.
1111 836 1175 859 652.
1194 835 1259 859 653.
1285 831 1422 859 Psatmus
1443 838 1548 860 cxvllt
1576 834 1672 870 prima
1693 836 1792 873 cujus-

1060 885 1114 912 que
1129 874 1315 902 hebdomada>
1326 875 1372 902 die
1384 875 1568 906 cantabatur.
1583 883 1614 904 V.
1629 881 1693 907 849.
1709 888 1736 907 A.

1101 919 1281 947 PsALTfinxmi
1297 918 1507 947 instrumentum
1531 919 1557 947 in
1572 919 1653 949 choro
1668 921 1795 952 Davidis.

1063 969 1093 990 V.
1121 967 1184 990 649.
1211 962 1301 1000 Ipsius
1328 962 1439 1001 mystica
1466 969 1491 991 et
1520 964 1665 1002 anagogica
1688 965 1798 1003 signifi-

1063 1005 1140 1034 catio.
1160 1013 1190 1033 Υ.
1207 1010 1269 1033 601.
1282 1017 1306 1033 (;.
1326 1008 1347 1033 Α
1360 1016 1473 1044 superna
1485 1014 1558 1045 parte
1572 1007 1795 1038 movebatuer.

1102 1050 1370 1078 Psi-:unoarosroros
1387 1056 1505 1089 tempore
1519 1052 1701 1090 apostolorum
1716 1063 1799 1092 appa-

1062 1103 1120 1121 rere
1146 1103 1193 1120 cur
1212 1093 1359 1131 permiserit
1384 1094 1467 1121 Deus.
1493 1101 1526 1122 11.
1550 1100 1613 1124 594.
1638 1106 1663 1123 13.
1678 1096 1797 1130 Quinam

1063 1143 1156 1165 essent.
1190 1144 1223 1164 x.
1251 1141 1316 1164 726.
1345 1148 1370 1164 A.
1398 1136 1638 1176 pseudoapostolos
1669 1141 1799 1178 quosdam

1062 1180 1187 1209 diabolus
1201 1179 1347 1215 excitavit,
1367 1180 1428 1217 quia
1443 1189 1516 1209 erant
1538 1182 1648 1219 quidam
1674 1185 1795 1223 apostoli.

1066 1230 1090 1253 1.
1111 1228 1175 1252 926.
1192 1235 1217 1252 A.
1237 1224 1338 1252 Eorum
1354 1224 1470 1252 fallacia.
1489 1232 1534 1255 lv.
1550 1231 1613 1255 166.

1103 1269 1351 1296 Psnunocnnisros
1373 1268 1498 1297 diabolus
1512 1270 1656 1306 excitavit,
1670 1272 1734 1309 quia
1748 1283 1799 1301 ve-

1063 1322 1108 1340 rus
1120 1318 1176 1340 erat
1190 1311 1321 1340 Christus.
1337 1319 1356 1340 1.
1372 1317 1436 1340 926.
1449 1323 1477 1341 A.

1104 1357 1373 1384 Psssunopnopumffi
1398 1363 1515 1396 tempore
1537 1358 1739 1396 prophetarum.
1762 1369 1796 1390 11.

1064 1405 1128 1428 594.
1146 1411 1172 1428 B.
1185 1399 1225 1427 Ad
1246 1400 1444 1429 aemulationem
1460 1412 1552 1430 eorum
1565 1402 1711 1433 introducti
1724 1413 1800 1435 erant

1063 1454 1080 1472 a
1094 1443 1211 1472 diabolo.
1228 1450 1248 1473 1.
1266 1448 1330 1472 926.
1348 1458 1374 1475 Δ.
1394 1452 1439 1473 VI.
1459 1450 1521 1475 178.
1540 1456 1564 1474 Β.
1588 1447 1663 1481 Quid
1687 1456 1799 1487 praesta-

1063 1493 1131 1515 rent.
1148 1494 1194 1515 Π.
1213 1492 1256 1514 70.
1274 1498 1301 1515 ι).

1104 1530 1319 1558 Pseudoclzrisli
1331 1538 1358 1560 et
1379 1533 1634 1572 pseudoprophetae
1647 1536 1730 1564 multi
1745 1547 1800 1576 ap-

1061 1576 1204 1612 parebant
1235 1576 1394 1604 secundnm
1423 1578 1532 1606 (lictum
1558 1579 1726 1608 Salvatoris.
1751 1588 1796 1609 111.

1064 1623 1129 1647 979.
1155 1629 1182 1648 A.
1201 1619 1463 1658 Pseudoproplzetae
1477 1632 1497 1649 a
1510 1623 1610 1660 seipsis
1623 1624 1801 1660 prcedicave-

1064 1668 1144 1691 runt.
1163 1669 1206 1691 111.
1224 1668 1288 1693 979.

1104 1706 1260 1735 Psirmcos
1271 1707 1491 1737 docentliumana
1505 1719 1569 1738 voce
1580 1709 1666 1748 loqui.
1682 1718 1713 1740 v.
1731 1716 1796 1742 609.

1065 1757 1111 1780 tx.
1132 1755 1176 1779 91.
1192 1761 1221 1780 D.

1105 1795 1415 1824 Psommomnmncu.
1440 1796 1540 1835 Joseph
1561 1808 1576 1825 a
1598 1798 1736 1828 Pharaone
1749 1810 1799 1828 vo-

1065 1843 1137 1865 catus
1149 1838 1360 1877 ῙΓομ-Οομφινήχ
1370 1862 1377 1875 ,
1391 1839 1419 1867 id
1435 1846 1472 1868 est
1484 1862 1491 1875 ‚
1508 1841 1684 1870 occultorum
1703 1846 1800 1882 cogni-

1064 1887 1119 1910 107'.
1136 1889 1182 1910 lv.
1198 1887 1263 1910 701.
1281 1893 1307 1910 A.

1103 1927 1263 1954 From-:maai
1277 1937 1338 1955 cum
1350 1927 1461 1957 Seleuco
1476 1939 1572 1968 pugnae
1583 1940 1596 1958 a
1611 1931 1724 1960 Daniele
1735 1943 1802 1971 prae-

1061 1968 1150 1997 dieue.
1168 1977 1189 1997 1.
1208 1975 1315 1998 781.1›.

1102 2018 1285 2046 Pronfflffics
1302 2019 1496 2059 Philadelphus
1513 2021 1668 2061 Scripturas
1690 2023 1799 2053 Judaeo-

1061 2071 1120 2088 rum
1135 2062 1269 2090 accersitis
1283 2073 1296 2090 e
1311 2063 1404 2092 Judma
1420 2064 1485 2092 viris
1510 2065 1537 2093 in
1553 2066 1678 2094 Graecum
1694 2077 1800 2096 sermo-

1061 2115 1120 2132 nem
1136 2106 1328 2135 convertcndas
1343 2108 1467 2143 curavit,
1488 2115 1513 2136 et
1527 2119 1570 2137 eas
1586 2109 1611 2136 in
1628 2111 1728 2149 templo
1750 2112 1799 2140 Se-

1061 2148 1163 2187 rapidis
1174 2150 1303 2187 reposuit.
1321 2158 1341 2179 1.
1359 2156 1422 2179 726.
1445 2163 1469 2180 c.
1484 2152 1552 2180 Hinc
1578 2153 1676 2181 sactum
1697 2162 1735 2183 est
1747 2178 1754 2190 ,
1772 2163 1800 2184 ut

1060 2201 1150 2220 omnes
1165 2193 1211 2229 qui
1239 2193 1389 2222 inhabitant
1401 2195 1492 2223 orbem
1506 2217 1513 2229 ,
1541 2206 1574 2224 ex
1601 2196 1637 2224 eis
1655 2198 1799 2227 utilitatem

1061 2235 1235 2274 perciperent.
1263 2244 1307 2266 lv.
1326 2242 1370 2266 32.
1391 2249 1420 2266 A.
1437 2239 1501 2266 Erat
1528 2238 1572 2267 liic
1595 2240 1755 2270 Ptolemaeus
1771 2243 1797 2270 in

1059 2277 1137 2306 libris
1150 2279 1309 2317 colligendis
1319 2281 1466 2310 admodum
1479 2282 1631 2320 studiosus,
1647 2285 1800 2323 multosque

1060 2328 1086 2350 et
1102 2324 1191 2350 varios
1206 2334 1257 2351 uua
1272 2325 1422 2364 collegerat.
1439 2328 1481 2354 ΙΙΙ.

1100 2371 1324 2401 ΡυΒιιοΑΝοῐζῑΜ
1342 2373 1458 2403 conditio
1474 2375 1570 2413 qualis.
1591 2382 1622 2404 11.
1641 2381 1702 2406 344.
1720 2389 1748 2407 Ε.
1773 2390 1797 2407 A.

1059 2414 1206 2443 Publicano
1231 2416 1299 2444 nihil
1330 2418 1416 2456 pejus.
1446 2420 1489 2446 Ib.
1524 2420 1686 2449 Publicanus
1713 2421 1792 2451 homo

1058 2465 1209 2487 extremum
1224 2460 1348 2497 nequitiae
1365 2471 1456 2498 genus.
1484 2470 1503 2491 Ι.
1529 2467 1593 2492 606.
1611 2474 1637 2492 e.
1666 2472 1710 2494 111.
1729 2470 1794 2494 423.

1059 2513 1084 2530 c.
1098 2503 1214 2531 Furibus
1225 2503 1289 2542 ipsis
1299 2503 1403 2533 durior.
1422 2513 1465 2534 111.
1481 2511 1545 2536 5¹8.
1562 2518 1586 2535 c,
1601 2509 1796 2537 Publicanum

1059 2557 1142 2584 agore
1157 2553 1198 2576 est
1220 2548 1406 2578 idololatram
1422 2560 1452 2579 se
1467 2552 1604 2590 [withero.
1635 2559 1702 2581 ΠΗ.
1732 2558 1794 2582 850.
