1884 2922
261 149 329 190 344

260 223 352 261 gravia
366 222 491 260 quaedam
515 228 540 250 et
563 231 628 260 pene
647 219 814 248 incredibilia
830 217 961 246 faciebant
977 225 1005 246 ut

260 266 311 294 sibi
328 266 466 304 quidpiam
483 264 601 292 daretur.
618 270 651 291 X.
675 267 736 291 219.
751 272 778 290 c.
799 271 826 288 E.
850 260 1006 299 Pauper-um

262 309 365 338 invidia
380 320 439 346 erga
455 308 563 336 divites.
582 313 614 334 V.
626 311 690 334 610.
709 316 734 333 c.
752 304 795 332 Ex
809 303 926 331 divitum
942 314 1006 332 con-

262 359 354 391 spectu
371 352 455 389 magis
470 350 569 377 dolent.
585 355 628 377 IV.
642 353 706 376 817.
721 358 748 376 ι).
768 346 858 375 Invidi
877 353 904 374 ut
919 347 1005 386 pluri-

262 406 336 423 mum
349 401 420 423 sunt.
437 401 468 421 Χ.
483 397 546 421 684.
564 403 592 420 D.
607 392 741 430 Paupercs
753 391 808 420 veri
822 400 874 419 non
887 398 948 419 sunt
961 391 1006 429 qui

261 439 342 467 ditari
353 438 474 476 cupiunt.
490 444 534 467 Ix.
552 441 613 464 126.
629 447 655 464 D.
671 436 776 475 Pauper
791 445 842 463 non
857 441 893 463 est
906 434 952 472 qui
965 436 1005 463 ni-

262 483 301 510 hil
318 481 409 516 habet,
426 481 471 509 sed
482 481 528 518 qui
541 480 625 508 multa
641 481 731 518 cupit;
743 479 819 508 dives
835 489 885 507 non
900 485 941 507 est
959 479 1005 516 qui

263 525 346 553 multa
369 524 497 563 possidet,
517 523 563 551 sed
580 524 626 561 qui
649 523 723 551 nullo
737 530 803 561 eget.
828 530 875 553 XI.
898 527 962 551 241.
979 534 1005 550 r.

263 569 455 607 Pauperrimus
477 567 597 595 omnium
618 566 665 604 qui
688 566 771 594 multa
792 566 964 604 concupiscit.
983 573 1004 594 I.

263 617 328 640 891.
353 623 377 640 Β.
402 619 433 640 Χ.
455 616 518 640 247.
542 623 567 640 A.
592 612 724 649 Pauperes
746 611 796 649 ipsi
811 610 1006 648 eleemosynam

262 666 370 694 erogare
381 655 490 691 debent,
508 662 537 683 ut
551 662 672 694 possunt.
688 662 732 683 III.
748 660 788 683 10.
803 665 828 682 B.
849 654 1007 693 Pauperqui

263 700 450 738 pauperiorem
462 699 676 735 laedit‚divitem,
689 699 709 727 si
724 705 820 738 posset,
835 698 943 736 aggredi
956 709 1006 726 non

263 743 410 771 dubitaret.
429 750 474 772 XI.
497 748 562 771 729.
587 754 612 772 E.
634 743 784 782 Pauperum
803 742 857 771 vita
878 752 929 770 non
950 753 1007 781 per-

263 787 395 825 quirenda
417 787 443 815 in
466 787 631 826 eleemosyna
653 785 797 824 eroganda.
820 793 866 814 III.
893 790 955 814 307.
979 796 1003 813 c.

264 831 378 869 Pauperi
394 830 437 858 vel
451 830 652 869 improbissimo
670 829 887 868 impertiendum.
907 836 924 857 I.
939 834 1003 857 900.

264 875 397 913 Pauperes
408 881 516 912 quotam
531 881 633 913 partem
645 873 793 902 Antiochiae
805 873 932 901 facerent.
945 880 1004 901 VII.

265 923 330 947 741.
350 929 375 948 Β.

304 962 437 1000 Pauperes
448 961 545 1000 spiritu
560 961 681 999 quinam.
699 967 754 988 VII.
767 964 832 989 213.
848 971 877 988 n.
895 960 1001 998 Paupe-

266 1005 302 1033 ris
316 1005 462 1034 voluntarii
478 1004 634 1043 descriptio.
653 1011 710 1032 XII.
730 1009 794 1032 553.
805 1004 894 1038 c.Qui
909 1010 1002 1042 sponte

264 1059 393 1088 pauperes
408 1056 477 1082 sunt,
494 1048 592 1076 habent
611 1048 698 1076 omnia
713 1048 792 1076 bona.
816 1055 872 1076 XII.
892 1052 957 1078 256,
978 1059 1000 1075 n.

264 1093 373 1131 Pauper
389 1093 565 1131 philosophus
580 1102 664 1129 neque
677 1091 785 1120 diabolo
801 1091 1000 1130 expugnabilis.

264 1144 296 1165 II.
310 1141 355 1164 39.
371 1147 397 1163 Β.
409 1136 588 1174 Imperatipse
599 1135 911 1164 daeinon1b11s.v11.552.
923 1135 1003 1162 Parc—

262 1190 313 1218 per
326 1182 428 1218 spiritu
443 1187 482 1207 est
498 1179 615 1206 humilis
630 1179 725 1214 corde,
739 1179 771 1206 id
785 1185 837 1212 est,
849 1188 1003 1217 pauperem

263 1226 395 1261 spiritum
410 1224 507 1251 habet.
528 1229 572 1250 VI.
595 1226 659 1250 789.
679 1233 705 1250 A.
724 1223 800 1250 Licet
818 1225 854 1250 sit
870 1232 1002 1259 magnus,

265 1267 446 1295 modicumse
465 1266 602 1294 ostendii.
622 1272 665 1293 VI.
681 1270 746 1293 826.
763 1276 790 1293 A.

304 1311 467 1338 Paurfinrxs
482 1319 544 1337 vera
557 1318 626 1346 quae.
643 1315 700 1337 VII.
720 1313 780 1336 159.
798 1308 939 1336 B.Nulla1n
952 1309 1003 1337 lia-

264 1355 307 1383 bet
322 1353 526 1393 turpitudinem.
545 1359 603 1381 VII.
624 1357 686 1380 157.
708 1363 734 1381 Ε,
754 1352 938 1390 Paupertatem
953 1363 1003 1380 ex-

266 1398 393 1438 probrare
405 1397 552 1425 ridiculum
564 1402 610 1424 est.
625 1403 695 1424 VIII.
713 1400 776 1424 566.
798 1407 819 1424 t.
836 1397 920 1424 Nemo
938 1407 1003 1434 pro-

265 1442 340 1470 ximo
361 1440 504 1480 exprobret
524 1445 718 1478 paupertatem.
735 1446 781 1467 XI.
809 1443 872 1467 175.
890 1450 914 1467 F.
936 1439 1004 1467 Eam

266 1486 337 1525 parit
357 1485 464 1521 caritas,
486 1482 632 1521 quomodo.
657 1490 701 1511 Ix.
731 1487 790 1511 104.
813 1493 838 1511 c.
858 1484 1005 1522 Paupertas

266 1529 446 1569 quorumdam
460 1539 493 1557 ex
509 1527 625 1556 aliorum
640 1526 743 1555 divitiis
758 1527 853 1554 oritur.
872 1534 918 1555 Ix.
938 1533 1001 1556 108.

267 1585 296 1604 n.
314 1585 340 1602 E.
356 1573 508 1602 Necessaria
521 1578 569 1600 est.
586 1578 630 1599 IV.
644 1575 707 1598 861.
721 1582 745 1599 Λ.
759 1571 920 1609 Paupertate
933 1571 1005 1600 enim

267 1617 371 1646 sublata
381 1639 388 1653 ,
415 1616 476 1645 vitae
501 1615 582 1643 totius
606 1614 761 1642 constitutio
782 1614 928 1642 tolleretur.
954 1617 1000 1646 Il).

267 1662 414 1700 Paupertas
429 1666 497 1687 artes
511 1658 621 1687 invenit.
636 1663 682 1686 IV.
700 1663 765 1685 861.
780 1669 803 1686 13.
816 1658 929 1686 Nullum
945 1669 1005 1686 ma-

267 1705 324 1733 lum
339 1711 492 1744 paupertas,
512 1702 618 1731 nullum
639 1701 742 1730 bonum
763 1701 886 1736 divitiae;
905 1702 949 1730 sed
965 1713 1005 1731 res

267 1756 329 1777 sunt
343 1748 531 1777 indifferentes.
548 1754 580 1775 V.
597 1751 660 1775 245.
678 1757 705 1774 n.
721 1753 767 1774 XI.
784 1750 848 1773 603.
862 1757 887 1774 F..
906 1746 1003 1775 Mediae

267 1800 329 1821 sunt
341 1803 381 1821 res
393 1793 459 1829 istae,
470 1797 613 1830 paupertas
623 1797 648 1818 et
660 1789 775 1824 divitiae,
786 1789 885 1817 sanitas
899 1796 923 1818 et
938 1800 1006 1818 mor-

268 1837 329 1871 bus,
341 1837 396 1865 vita
412 1843 438 1865 et
450 1846 532 1870 mors,
545 1835 659 1863 servitus
673 1840 698 1862 et
713 1833 832 1862 libertas.
848 1839 966 1862 VI.173.
978 1846 1002 1864 ε.

267 1882 298 1909 In
317 1881 438 1919 praesenti
459 1880 514 1908 vita
526 1885 669 1918 paupertas
681 1888 711 1905 ac
728 1877 831 1906 divitiae
844 1877 912 1905 nihil
928 1878 1003 1906 aliud

269 1931 339 1958 sunt,
355 1934 433 1962 quam
455 1929 601 1962 personatae
626 1921 715 1950 larvae.
742 1928 762 1951 I.
789 1926 853 1949 896.
870 1923 1006 1950 Attentum

268 1979 409 2011 paupertas
422 1970 519 1999 laedere
532 1979 584 1998 non
597 1975 693 2008 potest.
707 1975 727 1998 l.
746 1973 812 1998 915.
826 1979 850 1996 c.
862 1973 927 1998 916.
955 1980 1007 1998 non

269 2021 363 2048 misera
379 2018 506 2048 conditio.
518 2025 538 2046 I.
556 2021 619 2045 954.
639 2022 718 2044 ΒΑΚ.
738 2020 801 2044 725.
818 2027 845 2044 A.
862 2017 1008 2056 Paupertas

270 2074 321 2092 non
353 2061 520 2091 formidanda
539 2084 546 2095 ,
573 2060 676 2089 divitiae
700 2070 751 2088 non
780 2060 944 2099 expetendae.
972 2069 1006 2092 X.

270 2112 335 2135 662.
350 2118 378 2135 n.
396 2105 565 2145 Paizpertatis
580 2104 658 2132 timor
670 2115 751 2142 quam
762 2104 857 2132 futilis.
882 2112 926 2135 XI.
942 2110 1006 2136 242.

270 2162 295 2181 c.
311 2153 456 2190 Paupertas
480 2160 532 2178 non
546 2148 616 2188 parit
638 2149 722 2176 otium
736 2171 743 2183 ,
760 2148 806 2176 sed
822 2148 922 2178 laboris
935 2160 1008 2178 amo·

270 2205 337 2223 rem.
364 2202 408 2223 XI.
427 2199 470 2224 16.
496 2195 556 2222 Non
582 2192 655 2221 obest
670 2192 705 2221 ad
720 2203 831 2231 regnum
846 2203 1007 2231 consequen-

270 2239 356 2275 dum3
389 2238 492 2267 divitiae
512 2247 565 2266 non
587 2243 699 2276 prosunt
731 2236 766 2264 ad
794 2236 940 2274 gehennam
962 2238 1008 2266 vi-

270 2282 386 2311 tandam.
406 2290 452 2311 XI.
477 2286 542 2311 241.
569 2292 595 2309 E.
623 2284 768 2320 Paupertas
792 2287 816 2308 et
830 2280 934 2309 divitiae
948 2287 1010 2309 suut

270 2337 344 2354 arma
356 2325 389 2354 ad
400 2328 527 2354 virtutem
542 2324 659 2360 ferentia,
677 2325 779 2353 sirecte
794 2324 826 2352 iis
839 2331 955 2356 utamur,
973 2332 1004 2354 II.

273 2375 336 2400 184.
354 2381 379 2399 c.
404 2369 435 2398 Id
448 2369 576 2408 probatur
591 2368 714 2407 exemplo
729 2368 800 2397 Jobi.
819 2369 864 2396 ΙΙ).
888 2380 915 2397 n.
935 2369 1008 2397 Pau-

272 2421 359 2452 pertas
381 2413 565 2442 beatissimum
595 2413 680 2441 facere
708 2419 804 2451 potest.
833 2420 880 2441 XI.
898 2417 960 2441 239.
982 2425 1007 2442 B.

272 2460 392 2495 Angusta
408 2457 451 2486 via
464 2464 543 2485 est.1.
562 2461 626 2485 978.
645 2467 669 2483 Β.

312 2500 478 2539 Paupertatis
490 2499 568 2528 bona.
583 2507 640 2528 VII.
654 2504 718 2529 953.
732 2511 758 2528 n.
775 2507 818 2528 XI.
833 2504 897 2528 835.
909 2511 936 2528 A.
949 2507 1006 2529 xil.

274 2549 338 2572 252.
355 2555 380 2572 c.
398 2544 534 2578 Quantum
557 2543 658 2572 bonum
673 2543 717 2572 sit.
738 2551 755 2571 I.
770 2548 834 2571 860.
852 2554 878 2572 e.
899 2544 1009 2573 Lauda-

900 157 1002 179 INDEX
1032 157 1158 178 RERUM.

1060 225 1113 246 tur.
1134 223 1190 246 VII.
1208 221 1256 245 79.
1271 226 1297 244 c.
1311 220 1376 245 953.
1398 225 1422 242 Β.
1442 222 1511 244 ΠΗ.
1528 220 1593 244 515.
1610 226 1636 245 c,
1656 217 1800 255 Paupertas

1059 260 1272 289 additamentum
1288 259 1365 287 nohis
1388 259 1438 286 erit
1458 258 1617 287 deliciarum
1643 267 1668 288 et
1690 260 1798 298 quietis.

1063 311 1134 332 VIII.
1155 308 1219 332 522.
1238 314 1263 332 Ε.
1282 302 1437 341 praesidium
1458 302 1602 330 munitum.
1628 310 1671 331 IX.
1689 308 1751 331 126.
1770 314 1798 331 Ι).

1060 357 1157 385 magna
1180 348 1309 386 possessio
1326 346 1459 384 sapienter
1483 345 1566 383 ipsam
1587 346 1740 376 ferentibus.
1766 355 1797 375 II.

1062 396 1107 419 39.
1126 402 1152 419 A.
1165 390 1306 418 thesaurus
1319 389 1365 427 qui
1386 388 1481 425 nequit
1498 388 1607 423 auferri,
1622 389 1734 418 baculus
1751 391 1801 418 sir-

1061 435 1209 463 missimus.
1224 435 1268 461 II1.
1284 433 1407 461 validum
1422 432 1515 469 telum,
1531 433 1740 471 inexpugnabile
1755 434 1801 462 lia-

1059 478 1228 514 bitaculum,
1250 476 1333 505 turris
1353 477 1517 504 inconcussa.
1541 483 1572 504 II.
1596 480 1642 504 40.
1668 488 1691 505 n.
1713 484 1802 506 tutum

1061 523 1182 562 asylum,
1199 528 1325 561 perpetua
1349 520 1491 555 securitas,
1511 527 1604 558 portus
1628 522 1799 559 tranquillus.

1062 573 1108 595 III.
1126 570 1191 594 484.
1210 576 1235 593 E.
1253 566 1394 593 Innumcra
1417 563 1479 591 vitae
1496 563 1566 591 hona
1595 563 1674 592 insert
1694 572 1800 593 nostrze.

1062 616 1095 637 II.
1112 614 1174 637 184.
1192 619 1219 637 c.
1233 608 1346 636 Divitiis
1357 607 1450 635 utilior
1463 613 1510 635 est.
1526 614 1558 635 II.
1569 612 1615 637 70.
1627 618 1651 637 n.
1667 608 1703 635 ad
1714 609 1799 636 virtu«

1063 660 1114 680 tem
1125 652 1222 691 aptior.
1232 659 1265 682 V.
1282 656 1346 680 127.
1359 662 1384 679 c.
1399 651 1466 679 etad
1481 650 1604 689 pietatem
1616 652 1800 690 opportunior.

1063 708 1096 728 II.
1115 705 1179 728 283.
1196 711 1222 729 E.
1237 707 1283 729 III.
1301 703 1363 727 307.
1384 698 1481 726 Melior
1502 705 1538 726 est
1562 698 1736 727 abundantia.
1754 707 1800 729 111.

1062 749 1124 773 226.
1138 755 1164 772 A.
1182 746 1295 772 Carnem
1307 750 1331 771 et
1345 742 1460 771 animam
1477 742 1595 780 corrigit.
1612 749 1644 771 V.
1659 747 1704 772 30.
1726 754 1801 773 secu-

1061 788 1166 816 ritatem
1182 795 1207 816 et
1220 788 1371 816 libertatem
1392 786 1472 825 parit.
1492 793 1525 815 X.
1545 791 1607 814 418.
1621 797 1648 814 r..
1666 788 1752 815 Mater
1765 795 1803 816 cst

1061 832 1249 871 philosophiae.
1268 838 1299 859 V.
1315 836 1359 859 29.
1380 841 1403 858 13.
1422 830 1548 869 Optanda
1564 837 1613 859 est.
1631 837 1664 859 V.
1683 835 1748 859 320.

1102 877 1250 914 Paupertas
1261 885 1313 903 non
1326 881 1363 903 est
1375 884 1423 913 per
1437 884 1464 901 se
1474 874 1554 909 hona,
1572 873 1619 902 scd
1634 885 1667 902 ex
1679 885 1738 903 usu.
1754 882 1800 904 III.

1062 925 1128 948 411.
1142 930 1169 947 Ε.
1182 919 1270 947 Invita
1283 917 1430 946 insanabile
1442 917 1552 945 malum.
1562 925 1582 948 I,
1594 922 1655 946 484.
1666 928 1693 948 c.
1705 918 1803 947 Gravis

1056 963 1161 992 estsine
1177 961 1356 1002 philosophia.
1374 968 1394 988 I.
1415 965 1479 988 822.
1494 971 1519 989 e.
1540 971 1568 989 n.
1588 961 1619 988 In
1634 961 1721 990 medio
1729 961 1803 990 divi-

1056 1015 1112 1036 tuni
1124 1006 1268 1035 molestior.
1286 1012 1307 1033 I.
1322 1009 1386 1032 883.
1406 1015 1432 1034 Β,
1450 1014 1475 1031 c.
1493 1004 1677 1033 Involuntaria
1690 1006 1801 1033 fornace

1060 1058 1084 1079 et
1098 1051 1161 1079 feris
1174 1050 1291 1088 gravior.
1308 1055 1367 1077 VII.
1382 1053 1482 1076 878.1³.
1498 1047 1561 1077 Viri
1573 1048 1616 1076 vel
1630 1049 1804 1087 generosissi-

1057 1095 1093 1122 mi
1105 1095 1224 1122 animum
1237 1098 1324 1131 potest
1343 1091 1465 1130 dejicere.
1483 1099 1503 1119 1.
1521 1096 1585 1120 485.
1603 1103 1627 1120 Α.
1639 1093 1696 1121 Non
1705 1093 1803 1121 damno

1057 1145 1094 1166 est
1107 1138 1130 1165 ei
1143 1138 1190 1176 qui
1201 1137 1309 1165 divitias
1326 1136 1397 1163 intus
1414 1135 1492 1163 habet
1511 1136 1649 1174 repositas.
1672 1144 1716 1165 IV.
1735 1141 1799 1165 844.

1058 1182 1147 1210 »Non
1155 1186 1263 1209 excusat
1273 1179 1306 1207 ab
1318 1179 1425 1207 ecclesia
1435 1179 1636 1216 frequentanda.
1644 1185 1787 1209 Ν.846.ς.

1057 1226 1115 1253 Non
1131 1234 1233 1263 semper
1245 1229 1353 1251 excusat
1368 1223 1402 1250 ab
1412 1222 1578 1262 eleemosyna
1593 1224 1788 1262 eroganda.IV.

1059 1274 1124 1298 754.
1139 1270 1223 1297 A.Per
1231 1277 1288 1295 eam
1297 1267 1465 1306 eleemosyna
1473 1268 1558 1305 magis
1569 1268 1687 1306 effulget.
1700 1272 1798 1296 II.283.

1058 1324 1086 1341 A.
1095 1313 1239 1351 Paupertas
1250 1321 1301 1338 nou
1312 1317 1350 1339 est
1361 1311 1480 1349 graviter
1492 1311 1606 1345 ferenda,
1616 1316 1697 1339 V.90.
1710 1322 1737 1340 ε.
1751 1311 1797 1340 sed

1057 1367 1116 1385 cum
1133 1355 1280 1395 gratiarum
1293 1354 1407 1382 actione.
1423 1361 1482 1382 VII.
1497 1359 1542 1384 81.
1561 1366 1586 1384 A.
1604 1355 1632 1383 Si
1645 1355 1671 1383 in
1684 1366 1802 1394 pauper-

1058 1407 1139 1429 tatem
1153 1399 1222 1438 lapsi
1246 1398 1346 1437 gratias
1372 1405 1470 1436 agant,
1491 1398 1599 1427 vincula
1623 1399 1764 1427 solvuntur
1777 1406 1803 1428 et

1058 1445 1165 1473 flamma
1188 1442 1380 1481 exstinguitur.
1408 1443 1454 1471 Ib.
1483 1442 1629 1480 Paupertas
1651 1442 1754 1471 Christi
1775 1442 1802 1471 in

1059 1488 1213 1527 exemplum
1229 1486 1369 1515 sumenda.
1396 1492 1443 1514 IX.
1465 1489 1532 1514 767.
1559 1497 1584 1515 x.
1609 1497 1632 1514 Β.
1656 1486 1803 1525 Paupertas

1057 1531 1219 1561 Christianis
1231 1530 1347 1570 gloriosa
1360 1536 1408 1558 est.
1428 1537 1460 1558 X.
1481 1534 1547 1557 864.
1565 1540 1590 1557 1³.

1097 1577 1159 1604 PAx
1177 1575 1230 1603 alia
1245 1574 1374 1603 excelsior
1393 1581 1432 1602 est
1449 1584 1513 1613 pace
1537 1573 1670 1602 sensibili.
1684 1581 1717 1602 V.
1735 1579 1800 1603 422.

1058 1631 1087 1648 n.
1103 1621 1161 1648 Pax
1173 1629 1235 1648 vera
1249 1627 1372 1656 quaenam
1388 1617 1432 1646 sit.
1450 1624 1509 1646 VII.
1534 1622 1595 1647 448.
1616 1624 1663 1647 XI.
1683 1622 1749 1647 659.
1775 1630 1799 1648 n.

1059 1664 1115 1692 Pax
1141 1673 1202 1692 vera
1227 1672 1242 1690 a
1271 1663 1326 1690 Deo
1349 1668 1397 1690 est.
1422 1668 1456 1690 x.
1482 1666 1509 1691 6.
1538 1661 1595 1689 Pax
1616 1661 1666 1689 Dei
1689 1669 1728 1690 est
1752 1673 1803 1696 ea,

1059 1717 1116 1745 quae
1137 1713 1174 1735 est
1201 1706 1276 1734 firma
1302 1712 1326 1734 et
1351 1705 1465 1734 stabilis.
1490 1711 1535 1733 XI.
1561 1709 1624 1733 442.
1645 1716 1669 1733 Β.
1698 1707 1755 1734 Pax
1776 1706 1803 1734 in

1058 1758 1155 1779 terram
1175 1761 1221 1789 per
1231 1749 1371 1778 Christum
1386 1749 1474 1777 allata.
1490 1755 1523 1777 V.
1540 1753 1602 1777 222.
1623 1759 1648 1777 B.
1666 1749 1704 1777 Ea
1719 1760 1801 1787 quam

1059 1794 1186 1823 Christus
1207 1794 1316 1822 veniens
1330 1794 1442 1831 largitus
1465 1799 1515 1829 est,
1537 1799 1563 1821 et
1586 1793 1687 1822 Paulus
1706 1804 1802 1832 preca-

1064 1844 1108 1866 tus
1131 1845 1169 1866 est
1192 1837 1328 1873 fidelibus,
1346 1847 1480 1875 quaenam.
1498 1843 1530 1865 V.
1555 1841 1600 1865 30.
1619 1847 1646 1866 Ε.
1675 1837 1730 1873 Qui
1745 1848 1805 1866 eam

1064 1882 1154 1916 habet,
1165 1882 1298 1910 neminem
1308 1881 1467 1917 extimescit,
1483 1891 1515 1908 ne
1526 1880 1666 1909 diabolum
1681 1880 1802 1918 quidem.

1064 1927 1108 1954 ΙΙ).
1125 1937 1151 1955 A.
1167 1927 1234 1954 Pace
1248 1926 1374 1954 fruuntur
1385 1925 1431 1963 qui
1445 1932 1506 1953 sunt
1520 1926 1576 1953 Deo
1584 1924 1698 1953 addicti.
1710 1932 1743 1953 V.
1755 1930 1801 1953 30.

1061 1981 1086 1999 c.
1113 1970 1188 1998 Nihil
1201 1981 1275 2008 aeque
1289 1969 1354 1998 solet
1371 1980 1462 2008 pacem
1483 1979 1575 2008 parere
1597 1977 1676 2006 atque
1690 1969 1802 1997 virtutis

1062 2016 1201 2054 possessio.
1218 2017 1262 2043 lb.
1280 2016 1337 2043 Pax
1349 2022 1387 2043 est
1400 2015 1446 2042 ubi
1460 2015 1556 2045 caritas
1568 2021 1616 2042 est.
1634 2021 1679 2042 XI.
1692 2018 1757 2042 213.
1775 2025 1802 2041 F.

1061 2060 1139 2087 Tunc
1156 2059 1201 2087 illa
1217 2059 1345 2097 obtingit,
1365 2058 1473 2097 quando
1495 2058 1634 2086 Christum
1654 2057 1803 2085 imitamur.

1063 2110 1109 2133 XI.
1133 2108 1198 2132 844.
1215 2103 1289 2132 Fieri
1304 2112 1356 2130 non
1369 2109 1455 2140 potest
1476 2107 1504 2129 ut
1524 2101 1558 2129 sit
1574 2111 1636 2139 pax,
1651 2100 1701 2128 nisi
1715 2100 1805 2129 virtus

1066 2154 1232 2176 exerceatur.
1250 2154 1295 2175 XI.
1312 2151 1357 2174 83.
1372 2157 1398 2174 A.
1416 2145 1445 2174 Si
1457 2155 1518 2174 cum
1532 2144 1640 2172 diabolo
1649 2144 1750 2173 bellum
1762 2155 1807 2183 ge-

1062 2193 1164 2228 rimus,
1189 2203 1281 2232 pacem
1303 2203 1365 2220 eum
1383 2192 1438 2220 Deo
1462 2191 1599 2219 habemus.
1618 2197 1663 2219 XI.
1689 2195 1753 2219 206.
1778 2203 1804 2219 A.

1063 2237 1138 2266 Pacis
1161 2236 1282 2265 studium
1309 2236 1484 2264 necessarium
1506 2234 1541 2263 ad
1562 2241 1631 2262 recte
1655 2235 1808 2263 communi-

1063 2279 1189 2309 candum.
1207 2288 1239 2309 ΙΙ.
1255 2285 1320 2310 466.
1338 2291 1363 2308 o.
1380 2290 1440 2308 nam
1456 2285 1564 2318 propter
1577 2289 1669 2318 pacem
1682 2289 1744 2307 cum
1756 2279 1807 2307 fra-

1063 2325 1148 2353 tribus
1174 2324 1225 2353 hoc
1246 2324 1408 2353 sacrificium
1431 2324 1529 2352 factum
1553 2329 1601 2351 est.
1623 2324 1668 2351 lb.
1694 2334 1717 2350 Β.
1742 2323 1806 2351 Sine

1063 2379 1126 2408 pace
1137 2368 1216 2397 miser
1226 2375 1264 2397 est
1277 2369 1366 2397 homo.
1381 2375 1414 2397 V.
1432 2373 1478 2397 30.
1495 2378 1521 2396 e.
1540 2367 1587 2395 Est
1603 2367 1675 2395 euim
1689 2366 1746 2395 haec
1759 2377 1807 2395 nu-

1062 2413 1117 2441 trix
1138 2423 1168 2441 ac
1187 2420 1272 2441 mater
1286 2419 1383 2447 nostra,
1399 2423 1457 2450 quae.
1474 2412 1557 2440 multo
1579 2421 1640 2439 cum
1662 2410 1752 2439 studio
1775 2421 1806 2439 ac

1063 2456 1204 2495 diligentia
1219 2467 1266 2485 nos
1282 2457 1364 2485 fovet.
1378 2463 1397 2484 1.
1411 2460 1476 2484 750.

1103 2501 1160 2529 Pax
1172 2500 1253 2529 datur
1269 2501 1296 2529 in
1307 2500 1415 2529 ecclesia
1430 2500 1464 2528 ab
1479 2509 1509 2527 eo
1522 2498 1567 2536 qui
1584 2497 1721 2537 praesidet.
1740 2505 1804 2526 VII.

1068 2549 1126 2575 421.
1143 2556 1166 2572 A.
1183 2545 1259 2573 Pacis
1274 2545 1300 2573 in
1318 2544 1425 2573 ccclesia
1443 2542 1562 2572 dicenda*
1581 2543 1657 2571 ritus.
1670 2549 1726 2570 VII.
1739 2546 1803 2571 422.
