1884 2922
209 179 276 222 [0⁰2

211 251 323 279 rombus
335 250 464 290 depictis,
476 258 501 279 et
520 250 659 289 aspidibus
674 261 732 288 quae
747 251 835 279 aim-is
860 253 947 280 oculis

210 297 344 323 instructae
358 302 442 324 erant.
462 302 507 323 111.
534 299 597 323 349.
618 305 644 322 Ε.
669 295 763 323 Luxus
785 302 900 332 quantus
921 296 947 323 in

209 339 328 367 vestibus
343 346 461 377 tempore
475 337 672 376 Chrysostomi.
692 345 736 366 tv.
756 343 818 366 179.
835 349 860 366 Ε.
882 349 907 367 Α.
924 349 947 367 Β.

212 389 244 411 V.
261 387 324 410 627.
343 393 369 410 D.
385 383 444 411 Jam
463 391 540 408 usum
560 380 629 408 lauze
652 391 762 420 prorsus
784 392 859 410 nosse
875 382 947 410 nole-

210 426 273 454 bant
288 423 570 463 Constantinopolitani
580 446 588 458 ,
602 424 647 452 sed
658 425 741 453 serico
754 425 947 461 vestiebantur,

211 471 288 497 etiam
311 479 407 497 aurum
436 468 555 496 vestibus
577 468 742 499 intexebant.
766 476 811 497 IV.
840 474 904 497 179.
922 480 946 496 Β.

211 514 304 541 Vestes
311 523 409 549 aurete,
419 512 492 540 aurci
504 512 606 549 cinguli
619 519 644 540 ct
656 512 737 541 calcei
751 512 947 551 reprehendun-

211 564 263 584 tur.
280 563 311 585 V.
331 561 395 585 627.
413 567 439 584 n.
457 556 600 591 Quomodo
614 563 700 584 vestes
722 556 846 596 pelliceas
860 558 947 595 primo

209 600 311 638 parenti
327 607 352 628 et
367 599 445 627 uxori
472 600 529 637 ejus
557 599 648 627 fecerit
663 600 744 628 Deus.
771 607 817 628 IV.
834 605 897 630 179.
916 610 942 628 n.

211 644 300 672 Vestis
316 644 422 672 Domini
438 642 552 682 desuper
566 650 702 678 contexta,
716 643 859 681 quomodo.
875 650 944 674 VIII.

211 692 272 715 575.
297 699 320 715 n.
338 699 360 717 c.
379 699 406 718 n,
424 687 548 716 Vestium
569 687 636 715 ritus
656 687 683 715 in
706 687 855 715 Pataestina.
874 694 943 715 VIII.

210 735 274 759 575.
289 743 315 761 c.

249 776 358 804 Vestem
372 774 519 813 nuptialem
534 773 646 811 quinam
660 774 783 802 habeant.
805 781 860 805 VII.
879 780 945 804 769.

211 829 238 846 n.
254 828 280 846 Ε.

219 889 225 893 .
251 864 407 891 mema
433 861 549 890 ecclesia:
570 862 761 891 osculabantur
787 863 945 899 Christiani,

210 906 306 945 partim
334 906 461 934 inclinato
485 906 583 945 capite,
602 905 700 944 partim
722 917 802 935 manu
830 913 946 935 tenentes

210 960 322 988 eamque
337 950 376 979 ori
393 949 572 978 admoventes.
587 957 620 979 x.
636 955 700 978 773.
716 961 744 979 n.
763 961 790 980 Ε.

245 996 361 1023 VETEui
379 1001 459 1033 typus
474 1000 548 1022 erant
559 1000 583 1022 et
595 994 690 1032 ligura.
708 1001 740 1022 V.
755 999 819 1023 379.
834 1005 861 1022 Ε.
882 995 946 1023 Fide

209 1048 276 1076 opus
290 1037 431 1065 habebant.
452 1045 497 1067 VI.
518 1042 562 1066 92.
578 1038 652 1073 Quid
673 1037 837 1066 discriminis
859 1045 947 1067 vetera

209 1083 276 1110 iuter
291 1088 315 1109 ct
327 1091 407 1109 nova.
427 1088 495 1109 VIII.
521 1086 566 1110 92.
590 1092 616 1109 Ε.
632 1083 731 1111 Vetera
747 1088 851 1110 tantum
864 1081 946 1110 dista-

209 1125 272 1153 bant
283 1125 316 1153 ab
328 1124 359 1152 iis
371 1125 416 1162 qui
434 1124 459 1152 in
474 1135 542 1153 nova
558 1125 614 1162 lege
627 1132 838 1162 sunt‚quantum
852 1126 946 1154 caelum

210 1182 223 1196 a
244 1177 323 1199 terra.
343 1176 386 1197 VI.
413 1173 457 1197 92.
480 1180 505 1196 c.
523 1168 645 1197 Haeretici
662 1178 713 1196 non
727 1169 866 1207 proferunt
880 1180 947 1199 nova

209 1220 233 1241 et
256 1220 362 1249 vetera,
386 1212 531 1251 quomodo.
561 1219 618 1241 VII.
646 1216 709 1240 551.
734 1223 763 1242 D.
788 1218 851 1242 552.
876 1214 948 1242 Vzde

211 1258 436 1286 TesTAIuENTUM.

249 1302 379 1330 meuzs
388 1311 557 1339 summopere
571 1299 700 1329 laudandi
713 1323 720 1337 ,
733 1301 779 1340 qui
795 1301 843 1330 soli
859 1301 944 1330 virtu-

210 1351 262 1373 tem
275 1351 447 1373 sectarentur.
462 1352 493 1373 V.
510 1349 572 1373 141.
586 1355 610 1372 B.
626 1355 653 1373 c.

251 1391 378 1418 Varum
393 1388 607 1428 praestigiatrices
617 1388 744 1418 vitandae.
770 1396 803 1418 11.
826 1394 890 1418 287.
918 1401 945 1418 A.

249 1435 405 1462 VEXILLUM
421 1433 620 1472 imperatorium
632 1456 639 1469 ‚
654 1432 777 1462 labarum
791 1433 947 1463 vocabatur.

212 1484 256 1505 xl.
270 1482 335 1505 651.
350 1488 374 1505 Ε.
389 1476 561 1515 Comparatio
576 1487 609 1504 ex
624 1487 654 1505 eo
669 1484 766 1505 sumta.
784 1479 828 1506 ΙΙ).

248 1522 319 1550 Vm:
333 1520 470 1559 lapidibus
486 1527 584 1548 stratae.
602 1528 622 1549 1.
647 1526 711 1551 233.
730 1533 755 1549 Α.
779 1523 861 1551 Juxta
876 1521 947 1550 viam

209 1564 361 1592 habitacula
376 1571 400 1592 et
422 1563 571 1592 diversoria
587 1571 661 1592 erant
679 1564 753 1592 mille
768 1565 890 1603 passibus
912 1565 948 1593 ab

209 1607 323 1636 invicem
338 1607 474 1636 distantia.
491 1614 510 1635 1.
522 1612 586 1636 232.
602 1618 628 1636 D.
642 1608 702 1636 Viae
715 1609 828 1637 urbibus
839 1616 864 1637 et
875 1609 948 1637 villis

210 1651 392 1689 frequentibus
418 1658 516 1679 ornata.¹
537 1658 620 1680 eraut.
641 1659 660 1680 1.
679 1656 743 1680 232.
767 1663 792 1681 c.
823 1663 850 1681 n.
880 1657 944 1682 233.

211 1694 270 1722 Viri
285 1695 403 1734 corporis
418 1694 602 1732 magnitudine
617 1702 641 1722 et
656 1695 751 1723 robore
768 1697 869 1724 cunctis
879 1707 948 1734 prze-

211 1738 350 1771 cellentes,
364 1739 442 1777 juxta
462 1739 517 1767 rias
540 1738 663 1767 custodes
685 1741 821 1768 constituti
839 1762 845 1775 ,
860 1741 948 1768 muni-

210 1792 269 1810 men
283 1782 432 1810 viatoribus
446 1782 603 1821 praebentes.
616 1790 636 1811 I.
651 1787 715 1812 232.
739 1794 768 1812 n.
787 1795 814 1812 Ε.
829 1785 888 1813 Non
910 1784 948 1813 sic

210 1826 357 1854 erantolim
372 1826 434 1855 vice.
449 1833 469 1855 I.
485 1831 550 1855 232.
568 1837 593 1855 c.
607 1837 634 1854 Ε.
651 1831 716 1855 233.

250 1874 302 1903 Via
331 1881 370 1903 est
393 1875 449 1903 vita
479 1885 593 1913 praesens
608 1897 616 1909 ‚
643 1885 702 1913 quae
725 1886 842 1915 superno
866 1876 948 1906 ductu

211 1929 278 1957 opus
297 1918 386 1946 habet.
402 1925 433 1947 V.
449 1922 494 1946 42.
513 1928 539 1948 C.

250 1967 308 1995 Viae
323 1966 431 1994 Domini
446 1966 536 1994 muliae
552 1974 613 1995 sunt
626 1974 651 1995 et
666 1967 790 1996 diversae.
800 1976 832 1997 V.
845 1973 908 1998 432.
920 1980 946 1998 e.

211 2012 279 2040 Sunt
303 2011 357 2038 vita
388 2021 447 2047 quae
471 2020 504 2038 ex
529 2010 627 2039 virtute
651 2011 812 2042 instituitur.
838 2015 882 2041 lh.
900 2014 950 2042 Per

210 2055 278 2083 lianc
290 2055 360 2083 enim
375 2061 461 2093 potest
474 2054 501 2082 in
516 2054 612 2082 caelum
626 2055 744 2084 ascendi.
761 2058 805 2084 lh.
824 2057 876 2085 Via
890 2058 950 2086 Do-

211 2098 275 2126 mini
300 2097 433 2136 quomodo
448 2107 540 2135 aspera
562 2104 587 2125 et
611 2108 662 2126 nou
683 2109 785 2138 aspera.
803 2107 823 2128 Ι.
839 2105 903 2130 913.
922 2113 946 2130 B.

211 2142 271 2171 Viae
288 2142 321 2170 ad
346 2142 458 2169 salutem
479 2141 570 2169 multae
592 2148 617 2169 et
633 2142 723 2170 varim.
738 2150 782 2171 III.
794 2148 857 2172 477.
873 2155 897 2172 c.
917 2152 948 2175 V.

212 2191 275 2214 432.
296 2197 323 2214 D.
346 2186 375 2213 In
391 2186 433 2214 via
450 2185 543 2213 salutis
559 2196 632 2214 senes
655 2186 764 2224 perinde
785 2198 815 2215 ac
837 2189 949 2226 juvenes

211 2240 315 2257 currere
333 2229 441 2257 debent.
458 2236 518 2257 XII.
538 2234 600 2256 108.
616 2241 639 2258 n.
659 2240 685 2259 c.
711 2235 773 2260 109.
800 2232 866 2260 Dure
887 2241 949 2262 sunt

211 2273 263 2301 viae
285 2272 319 2301 ad
340 2273 466 2301 virtutem
493 2272 634 2307 ducentes,
650 2273 774 2302 liberatio
787 2286 801 2303 a
816 2276 890 2304 vitiis
902 2299 909 2313 ‚
924 2284 948 2306 et

211 2317 318 2344 virtutis
333 2316 413 2345 actio.
433 2323 465 2344 V.
483 2320 530 2345 35.
547 2328 572 2344 Λ.
590 2327 613 2344 n.
636 2317 689 2345 Via
709 2317 795 2346 facilis
817 2318 850 2347 ad
864 2320 949 2349 virtu-

210 2368 279 2392 tem,
291 2360 436 2398 quomodO.
454 2367 485 2388 x.
502 2365 566 2388 853.
587 2371 615 2388 o.
640 2361 699 2389 Viae
713 2361 828 2390 diversae
849 2364 949 2401 quibus

211 2405 260 2432 Dei
273 2404 455 2432 benevolentia
469 2404 629 2441 aequiritur,
641 2410 736 2434 1V.SS.
748 2406 800 2436 Via
812 2407 846 2435 ad
854 2407 948 2436 caelum

209 2454 332 2486 angusta,
346 2455 432 2475 tamen
449 2447 491 2476 via
511 2454 557 2476 est.
576 2455 621 2476 111,
637 2454 702 2476 708.
728 2460 757 2477 1).
780 2451 861 2486 Quod
877 2459 947 2480 arcta

211 2493 245 2520 sit
261 2493 302 2520 via
318 2503 377 2529 quae
392 2492 467 2520 ducit
478 2492 512 2520 ad
535 2492 637 2527 vitam,
660 2492 725 2521 dicit
744 2493 800 2532 ipse
820 2495 870 2523 viae
890 2496 947 2524 Do-

211 2536 375 2564 minus.XII.
390 2540 453 2565 391.
468 2546 493 2564 c.
508 2537 627 2573 Augusta
639 2537 681 2564 via
689 2538 826 2567 sectanda.
844 2546 864 2567 1.
880 2544 944 2569 979.

210 2590 232 2606 Ε.
243 2580 311 2608 Cum
321 2579 414 2608 timore
424 2579 504 2608 simul
518 2586 542 2608 et
555 2580 651 2608 fiducia
667 2591 715 2618 per
723 2588 863 2619 angustam
875 2583 946 2612 viam

839 191 943 212 INDEX
968 190 1093 212 Iit-{utum

1002 251 1193 281 incedendum.
1220 258 1275 279 VII.
1305 257 1367 280 364.
1389 253 1440 282 Via
1455 260 1526 282 areta
1549 255 1683 292 quomodo
1705 256 1744 283 sa-

1002 295 1061 324 cilis
1083 295 1187 323 evadat.
1212 302 1267 325 VII.
1283 299 1349 326 330.
1363 307 1391 325 ι),
1414 297 1471 332 Qui
1487 308 1534 336 pro
1550 298 1657 327 Clu-isto
1672 300 1743 327 viam

1002 345 1101 367 aretam
1116 345 1141 366 et
1161 349 1336 367 aerumnosam
1352 340 1502 379 suscipiunt
1515 364 1522 375 ,
1535 342 1595 370 aliis
1607 349 1668 371 sunt
1686 343 1742 371 ala-

1002 383 1109 410 criores.
1125 390 1142 411 I.
1157 387 1220 411 393.
1232 393 1260 411 D.
1275 383 1333 412 Vim
1347 383 1380 411 ad
1410 385 1555 422 perniciem
1577 386 1680 415 multae.
1699 394 1743 415 VI!

1004 430 1068 454 551.
1084 437 1110 455 c.
1127 427 1178 456 Via
1193 426 1224 454 ad
1237 434 1349 455 mortem
1362 427 1414 455 lata
1424 434 1450 456 et
1463 429 1578 467 spatiosa
1590 429 1680 466 initio,
1695 441 1745 458 an-

1004 476 1080 507 gusta
1108 469 1134 498 in
1161 469 1222 498 fine.
1245 477 1266 497 I.
1286 475 1350 499 971.
1365 482 1388 498 Λ.
1406 482 1430 499 Β.
1444 472 1497 501 Via
1514 479 1681 511 peccatorum
1696 484 1746 502 an-

1005 512 1107 550 gustior
1120 519 1159 541 est
1173 534 1180 548 ‚
1192 523 1272 551 quam
1283 514 1490 552 justorum.VII.
1503 520 1568 544 491.
1593 526 1621 544 A.
1645 527 1668 545 B.
1686 517 1746 546 Viae

1006 556 1096 584 multae
1116 563 1177 584 sunt
1200 556 1234 584 ad
1249 557 1387 595 purganda
1401 566 1518 597 peccata.
1534 566 1579 588 XI.
1596 564 1662 588 777.
1678 565 1744 591 778.

1045 601 1266 629 Vmssnunmes
1280 602 1484 640 temporumssd
1499 603 1575 640 quid.
1591 611 1622 632 V.
1640 609 1704 633 571.
1720 616 1746 633 A.

1004 643 1122 672 Tacendi
1137 650 1161 672 et
1175 643 1302 682 loquendi
1315 645 1482 674 vicissitudo.
1499 654 1529 675 v.
1547 651 1611 675 521.
1631 659 1657 676 Λ.

1046 689 1187 717 VicTuuAE
1220 695 1331 717 veteres
1345 711 1353 726 ,
1380 691 1519 729 imagines
1547 691 1667 721 Christi.
1699 698 1745 720 111.

1015 735 1082 759 986.
1097 741 1123 760 c.

1042 776 1182 804 Vmomzs
1203 776 1236 805 ab
1254 777 1385 806 omnibus
1410 777 1588 807 celebrantur.
1614 786 1646 808 V.
1671 785 1698 808 1.
1719 791 1744 808 A.

1002 824 1029 847 2.
1054 819 1110 848 Illis
1132 826 1226 849 statuae
1267 829 1358 850 erectae
1381 829 1406 850 et
1431 822 1619 861 inscriptiones
1645 823 1746 862 posita).

1000 864 1045 891 lh.
1060 864 1155 892 Victor
1165 871 1204 893 est
1225 876 1316 904 verus,
1333 866 1380 904 qui
1398 866 1482 895 vincit
1504 866 1530 895 in
1546 866 1617 895 bono
1631 867 1745 895 malum.

1002 913 1034 934 V.
1054 912 1119 936 137.
1136 919 1161 936 B.
1178 913 1242 937 138.

1040 951 1181 979 ΥηῑτοῐῑιΑ
1205 952 1329 991 patiendo
1352 960 1511 992 reportatur.
1544 961 1600 983 VII.
1627 958 1692 984 268.
1718 965 1745 982 Α.

1001 997 1066 1024 429.
1084 1006 1107 1022 n.
1124 999 1189 1025 906.
1207 1006 1234 1023 o.
1254 996 1373 1025 Victoria
1388 997 1492 1025 Christi
1513 1004 1605 1026 contra
1633 1005 1746 1026 mortem

1001 1047 1049 1075 pro
1064 1038 1140 1066 nobis
1161 1039 1211 1067 fuit
1221 1039 1277 1068 sine
1292 1040 1383 1068 labore
1398 1048 1498 1069 nostro.
1519 1049 1553 1070 11.
1569 1047 1634 1071 472.
1651 1053 1677 1071 e.

1043 1082 1148 1110 vanus
1162 1082 1248 1110 tenuis
1259 1082 1435 1120 cupiditatem
1449 1084 1533 1112 sedat.
1547 1092 1579 1113 V.
1598 1090 1641 1113 53.
1657 1096 1684 1114 n.

1042 1125 1163 1160 Vinum,
1186 1126 1370 1163 importunum
1394 1137 1484 1164 genus.
1511 1135 1530 1156 1.
1553 1133 1615 1157 484.
1637 1139 1664 1157 1).
1680 1133 1744 1157 4855-

1004 1166 1158 1195 Viduarum
1170 1168 1245 1195 varia
1258 1178 1365 1206 genera.
1385 1176 1406 1197 1.
1430 1175 1494 1198 484.
1511 1181 1538 1199 n.
1562 1178 1606 1199 111.
1630 1176 1694 1201 372.
1715 1183 1743 1200 A.

1003 1210 1075 1238 Olim
1090 1217 1163 1239 erant
1179 1211 1252 1239 chori
1274 1212 1430 1247 viduarum,
1447 1214 1516 1242 sicut
1532 1214 1679 1252 virginum.
1699 1223 1746 1244 III.

1003 1258 1069 1282 373.
1086 1266 1110 1283 Β.
1126 1254 1225 1284 Viduae
1242 1255 1268 1283 iu
1284 1256 1402 1284 Ecclesia
1421 1256 1744 1287 constitutae.x.320.c.n.

1002 1298 1102 1327 Viduae
1117 1298 1225 1327 delectae
1246 1299 1380 1328 sumtibus
1404 1300 1529 1328 Ecclesiae
1551 1301 1702 1330 alebantur.
1722 1309 1745 1332 I.

1002 1347 1066 1370 484.
1081 1353 1106 1371 n.
1123 1343 1211 1371 Multo
1222 1344 1344 1372 examine
1358 1343 1556 1383 deligebantur.
1572 1347 1616 1373 Ib.
1635 1345 1747 1374 Illarum

1001 1386 1100 1415 officia.
1118 1394 1163 1415 XI.
1186 1392 1251 1416 675.
1265 1399 1292 1418 F.
1313 1400 1338 1416 Α.
1356 1388 1468 1425 Viduae,
1483 1400 1542 1427 quae
1559 1390 1748 1419 continentiam

1002 1430 1094 1466 vovit,
1119 1437 1144 1459 et
1160 1438 1247 1460 tamen
1270 1432 1374 1471 nupsit,
1387 1433 1551 1472 supplicium
1567 1440 1747 1473 praeparatum

1001 1480 1049 1504 est.
1070 1481 1090 1502 I.
1106 1479 1169 1502 431.
1184 1485 1210 1504 c.
1227 1479 1293 1505 432.

1042 1517 1199 1547 Viduarum
1222 1519 1400 1559 patrocinium
1426 1530 1517 1559 gerere
1542 1520 1621 1549 debet
1642 1522 1747 1560 episco-

1001 1572 1062 1600 pus.
1094 1569 1112 1590 I.
1142 1567 1206 1592 484.
1234 1574 1261 1591 A.
1286 1565 1385 1602 Magna
1417 1565 1458 1593 vis
1485 1564 1601 1603 praesidii
1623 1575 1685 1603 erga
1707 1566 1748 1595 vi-

1001 1605 1068 1633 duas
1090 1606 1215 1635 exhibiti.
1247 1614 1291 1636 VI.
1315 1612 1358 1636 15.
1379 1619 1406 1636 Δ.
1434 1608 1588 1637 Viduarum
1615 1619 1679 1637 cura
1701 1609 1748 1637 ha-

1002 1649 1088 1678 benda
1111 1657 1160 1678 est.
1184 1658 1229 1679 111.
1254 1656 1319 1682 372.
1345 1662 1374 1682 1).
1394 1659 1464 1681 ν111.
1490 1657 1555 1681 475.
1576 1663 1604 1681 1).
1633 1653 1748 1681 maxime

1002 1694 1024 1722 si
1047 1694 1099 1722 siut
1117 1694 1238 1733 juniores
1259 1703 1283 1724 et
1297 1697 1400 1735 prolem
1415 1696 1552 1725 babentes.
1568 1704 1588 1725 I.
1601 1702 1665 1726 444.
1679 1708 1706 1726 Ε.
1723 1709 1747 1725 Α.

1002 1738 1032 1766 lu
1047 1738 1166 1767 Ecclesia
1180 1740 1212 1767 de
1225 1739 1351 1769 alimento
1370 1739 1515 1768 viduarum
1530 1748 1568 1769 est
1583 1740 1745 1769 curandum.

1004 1789 1049 1812 XI.
1077 1787 1154 1811 665⁰.
1190 1793 1217 1811 E.
1242 1783 1342 1814 Viduae
1368 1794 1438 1812 verae
1461 1794 1514 1812 non
1538 1784 1746 1814 contemnendae.

1005 1833 1050 1854 111.
1074 1831 1138 1857 372.
1165 1838 1194 1856 D.
1213 1828 1369 1857 Viduarum
1396 1828 1523 1867 dignitas.
1548 1836 1567 1857 I.
1584 1833 1650 1857 416.
1668 1840 1694 1858 B.
1719 1840 1746 1860 c.

1003 1871 1108 1906 Quanta
1134 1878 1249 1909 potestas
1272 1883 1372 1901 carum.
1397 1880 1444 1901 III.
1460 1878 1571 1903 3721).
1596 1873 1687 1903 Variae
1710 1873 1749 1902 eis

1003 1921 1131 1953 parantur
1145 1914 1258 1944 insidiae.
1278 1924 1298 1945 I.
1321 1921 1386 1945 415.
1405 1927 1435 1945 n.
1450 1927 1477 1945 Ε.
1493 1917 1595 1947 Viduis
1612 1918 1683 1946 Deus
1695 1918 1749 1947 viri

1003 1958 1060 1986 loco
1080 1964 1129 1987 est.
1152 1965 1171 1986 1.
1185 1963 1248 1987 414.
1261 1970 1284 1987 Β.
1303 1960 1402 1989 Viduae
1418 1960 1488 1999 ipsas
1502 1960 1621 1999 virgines
1636 1969 1748 1999 possunt

1003 2002 1105 2029 meritis
1129 2013 1265 2041 superare.
1289 2011 1333 2032 111.
1358 2009 1422 2033 647.
1440 2015 1467 2032 Ε.
1488 2005 1593 2033 Beatior
1614 2012 1652 2033 est
1666 2005 1749 2035 vidua

1002 2045 1081 2073 etiam
1098 2046 1123 2073 in
1140 2047 1261 2084 pra’senti
1277 2048 1381 2076 szeculo.
1399 2056 1444 2077 III.
1459 2053 1522 2077 251.
1537 2060 1561 2077 Λ.
1580 2050 1639 2077 Non
1657 2050 1749 2078 eadem

1002 2089 1127 2117 omnibus
1153 2089 1245 2118 viduis
1271 2102 1368 2120 merces
1380 2100 1418 2120 est
1430 2093 1577 2131 proposita,
1590 2093 1638 2121 etsi
1654 2093 1747 2121 eadem

1002 2134 1036 2160 sit
1062 2133 1190 2163 viduitas.
1211 2142 1231 2163 Ι.
1252 2140 1316 2164 438.
1346 2148 1370 2165 Α.
1399 2135 1553 2165 Viduarum
1582 2136 1747 2165 officia.x1.

1003 2182 1079 2205 672³.
1108 2188 1132 2206 c.
1159 2188 1187 2206 D.
1212 2180 1289 2207 672⁶.
1314 2179 1410 2208 Viduae
1436 2180 1461 2207 iu
1487 2180 1632 2208 educandis
1658 2181 1750 2209 liberis

1003 2221 1070 2250 laus.
1092 2228 1135 2250 111.
1158 2226 1222 2250 377.
1241 2233 1267 2250 D.
1284 2233 1310 2251 Ε.
1325 2223 1472 2262 Hospitalis
1487 2235 1542 2252 esse
1559 2224 1637 2253 debet
1653 2225 1748 2255 vidua.

1003 2271 1047 2292 III.
1066 2269 1129 2293 383.
1143 2276 1169 2292 n.
1190 2276 1217 2295 Ε.
1237 2266 1392 2295 viduarum
1405 2278 1498 2296 verum
1511 2276 1746 2298 01·namentum.x.

1003 2312 1068 2335 396.
1092 2318 1116 2335 Α.
1144 2320 1167 2336 n.
1186 2308 1339 2338 Viduarum
1354 2321 1438 2348 arma,
1455 2311 1598 2350 lacrymae,
1612 2312 1727 2350 gemitus
1739 2334 1747 2348 ‚

1002 2362 1103 2390 preces.
1122 2359 1166 2380 111.
1184 2357 1248 2383 371.
1264 2365 1288 2382 Α.

1041 2395 1140 2424 Viduas
1165 2404 1275 2435 possunt
1305 2398 1424 2426 virorum
1453 2410 1541 2428 carere
1569 2399 1700 2428 subsidio.
1726 2407 1746 2429 1.

1002 2447 1066 2471 433.
1082 2454 1107 2474 c,
1126 2445 1195 2480 Quae
1210 2445 1340 2474 secundas
1352 2446 1459 2485 nuptias
1477 2454 1620 2486 appetunt,
1634 2457 1686 2476 non
1702 2448 1745 2476 vi-

1002 2496 1167 2528 tuperantur,
1185 2491 1231 2520 sed
1246 2503 1291 2520 nee
1308 2492 1461 2522 laudantur.
1484 2502 1503 2522 1.
1529 2499 1593 2524 435.
1616 2502 1662 2523 XI.
1680 2499 1744 2523 761.

1003 2538 1093 2567 Vidua
1108 2549 1167 2576 quae
1182 2539 1277 2574 nubit,
1294 2551 1442 2578 numquam
1470 2542 1509 2570 sic
1526 2548 1601 2580 grata
1614 2549 1663 2577 est,
1678 2543 1748 2571 sicut

1002 2596 1061 2623 qum
1084 2586 1173 2625 virgo.
1190 2594 1209 2615 1.
1225 2591 1287 2615 436.
1306 2593 1372 2616 437.
1398 2588 1452 2617 imo
1485 2589 1567 2618 multa
1584 2590 1638 2627 pati
1663 2589 1746 2618 solent
