1884 2922
661 199 691 221 13·
700 199 763 221 mix
792 197 1055 221 ALi‘uftmz'riCL's.

129 269 192 298 Εἰσὶ
203 266 295 296 πολλοὶ
306 267 357 294 τῶν
373 263 516 302 ἀνθρώπιον
533 264 556 291 οἱ
573 262 618 294 τὰς
638 262 695 290 ἑλπ.
708 283 715 295 ,
734 260 760 288 in
776 260 827 298 Ep.

89 318 107 343 Ω
119 313 321 343 ad'shessalon.
339 311 421 340 Hom.
439 311 466 339 5.
485 316 505 339 t.
523 310 570 337 11.
585 319 613 346 p.
633 309 700 336 522.

130 360 190 389 Εἰσί
201 371 267 391 τινες
278 361 329 387 τῶν
341 359 453 386 ἐνταῦθα
462 358 508 390 τῆς
517 356 610 394 ἀρετῆς
620 353 830 391 ἐπιμελούμενοι,

89 406 123 436 ile
137 406 246 435 Virtute
263 412 289 433 ct
303 404 393 439 Vitio,
405 402 504 440 Ecloga
516 403 546 429 ⁰2.
562 408 582 430 t.
596 401 644 430 12.
663 411 690 439 p.
708 399 761 429 0'21
771 422 777 428 .

129 453 177 485 Εἷς
191 451 281 489 καιρὸν
296 452 313 485 ἡ
327 453 373 478 τοῦ
388 448 541 486 Πνεύματος
561 447 715 486 ᾠκονόμησε
740 445 829 484 χάρις,

91 500 118 528 in
130 498 210 535 illud,
224 498 320 526 sidua
331 496 465 534 eligatur,
480 501 498 522 t.
510 495 537 523 5.
550 504 579 532 p.
591 494 659 522 511.

131 546 178 577 Εἷς
191 543 281 583 καιρὸν
300 541 473 581 ὑπεψήλαμεν
490 541 601 572 ἅπαντες
616 540 708 577 κοινῇ,
723 537 750 566 in
765 538 830 566 Sta-

89 597 149 620 tuas
163 590 242 619 Hom.
258 590 305 618 17.
321 595 340 616 t.
352 590 382 617 ⁹2.
401 599 426 626 p.
441 587 508 616 170.

131 638 179 669 Εἷς
199 636 245 674 μὲν
268 635 332 663 αὐτὸ
350 635 380 663 τὸ
402 633 506 662 πάντων
529 630 692 670 ἐρημότατον
717 629 829 669 χωρίον,

91 682 267 717 Marcellino,
280 692 324 720 ep.
343 680 410 709 188.
426 686 446 707 t.
461 679 488 708 5.
504 689 532 717 p.
553 678 621 706 705.

130 730 178 761 Εἷς
193 727 238 767 μὲν
255 727 302 762 τὴν
316 725 452 755 συνουσίαν
474 736 519 753 σου
537 723 639 762 μεγάλα
654 725 726 760 ἡμᾶς
741 721 771 750 τὸ
784 721 830 759 ἀρ-

91 777 212 813 ρωστεῖν,
228 773 349 803 Firmino
360 795 367 809 ‚
380 783 422 811 cp.
440 771 489 800 80.
503 777 522 800 t.
536 771 564 799 5.
575 781 601 809 p.
617 770 687 798 656.

130 821 178 853 Εἷς
198 820 240 849 τὸν
257 820 391 848 Οεόλεκτον
411 817 510 855 ὕμνον,
525 817 551 846 ὃν
565 815 679 848 ἐδίδαξεν
702 817 786 852 ἡμᾶς,
803 813 830 841 in

88 867 264 902 Orationem,
281 866 372 894 Pater
395 870 511 898 nostem
536 865 634 901 spuria
656 871 692 889 ac
712 866 832 899 proeter-

91 914 192 940 missa.

131 960 180 992 Εἷς
198 963 266 998 τρεῖς
279 959 357 986 διεῖλε
377 956 484 995 μερίδας
501 955 547 986 τὰς
563 954 666 992 γενεάς,
682 953 709 981 in
728 953 828 982 Matth.

92 1004 172 1033 Hom.
184 1006 212 1033 4.
225 1011 244 1032 t.
256 1005 284 1033 7.
296 1014 324 1043 p.
337 1004 386 1032 45.

131 1050 167 1079 Εἴ
183 1062 222 1083 τις
239 1050 283 1078 ἐπὶ
295 1053 348 1081 τοῖς
361 1050 499 1087 αἱρετικοῖς
511 1046 641 1086 ἄσχάλλει
655 1047 700 1074 νῦν
712 1069 720 1083 ,
733 1045 761 1074 in
776 1046 829 1085 Ep.

91 1098 110 1125 9
130 1095 166 1124 ad
181 1095 305 1125 Timoth.
320 1094 398 1124 Hom.
411 1094 439 1124 8.
459 1100 479 1122 t.
495 1095 544 1122 11.
557 1105 586 1133 p.
606 1094 675 1122 706.

130 1142 166 1171 Εἴ
177 1154 216 1175 τις
233 1140 344 1176 εὐσεὲὴς
360 1141 405 1169 καὶ
427 1139 594 1179 φιλόχριστος
616 1138 772 1168 ἀπολαυέτω
783 1163 790 1176 ,
807 1140 832 1168 in

91 1189 209 1223 Pascha,
226 1195 246 1219 t.
264 1188 283 1217 8
309 1190 340 1216 in
355 1187 475 1226 Spurii5‚
491 1197 519 1225 p.
537 1187 605 1215 250.

131 1235 168 1264 Εἴ
181 1247 220 1267 τις
231 1235 304 1273 παρὰ
318 1237 362 1262 τοῦ
385 1232 497 1267 πλησίον
513 1233 640 1267 ἠδίκηται
655 1233 691 1264 εἷς
704 1231 811 1270 μνήμην
825 1255 832 1268 ,

92 1280 126 1309 de
137 1281 208 1310 Odio
218 1288 244 1309 et
258 1279 413 1314 inimicitia,
428 1279 530 1316 Ecloga
546 1278 592 1308 18.
608 1284 627 1306 t.
644 1280 690 1306 15³.
709 1289 737 1317 p.
762 1280 831 1308 547.

132 1327 167 1356 Εἴ
187 1340 227 1360 τις
254 1329 305 1356 τῶν
326 1325 515 1366 εὐφρανούντων
537 1324 732 1362 πνευματικόν,
752 1325 779 1353 in
801 1325 830 1355 S.

92 1374 220 1409 Crucem,
235 1377 336 1413 spuria
358 1378 385 1400 et
407 1373 612 1410 proetermisstz.

131 1420 167 1449 Εἴ
179 1431 218 1452 τις
239 1419 328 1459 χώραν
343 1417 504 1457 μεταλλικὴν
528 1417 675 1456 ἀνορύττειν
685 1439 694 1454 ,
716 1417 743 1446 in
756 1418 833 1447 Joan.

91 1466 171 1495 Hom.
184 1467 232 1495 40.
247 1473 267 1495 t.
282 1466 310 1495 8.
325 1476 352 1504 Ρ.
374 1464 442 1492 5256.

132 1514 166 1541 Εἴ
182 1512 266 1542 τοίνυν
282 1510 427 1551 βουλόμεθα
447 1512 492 1538 τοῦ
506 1508 661 1546 Πνεύματος
673 1510 813 1539 ἀπολαύειν
824 1531 833 1547 ,

93 1558 209 1587 Ethicon
238 1569 272 1587 ex
296 1555 418 1596 Epistola
441 1554 477 1583 ad
501 1554 601 1594 Ephes.
612 1567 620 1591 ;
631 1562 670 1584 est
696 1556 834 1596 fragmen-

93 1611 161 1632 tum.

133 1652 167 1679 Εἰ
188 1655 241 1684 τοῖς
255 1649 369 1681 οἰκέταις
380 1651 394 1678 ὃ
408 1649 514 1680 Παῦλος
526 1669 533 1682 ,
551 1649 697 1687 ἀγαπητοί,
718 1649 753 1679 de
772 1649 835 1678 imi-

92 1696 173 1725 tando
189 1697 335 1726 Servorum
350 1695 491 1732 obsequio,
509 1692 608 1734 Ecloga
623 1696 673 1724 41.
690 1703 710 1727 t.
733 1698 782 1727 19.
805 1707 833 1736 p.

93 1743 162 1773 755.

134 1790 167 1818 Ei
181 1788 240 1823 τοὺς
260 1787 360 1821 κοινοὺς
376 1788 498 1826 βούλεται
513 1788 620 1817 λύεσθαι
643 1789 788 1826 πολέμους,
807 1789 834 1818 in

94 1834 147 1874 Ep.
161 1836 173 1863 1
190 1834 226 1863 ad
237 1834 358 1865 Timoth.
376 1834 455 1862 Hom.
471 1835 500 1862 7.
517 1841 538 1862 t.
553 1836 602 1864 11.
616 1845 643 1873 p.
663 1836 731 1865 585.

134 1880 346 1921 Ἑκατοντάρχου
366 1880 435 1912 τινὸς
455 1881 469 1909 ὃ
484 1881 573 1913 δοῦλος
595 1883 683 1914 κακῶς
700 1882 785 1921 ἔχων,
807 1883 834 1911 in

93 1927 294 1963 centurionem,
309 1928 419 1966 spuria,
435 1934 454 1957 t.
471 1928 519 1956 10.
537 1937 565 1966 p.
582 1926 650 1957 824.

133 1975 184 2004 Ἐκ
211 1974 352 2012 Θαυμάτων
381 1973 425 2003 ἐπὶ
450 1973 572 2011 θαύματα
592 1976 636 2003 τοῦ
667 1975 765 2014 Κυρίου
775 1998 783 2011 ,
807 1976 834 2006 in

92 2022 202 2050 Festum
215 2021 370 2049 Palmarum
382 2041 391 2054 ‚
406 2026 426 2050 t.
442 2019 461 2048 8
479 2021 509 2047 in
523 2020 648 2058 Spuriis,
664 2031 692 2059 p.
710 2022 778 2051 951.

131 2068 153 2105 ’ζ-
166 2067 338 2106 Ἐκλέγονται
351 2068 375 2095 οἱ
389 2068 434 2095 τοῦ
444 2067 560 2103 Δανιήλ,
577 2067 709 2106 Synopsis
720 2067 816 2096 Daniel
827 2090 835 2104 ‚

93 2120 112 2142 t.
127 2115 156 2143 6.
175 2124 204 2153 p.
222 2113 291 2144 588.

132 2161 184 2189 Ἐκ
202 2160 318 2198 πολέμου
344 2159 407 2199 χθὲς
428 2159 628 2196 ἐπανήλθομεν,
653 2162 683 2188 ἐκ
708 2160 834 2198 πολέμου,

92 2207 119 2235 in
132 2206 235 2244 reliqua
249 2206 378 2236 adversus
393 2205 537 2234 Haercticos
551 2212 576 2233 et
589 2205 622 2233 do
636 2205 756 2242 Judicio,
769 2213 833 2243 etc.‚

92 2252 172 2281 Hom.
185 2252 214 2281 8.
231 2259 252 2282 t.
266 2254 294 2281 1.
307 2262 336 2290 p.
353 2252 420 2281 515.

133 2299 184 2327 Ἐκ
206 2300 258 2326 τῶν
286 2297 382 2337 ἀρτίως
400 2299 464 2334 ἡμῖν
492 2297 784 2336 παραναγνωσθέντων,
807 2298 834 2327 in

93 2344 181 2379 illud,
193 2342 546 2381 Elevaveruntflumina,
562 2343 663 2372 Psalm.
682 2345 733 2380 92,
747 2345 834 2384 *spu-

91 2394 154 2425 ria,
170 2398 192 2420 t.
209 2391 236 2420 5.
250 2401 278 2428 p.
291 2390 360 2419 620.

130 2436 152 2473 ἦ·
167 2435 217 2464 Ἐκ
230 2437 282 2463 τῶν
309 2433 475 2472 γραμμάτων
492 2435 539 2468 τῆς
559 2433 686 2472 ὑμετέρας
709 2435 832 2473 ἀγάπης,

90 2480 239 2510 Innocentii
251 2490 297 2518 ep.
314 2479 350 2508 ad
374 2480 484 2508 clerum
506 2479 752 2519 Constantinopol.,
769 2488 789 2512 t.
802 2483 831 2513 5⁴

92 2538 121 2566 p.
139 2528 210 2556 525.

132 2572 268 2602 Ἐλάττων
284 2573 348 2609 ἡμῖν
361 2573 374 2600 ὁ
387 2570 510 2610 σύλλογος
520 2572 635 2611 σήμερον
650 2572 694 2601 καὶ
707 2574 792 2612 βραχὺ
807 2574 836 2603 τὸ

92 2620 215 2659 θέατρον,
235 2619 262 2647 in
278 2618 403 2647 Genesim
416 2617 494 2647 Hom.
511 2620 558 2648 w.
575 2626 593 2649 t.
608 2621 633 2648 4.
649 2630 666 2657 p
690 2622 737 2650 71.

1561 188 1624 222 351

928 260 1019 290 Ἐλεον
1038 263 1107 290 Θεοῦ
1123 262 1166 290 καὶ
1183 262 1378 301 φιλανθρωπίαν
1393 262 1526 299 κηρύττει,
1539 261 1564 289 in
1580 262 1629 289 l.0-

885 309 983 337 tionem
998 307 1096 346 pedum
1106 330 1113 344 ‚
1133 310 1233 347 spuria
1248 318 1282 335 ac
1295 309 1501 346 praetermissa.

926 356 947 393 ἦ·
961 354 1220 393 ζἸΞλὶιοιναῘγυναἷκοις
1238 354 1305 393 ἔχων
1323 354 1377 390 δύο,
1398 353 1529 394 Synopsis
1541 353 1629 382 libro-

885 413 944 430 rum
957 403 1124 439 Regnorum,
1140 408 1161 430 t.
1177 402 1205 430 6.
1221 412 1249 440 p.
1266 401 1335 430 545.

925 448 1057 476 Ἰἰλύσατε
1076 449 1140 485 ἡμῖν
1156 446 1185 475 τὸ
1200 446 1328 485 αἴνιγμα,
1343 445 1384 474 ὅτι
1406 445 1456 485 γὰρ
1476 447 1533 482 οὐκ,
1554 446 1627 474 Mar-

887 492 964 521 ciano
981 499 1008 521 et
1019 492 1188 525 Marcellino,
1203 503 1246 531 cp.
1264 493 1333 521 226.
1347 498 1368 519 t.
1383 493 1410 520 5.
1424 502 1452 530 p.
1467 492 1535 520 725.

924 538 1024 567 Ἐλυσε
1043 539 1087 571 τὸν
1101 539 1221 578 Λάζαρον
1238 537 1267 566 τὸ
1292 540 1360 576 φῶς,
1376 538 1404 566 in
1419 537 1629 576 quatriduanum

887 585 1029 621 Lazarum,
1043 586 1162 623 spuria,
1177 591 1196 614 t.
1213 585 1241 612 9.
1259 594 1285 622 p.
1303 584 1369 612 8532.

926 630 1078 668 Ἐμοίθομεν
1093 632 1124 658 ἐκ
1144 632 1195 659 τῶν
1209 630 1270 669 χθὲς
1287 629 1490 668 ἀνεγνωσμένων
1502 653 1509 666 ,
1523 629 1550 657 in
1573 630 1628 658 Gc-

887 676 970 704 nesim
983 676 1064 704 Hom.
1075 678 1123 704 42.
1137 683 1157 704 t.
1170 676 1200 713 4.
1213 687 1239 714 1).
1252 677 1320 707 4225.

926 721 1078 758 Ἐμνήσῡην
1100 725 1144 750 τοῦ
1164 723 1232 751 Θεοῦ
1248 721 1293 749 καὶ
1316 721 1477 758 ηὐφράνθην,
1494 720 1521 748 in
1542 720 1629 757 illud,

886 767 1000 795 Memor
1010 768 1058 805 fui
1078 768 1154 803 Dei,·
1175 769 1295 806 spuria,
1312 774 1330 796 t.
1350 767 1398 797 10.
1417 778 1443 805 p.
1462 768 1529 795 739.

926 813 1005 850 Ἐμοὶ
1030 814 1100 841 δοκεῖ
1125 817 1208 842 ταῦτα
1228 812 1263 841 ὣν
1288 815 1314 841 ἐν
1338 813 1480 852 Σαμαρείᾳ
1497 814 1632 852 προστάτ-

886 860 988 894 τεσθαι,
1003 858 1030 886 in
1045 860 1110 887 Acta
1126 860 1218 898 Apost.
1232 858 1311 886 Hom.
1328 860 1375 888 19.
1398 865 1416 886 t.
1434 859 1463 886 9.
1486 870 1514 898 p,
1542 861 1609 889 152.

927 904 1005 943 Ἐμοὶ
1017 904 1062 943 μὲν
1079 904 1305 944 περισπούδαστον
1319 905 1349 933 τὸ
1364 907 1489 944 συνεχῶς,
1506 905 1631 945 Asyncri-

887 950 931 978 tiae
945 973 952 985 ‚
968 961 1009 989 ep.
1023 952 1072 980 99.
1090 958 1109 981 t.
1127 952 1156 979 5.
1172 962 1197 990 p.
1211 952 1279 980 647.

927 995 1007 1034 Ἐμοὶ
1023 998 1116 1026 πολλοὶ
1129 997 1175 1035 μὲν
1193 997 1310 1036 ἐγένοντο
1323 997 1410 1036 φίλοι,
1427 998 1460 1027 de
1475 998 1630 1028 sacerdotio

887 1043 935 1072 lib.
950 1046 1004 1072 1.t.
1023 1046 1051 1073 1.
1067 1056 1094 1084 Ρ.
1107 1046 1175 1075 562

927 1089 974 1119 Ἐν
990 1097 1137 1130 γεννητοῖς,
1156 1092 1183 1120 in
1196 1093 1293 1122 Ortum
1311 1094 1339 1123 S.
1357 1095 1434 1123 Joan.
1453 1093 1580 1133 Baptistae
1601 1095 1630 1122 in

888 1138 1065 1166 Lam-enniana
1080 1138 1255 1168 bibliotheca.
1273 1140 1392 1169 Videtur
1405 1141 1594 1179 fragmentum.

928 1181 1127 1212 Ἐνεδιδύσκετο
1154 1185 1180 1213 δὲ
1195 1188 1208 1214 ὁ
1225 1185 1306 1225 ἱερεὺς
1326 1187 1370 1215 ἐπὶ
1384 1190 1429 1216 τοῦ
1443 1187 1571 1222 παλαιοῦ,
1596 1186 1630 1215 de

887 1229 1015 1258 Vestibus
1028 1229 1246 1268 sacerdotalibus,
1261 1233 1360 1271 spuria
1376 1243 1410 1261 ac
1420 1235 1626 1271 proetermissa.

929 1276 1104 1306 Ἒνεκάλεσαν
1118 1281 1182 1317 ἡμῖν
1204 1291 1270 1312 τινες
1293 1280 1344 1308 τῶν
1363 1283 1524 1319 ἀγαπητῶν,
1547 1280 1581 1309 de
1598 1281 1630 1308 iis

889 1323 935 1360 qui
960 1334 1022 1351 eum
1050 1331 1208 1353 accusarunt
1230 1325 1265 1353 ob
1282 1326 1480 1364 prolixitatem,
1497 1333 1568 1355 etc.:
1594 1326 1629 1354 dc

890 1369 1039 1398 Mutatione
1053 1370 1198 1399 Nominum
1212 1371 1238 1399 3.
1253 1378 1272 1400 t.
1285 1373 1315 1400 5.
1334 1383 1360 1411 Ρ.
1375 1374 1440 1401 115.

930 1415 1115 1455 Ἓνεποίγησαν
1139 1418 1199 1453 ἔθνη
1220 1420 1246 1446 ἐν
1271 1419 1398 1458 διαφθορᾶΙ
1412 1415 1430 1458 ᾗ
1444 1419 1587 1456 ἐποίησαν,
1598 1419 1625 1448 in

890 1462 1022 1491 Joannem
1036 1462 1115 1493 Hom.
1127 1464 1175 1492 65.
1191 1470 1212 1494 t.
1228 1464 1255 1493 8.
1270 1475 1298 1503 p.
1313 1465 1382 1496 589.

929 1509 950 1546 †
967 1509 1013 1538 Ἐν
1037 1509 1090 1539 ἔτει
1112 1509 1193 1549 τρίτῳ
1217 1513 1264 1546 τῆς
1284 1512 1418 1549 βασιλείας
1432 1512 1585 1553 Βαλτάσαρ,
1603 1513 1630 1542 in

890 1565 948 1594 cap.
966 1554 985 1584 8
1000 1555 1133 1592 Danielis,
1147 1562 1166 1584 t.
1183 1557 1213 1586 6.
1227 1567 1254 1595 p.
1273 1558 1341 1586 242.

931 1601 952 1639 †
981 1601 1027 1630 Ἐν
1056 1602 1108 1630 ἔτει
1133 1602 1213 1642 τρίτῳ
1240 1607 1284 1632 τοῦ
1310 1603 1438 1641 βασιλέως
1456 1605 1578 1644 Περσῶν,
1603 1606 1629 1634 in

890 1658 948 1686 cap.
964 1648 1003 1676 10
1014 1647 1154 1684 Danielis,
1171 1655 1189 1676 t.
1201 1650 1230 1677 6.
1248 1660 1275 1688 Ρ,
1290 1650 1358 1678 949.

928 1693 1012 1723 Ἔνθα
1040 1695 1182 1723 κατέλυσεν
1205 1696 1319 1724 ἐντεῦθεν
1344 1697 1456 1736 ἄρχεται
1482 1698 1576 1736 πάλιν,
1602 1700 1629 1728 in

890 1739 988 1768 Psalm.
1006 1741 1074 1769 145.
1090 1747 1112 1771 t.
1125 1740 1154 1771 5.
1168 1751 1196 1779 p.
1212 1742 1282 1770 476.

931 1787 976 1815 Ἐν
998 1786 1136 1819 Ἰουδαίοις
1161 1788 1185 1815 οἱ
1203 1787 1296 1821 τύποι,
1323 1787 1350 1815 in
1378 1788 1480 1817 Pascha
1493 1789 1590 1819 Sermo
1613 1791 1630 1819 5

890 1840 909 1863 t.
921 1833 939 1863 8
951 1836 982 1862 in
992 1834 1114 1873 Spuriis,
1127 1845 1154 1873 p.
1167 1835 1234 1863 261.

930 1880 977 1909 Ἐν
1000 1880 1046 1919 μὲν
1063 1886 1116 1914 τοῖς
1141 1880 1287 1919 ἔμπροσθεν
1308 1880 1401 1914 ἔδειξεν
1425 1883 1580 1921 ἀνωφελεῖς,
1602 1883 1629 1912 in

892 1926 942 1966 Ep.
962 1927 996 1955 ad
1016 1927 1100 1955 Hebr.
1118 1927 1198 1956 Hom.
1212 1927 1258 1956 18.
1275 1934 1294 1955 ί.
1313 1929 1360 1955 19.
1376 1939 1403 1966 p.
1423 1930 1489 1958 175.

930 1972 1052 2010 Ἐνόμιζε
1077 1972 1145 2010 μέγα
1167 1984 1193 2000 τι
1216 1972 1302 2009 λέγειν
1318 1975 1331 2001 ὁ
1345 1972 1461 2011 Πέτρος,
1477 1973 1505 2002 in
1531 1975 1629 2004 Matth.

890 2018 968 2046 Hom.
986 2020 1035 2048 62.
1053 2025 1073 2046 t.
1089 2020 1116 2046 7.
1133 2029 1159 2057 Ρ.
1175 2019 1241 2046 010.

930 2064 1067 2102 Ἐνόμιζον
1084 2064 1186 2103 μεγάλα
1207 2064 1266 2092 τινὰ
1281 2065 1325 2092 καὶ
1339 2066 1459 2105 ’ὃτι-ερερυῗΙ
1470 2089 1477 2102 ,
1494 2066 1520 2095 in
1535 2077 1632 2097 secun-

889 2110 955 2139 dum
968 2110 1118 2139 Adventum
1131 2110 1243 2145 Christi,
1259 2117 1278 2140 t.
1291 2111 1310 2139 8
1333 2113 1365 2139 in
1378 2112 1500 2150 spuriis,
1514 2124 1540 2152 p.
1554 2116 1620 2144 1422.

930 2157 976 2186 Ἔν
991 2156 1070 2185 παντὶ
1085 2158 1180 2195 καιρῷ,
1206 2156 1365 2185 inscribitur
1386 2159 1422 2190 εἰς
1447 2159 1495 2194 τὴν
1517 2161 1630 2199 πορνῆν,

890 2205 989 2243 spuria
1008 2210 1035 2232 et
1052 2205 1173 2238 omissa,
1190 2209 1353 2231 memoratur
1365 2214 1379 2231 a
1392 2204 1505 2234 Savilio.

931 2251 978 2279 Ἐν
995 2255 1051 2282 ταῖς
1067 2249 1179 2288 ἡμέραις
1198 2244 1237 2282 αἶς
1257 2250 1428 2288 ἐνηστεύομεν
1453 2251 1582 2290 ἅπαντες,
1603 2255 1629 2283 in

891 2297 979 2326 Elian]
994 2304 1020 2325 et
1034 2295 1156 2330 viduam,
1170 2302 1188 2323 t.
1203 2296 1229 2323 5.
1242 2306 1270 2334 p.
1287 2295 1356 2325 598.

930 2343 975 2372 Ἐν
994 2348 1051 2374 ταῖς
1064 2343 1126 2381 παρ’
1143 2342 1219 2379 ἡμῶν
1236 2342 1385 2380 γινομέναις
1400 2345 1457 2372 καθ’
1472 2345 1589 2384 ἡμέραν,
1602 2347 1628 2375 in

889 2389 960 2418 illud
970 2412 977 2426 ‚
996 2389 1121 2425 Diligite
1136 2389 1270 2416 inimicos
1286 2395 1416 2423 vestros;
1431 2394 1530 2429 spuria
1542 2399 1569 2421 et
1584 2403 1629 2422 re—

882 2438 972 2476 jecta.

928 2482 1060 2511 Ἐνταῧθα
1086 2481 1132 2510 ἅτε
1153 2481 1216 2521 πρὸς
1237 2481 1378 2519 ὁμοτίμους
1402 2484 1579 2521 ἐπιστέλλων,
1600 2486 1627 2514 in

888 2529 943 2568 Ep.
955 2528 988 2557 ad
1003 2527 1121 2567 Philipp.
1139 2527 1219 2556 Hom.
1234 2530 1259 2556 1.
1276 2535 1293 2556 t.
1310 2531 1356 2557 11.
1375 2539 1401 2568 p.
1416 2531 1483 2559 194.

930 2577 1064 2604 Ἐνταῦθα
1078 2574 1206 2604 κατέλυσε
1223 2574 1281 2607 τοὺς
1304 2574 1363 2614 περὶ
1378 2576 1428 2604 τῶν
1449 2577 1609 2616 ἀναὸαθμῶν
1622 2603 1629 2616 ‚

895 2622 921 2650 in
938 2622 1037 2650 psalm.
1056 2622 1122 2651 155.
1138 2628 1155 2650 t.
1174 2621 1198 2648 Γ).
1215 2632 1242 2659 p.
1261 2622 1327 2650 581.
