1849 2927
228 256 283 278 xiv
904 251 1085 274 PttAEFx’t'to.

229 319 279 349 ,ζὼς
295 317 325 346 τὸ
341 317 430 353 ὄνομα,
445 311 528 347 (λζ-ως
543 316 644 353 πρῶτον
662 314 708 351 μὲν
724 314 768 348 τὴν
784 314 877 351 {mismo
896 314 1002 347 ηἷκῇςγς
1019 312 1059 340 ἐπὶ
1074 311 1150 339 ἱκκνὰ
1168 310 1228 345 ἔτή,
1245 311 1392 346 numia-'m
1407 313 1451 345 ’.ἧς
1468 313 1610 347 ἐπιΰκοπῆς
1623 314 1647 341 ἐν
1664 314 1780 353 Βιθυνίᾳ,

227 363 316 399 ἦτοι“
325 363 500 402 συγγρᾶφεται
512 362 555 390 καὶ
569 361 660 400 ἀρετὰς
672 362 774 389 πολλῶν
784 360 913 399 πατέρων.
927 360 977 391 ⁹0<
992 359 1035 387 mi
1048 358 1122 390 αὖθις
1134 358 1281 389 κῡινιιωικὸς
1293 358 1424 394 Ἰωάνναυ,
1435 358 1728 399 κατάκλειστοςζγέγῡνεν
1740 364 1783 390 ἕν-

229 413 415 449 δεκαμηνιαῖον
429 409 521 449 χρόνον
537 410 562 437 ἐν
574 408 682 447 οἰκίσκῳ
694 408 804 446 ζοφερῷ.
822 407 944 434 Dis-serit
959 405 993 433 de
1004 406 1122 433 Joanne
1136 411 1163 432 et
1177 405 1212 432 de
1227 406 1358 433 omnibus
1373 415 1438 443 (111oe
1452 406 1508 443 ipsi
1520 406 1685 435 acciderunt
1696 430 1704 442 ‚
1718 419 1784 437 cum

234 457 391 490 Theodoro,
404 466 515 494 magum·
530 456 607 483 urbis
619 455 715 482 Romoe
729 455 861 487 diacono,
875 454 922 480 vir
933 451 1053 490 quidam
1068 450 1265 484 venerandus,
1279 450 1436 479 Palladius
1450 452 1573 480 nomine.
1591 452 1647 480 Ille
1658 455 1783 490 primum

231 502 334 530 multos
349 510 442 529 annos
453 510 579 528 eremztm
593 499 725 533 incoluit,
739 498 844 525 deinde
855 497 895 524 ad
907 499 1103 535 episcopatum
1114 497 1145 523 in
1156 496 1302 532 Bithynia
1315 496 1542 535 promotussuil,
1558 497 1714 537 etffiscripsit
1726 501 1786 528 vir-

231 557 304 578 lnles
320 549 476 577 mullorum
490 549 626 576 Parrum.
651 547 732 573 Idem
747 548 808 581 ipse
821 545 1044 573 communicavit
1059 554 1124 572 cum
1140 544 1265 581 Joamze,
1280 549 1306 572 et
1322 545 1353 571 in
1366 545 1489 572 obscura
1500 545 1678 573 domuncula
1693 548 1785 575 unde-

230 600 284 625 rim
297 607 406 625 menses
416 596 512 624 latuit.
525 595 568 622 Ex
580 593 621 621 bis
633 592 757 630 colligere
768 592 829 620 licet
840 591 1004 631 episcopum,
1016 598 1150 619 auctorem
1161 590 1242 629 liujus
1251 590 1534 629 dialogi,nominatum
1546 591 1625 620 fuisse
1633 592 1785 621 Palladium

231 654 243 669 a
261 642 376 679 Georgio
392 639 574 669 Alexandrino
593 645 672 676 atque
694 649 707 665 a
724 638 828 666 Phouo.
846 637 929 666 Addit
947 637 1118 675 Theodorus,
1139 637 1332 666 Trimithuntis
1350 638 1507 676 episeopus,
1529 648 1589 666 eum
1609 638 1635 666 in
1657 639 1785 678 Bithynia

230 689 357 717 donatum
376 688 538 726 episcopatu.
554 686 633 715 Solus
654 685 749 714 titulus
763 685 871 714 Codicis
885 685 973 714 Graeci
988 684 1104 721 dialogi,
1123 691 1147 712 et
1161 683 1295 712 indiculus
1311 685 1356 722 qui
1369 691 1453 713 exstat
1467 684 1539 724 apud
1553 685 1702 723 Savilium,
1716 686 1787 714 bunc,

231 736 383 774 episcopum
400 734 480 762 fuisse
502 733 765 772 Helenopolitanum‚
787 739 925 761 testantur.
950 732 1006 761 Hoc
1026 743 1105 772 porro
1119 731 1387 760 animadvertendum
1404 739 1456 768 est,
1473 733 1499 760 in
1519 732 1617 761 Codice
1634 733 1786 762 Florentino

232 787 282 817 (est
292 790 379 810 autem
394 788 579 810 sexcentorum
589 783 737 816 annorum)
749 780 914 819 adscriptum
929 780 1020 808 haberi
1036 780 1063 808 in
1079 779 1209 818 margine,
1223 782 1249 809 ἐν
1262 780 1351 812 ἄλλοις
1363 780 1491 819 γράφεται
1504 780 1646 816 Ἀσπόνων,
1656 791 1670 809 e
1681 781 1787 819 regione

230 829 303 857 vocis
323 828 531 860 Ἑλενουπόλεως
551 838 630 866 :quse
648 827 747 856 notatio
765 827 866 856 iudicat
886 827 958 855 hunc
974 827 1062 866 ipsum
1075 827 1244 861 Palladium,
1264 826 1310 864 qui
1325 827 1425 855 dicitur
1438 827 1686 866 Helenopolitanus,
1707 829 1786 856 ctiam

231 876 335 904 dictum
357 876 437 904 fuisse
457 876 491 904 ab
506 875 565 905 aliis
583 875 738 914 episcopum
757 876 945 914 Asponensem.
962 874 1011 902 His
1029 874 1187 913 adstipulari
1208 873 1316 902 videtur
1340 875 1476 910 Socrates,
1498 874 1545 912 qui
1567 874 1639 902 libro
1659 875 1784 914 septime,

231 933 288 961 rap.
306 924 356 959 QG,
375 922 496 951 Historiae
516 922 722 957 Ecclesiasticae,
739 921 764 949 in
786 921 914 959 Catalogo
931 921 1142 960 Episcoporum,
1156 921 1201 959 qui
1224 921 1258 949 ab
1279 932 1331 949 uno
1345 921 1499 960 episcopatu
1518 920 1554 949 ad
1569 921 1651 949 alium
1666 922 1787 949 translati

231 970 347 1006 suerunt,
363 970 399 997 ait
414 981 419 997 :
437 969 588 1001 Παλλάδιος
603 969 655 997 ἀπὸ
669 968 877 1001 Ἑλενουπόλεως
900 969 1046 1008 μετηνέχθη
1068 970 1111 1001 εἷς·
1134 968 1249 997 Ἄσπονα
1265 968 1429 1007 Ἀλέξανδρος
1447 968 1500 996 ἀπὸ
1513 967 1722 1002 Ἑλενουπόλεως
1737 981 1788 1007 με-

231 1016 344 1056 τηνέχθη
356 1018 390 1048 εἷς
400 1017 557 1055 Ἁδριανούς.
569 1016 728 1044 Palladius
739 1017 775 1044 ab
788 1016 965 1054 Helenopoli
973 1016 1126 1054 Asporzam
1138 1016 1298 1044 translatus
1308 1022 1348 1044 est
1360 1027 1370 1042 .·
1383 1015 1556 1043 Alexander
1567 1017 1604 1043 ab
1615 1016 1789 1055 Helenopoli

232 1063 383 1091 Atlrianos
399 1065 526 1091 transiit.
543 1061 712 1100 Helenopolis
724 1068 762 1090 est
778 1061 804 1089 in
820 1061 956 1101 Bithynia,
973 1063 1076 1100 Aspona
1088 1072 1151 1090 vero
1166 1062 1192 1090 in
1208 1062 1314 1091 Galatia
1329 1062 1426 1100 prima,
1442 1061 1492 1089 sub
1512 1063 1618 1100 Ancyra
1637 1062 1786 1101 metropoli.

232 1109 301 1137 Mihi
316 1116 404 1137 autem
423 1108 567 1137 admodum
590 1108 729 1148 probabile
742 1108 862 1142 videtur,
882 1115 1017 1137 auctorem
1033 1109 1113 1147 hujus
1128 1109 1229 1147 dialogi
1246 1119 1340 1137 nomen
1355 1119 1433 1137 suum
1444 1108 1534 1137 dedita
1546 1119 1625 1148 opera
1638 1109 1786 1143 reticuisse,

232 1166 317 1193 neque
336 1155 510 1194 adscripsisse
524 1155 605 1183 fronti
618 1156 704 1193 operis
714 1177 721 1189 ,
733 1161 778 1183 aut
795 1154 954 1183 narrationis
971 1155 1075 1193 corpori
1093 1155 1252 1183 inseruisse:
1267 1155 1318 1183 hoc
1331 1155 1417 1183 solum
1433 1154 1467 1183 de
1482 1165 1510 1183 se
1522 1155 1584 1183 sciri
1600 1155 1702 1193 voluit,
1716 1156 1788 1194 quod

231 1202 371 1240 episcopus
392 1202 471 1229 suerit
486 1211 588 1239 magnae
601 1201 720 1230 civitatis
730 1224 736 1236 ‚
758 1208 783 1230 et
798 1201 868 1239 quod
883 1201 954 1230 lauta
976 1208 1056 1239 atque
1076 1202 1186 1241 opipara
1206 1201 1330 1231 convivia
1343 1201 1488 1239 aliquando
1504 1202 1675 1240 instruxerit,
1690 1210 1721 1232 ut
1733 1204 1790 1242 ipsc

232 1248 330 1276 fatetur
340 1248 367 1276 in
380 1247 520 1286 Apologia,
531 1258 612 1285 quam
623 1247 740 1286 scripsit,
754 1258 802 1275 cur
813 1249 927 1276 Joannes
938 1254 1025 1275 noster
1037 1247 1109 1276 solus
1121 1247 1280 1276 comederet.
1294 1248 1445 1276 Diaconum
1457 1254 1547 1276 contra
1560 1247 1601 1276 his
1613 1255 1687 1277 terve
1700 1248 1788 1287 ipsum

233 1292 408 1322 Theodorum
420 1293 565 1329 vocitavit,
583 1293 696 1321 Palladii
710 1304 804 1322 nomen
817 1292 939 1321 additum
951 1292 1048 1321 deinde
1064 1293 1131 1330 suit;
1144 1303 1174 1321 ac
1188 1292 1294 1327 tandem
1305 1292 1442 1321 Palladius
1454 1292 1487 1320 ab
1497 1292 1634 1331 aliquibus
1648 1293 1789 1332 episcopus

232 1339 484 1379 Helenopolitanus‚
499 1339 533 1367 ab
547 1339 606 1368 aliis
621 1339 761 1378 episcopus
776 1340 936 1378 Asponensis
951 1340 1102 1368 nominatus
1116 1361 1123 1373 ,
1137 1340 1171 1367 ab
1185 1340 1244 1368 aliis
1262 1346 1350 1368 autem
1363 1339 1481 1367 creditus
1497 1346 1535 1367 est
1552 1340 1690 1378 episcopus
1702 1340 1729 1368 in
1742 1341 1790 1369 Bi-

233 1386 326 1425 thynia
336 1408 343 1421 ,
358 1393 383 1414 et
394 1385 463 1414 idem
474 1392 564 1414 auctor
582 1386 706 1414 Historiae
722 1386 874 1414 Eremiticae
887 1385 921 1414 ad
935 1386 1053 1414 Lausum
1065 1409 1073 1420 ‚
1091 1397 1149 1423 quae
1162 1387 1243 1424 vulgo
1262 1387 1408 1414 Lausiaca
1420 1385 1529 1414 dicitur.
1544 1386 1603 1421 Qua
1620 1386 1647 1414 in
1661 1388 1789 1416 sententr'a

234 1434 314 1462 fuisse
328 1433 517 1469 Theodorum,
532 1434 778 1462 Trimitbuntinum
793 1433 947 1473 episcopum
958 1456 965 1471 ‚
978 1440 1049 1463 certo
1060 1434 1207 1462 affirmabit
1222 1434 1267 1472 qui
1279 1433 1460 1462 observaverit
1472 1433 1564 1462 eadem
1577 1433 1612 1462 de
1621 1441 1728 1463 auctore
1736 1435 1791 1463 bu-

231 1483 276 1520 jus
287 1481 389 1519 dialogi
400 1481 532 1516 scribere,
546 1491 604 1519 quse
621 1480 654 1509 de
665 1492 692 1510 se
707 1481 798 1509 scribit
814 1488 906 1509 auctor
920 1481 1042 1509 Historiae
1057 1481 1192 1509 Lausiacae
1207 1484 1249 1520 (p.
1265 1482 1334 1514 964,
1352 1480 1374 1508 Ε
1386 1484 1394 1515 )
1408 1491 1413 1508 :
1428 1480 1479 1509 ἀπὸ
1490 1482 1536 1515 τ’ῆς
1547 1481 1726 1517 Παλαιστίνης
1739 1483 1790 1511 mi<

234 1530 274 1557 λιν
289 1528 433 1557 κατέλαὸον
448 1528 494 1563 τὴν
511 1529 648 1564 Βιθυνίαν,
663 1528 707 1556 καὶ
721 1530 747 1557 ἐν
762 1529 844 1567 τχύτῃ
855 1551 861 1562 ,
878 1530 925 1557 οὐκ
945 1524 1002 1556 οἶδα
1023 1529 1079 1560 πῶς
1094 1528 1173 1562 εἴπω,
1190 1529 1241 1557 εἴτε
1262 1528 1288 1560 ἐξ
1309 1528 1472 1567 ἀνθρωπίνης
1494 1528 1618 1564 σπουδῆς,
1636 1530 1687 1557 εἴτε
1709 1530 1753 1558 καὶ
1765 1530 1790 1562 ἐξ

236 1575 354 1607 εὐδοκίας
365 1579 410 1603 τοῦ
419 1575 574 1614 κρείττονος,
590 1575 666 1612 μόνος
681 1577 694 1603 ὁ
710 1575 777 1608 Θεὸς
792 1575 821 1603 ἂν
838 1575 926 1610 εἰδείη,
942 1574 1105 1610 κατηξιώΟην
1123 1577 1169 1609 τῆς
1189 1574 1254 1612 ὑπὲρ
1270 1574 1316 1612 ἐμὲ
1330 1574 1506 1613 χειροτονίας,
1519 1575 1679 1610 κοινωνήσας
1695 1578 1727 1615 τῇ
1739 1589 1791 1606 πε-

238 1622 354 1661 ριστάσει
367 1623 399 1661 τῇ
415 1622 483 1650 κατὰ
500 1622 542 1650 τὸν
560 1622 688 1659 μακάριον
701 1622 825 1656 Ἰωάννην
836 1645 842 1657 ,
863 1621 907 1650 καὶ
922 1621 1013 1650 ἕνδεκα
1029 1623 1112 1659 μῆνας
1128 1623 1153 1649 ἐν
1168 1622 1266 1660 ζοφερῷ
1282 1621 1378 1661 κελλίῳ
1395 1622 1579 1660 κρυπτόμενος.
1594 1622 1708 1651 Relicta
1727 1625 1792 1652 Pa-

237 1670 363 1703 lwstitza,
386 1668 485 1706 repetii
499 1668 688 1706 Bithyniam,
702 1674 728 1696 et
748 1669 778 1695 in
793 1678 837 1703 ea,
857 1678 915 1696 non
929 1678 1046 1706 possum
1060 1668 1154 1696 dicere
1171 1669 1314 1706 quomodo
1329 1669 1360 1695 id
1370 1669 1485 1706 sactum
1499 1670 1551 1705 sit,
1563 1671 1624 1698 sive
1641 1669 1793 1699 homimem

236 1715 351 1749 studiis,
363 1717 420 1743 sive
434 1715 490 1742 Dei
511 1715 658 1753 beneficia,
679 1714 758 1742 solus
772 1715 803 1742 id
816 1716 893 1743 novit
909 1715 999 1751 Deus,
1021 1713 1125 1752 dignus
1138 1715 1254 1742 habitus
1268 1724 1331 1742 sum
1344 1714 1529 1742 ordinatione
1542 1724 1606 1753 qtae
1621 1717 1698 1743 vires
1715 1725 1793 1744 meas

237 1768 363 1800 superat,
377 1768 404 1790 et
412 1763 612 1800 particepssui
624 1763 829 1800 persecutionis
841 1764 917 1790 beati
928 1763 1065 1796 Ioannis,
1079 1768 1167 1800 atque
1178 1762 1311 1790 undecim
1326 1772 1437 1791 menses
1447 1764 1479 1789 in
1490 1764 1612 1791 obscura
1619 1763 1696 1791 cella
1709 1763 1791 1791 latui.

238 1808 365 1847 Agnoscis
382 1808 545 1842 Palladium,
559 1808 807 1846 llelenopolitanum
821 1809 975 1848 episcopum
985 1831 992 1844 ‚
1006 1809 1052 1846 qui
1068 1815 1125 1847 post
1141 1808 1284 1847 Eulysium
1297 1815 1321 1836 et
1333 1808 1509 1844 Demetrium,
1521 1809 1668 1848 episcopos,
1680 1810 1793 1838 Romam

238 1857 335 1884 missus
350 1856 399 1884 fuit
413 1855 447 1884 ad
462 1856 645 1884 Innocentium
665 1857 781 1894 Papffln3
796 1856 895 1894 quique
911 1863 999 1895 postea
1016 1856 1141 1884 remissus
1156 1866 1217 1884 eum
1233 1855 1337 1884 Latinis
1355 1855 1487 1894 episeopis
1502 1855 1591 1885 literas
1608 1856 1719 1885 Honorii
1735 1858 1793 1886 lm-

238 1903 367 1942 peratoris
383 1903 418 1931 ad
431 1903 579 1932 Arcadium
597 1903 791 1937 deferentibus,
807 1904 833 1931 in
846 1913 976 1931 carcerem
993 1904 1127 1942 conjectus
1144 1910 1192 1938 est,
1216 1910 1244 1931 ut
1263 1903 1419 1942 perhibetur
1434 1903 1460 1931 in
1474 1902 1589 1943 dialogo.
1607 1904 1636 1933 Si
1655 1904 1690 1932 ita
1710 1915 1738 1933 se
1750 1915 1791 1933 res

238 1948 346 1977 baberet
355 1972 362 1984 ,
374 1948 518 1976 dicendum
531 1955 607 1982 esset,
627 1948 749 1976 eumdem
763 1959 818 1977 csse
830 1948 994 1985 Palladium,
1012 1956 1147 1978 auctorem
1161 1949 1243 1988 hujus
1257 1949 1373 1988 dialogi,
1385 1960 1414 1978 ac
1429 1949 1581 1978 Palladium
1594 1950 1640 1988 qui
1654 1952 1767 1979 Romam
1779 1961 1794 1979 a

239 1997 340 2025 ,Ioanne
362 1996 656 2035 Constantitwpolitano
673 1997 769 2024 missus
789 1997 855 2032 fuit,
870 2004 894 2025 et
907 1997 953 2034 qui
967 1997 1112 2026 Historiam
1126 1997 1299 2026 Eremiticam
1314 1997 1348 2026 ad
1360 1999 1477 2026 Lausum
1492 1997 1615 2037 scripsit:
1627 1997 1700 2036 quod
1714 1998 1794 2026 simul

238 2051 307 2072 stare
318 2044 426 2072 omniuo
438 2054 489 2072 non
505 2051 599 2082 potest.
614 2045 681 2072 Nam
696 2051 789 2072 auctor
804 2044 883 2083 liujus
896 2044 1012 2083 dialogi,
1031 2046 1225 2084 cujuscumque
1235 2045 1342 2074 tandem
1355 2045 1473 2074 civitatis
1486 2046 1626 2085 episcopus
1638 2045 1731 2082 fuerit,
1743 2046 1795 2074 ali-—

239 2098 337 2128 quanto
352 2098 411 2130 post
428 2098 545 2130 tempore
560 2102 586 2118 se
605 2091 723 2130 primum
740 2092 852 2119 Romam
875 2091 976 2120 venisse
989 2093 1037 2129 ait,
1057 2103 1138 2130 quam
1153 2099 1261 2121 venerat
1276 2092 1429 2127 Palladius,
1445 2092 1586 2130 episcopus
1600 2092 1796 2131 Helenopolita-

239 2148 304 2175 nus5
317 2148 395 2176 quem
405 2145 524 2176 tempore
536 2137 683 2166 Innocentii
700 2139 810 2166 Romam
828 2138 940 2173 venisse,
959 2138 1015 2177 ipse
1026 2139 1132 2173 scribit,
1149 2146 1290 2177 antequam
1303 2139 1443 2167 haberetur
1457 2138 1500 2166 hic
1515 2137 1649 2176 dialogus.
1665 2139 1793 2166 Praeterea

239 2195 299 2213 eum
320 2185 408 2213 adhuc
422 2185 495 2224 apud
508 2185 661 2224 Blemmyas
674 2184 787 2213 detineri
804 2185 898 2214 scribit
911 2196 941 2214 eo
954 2186 1012 2225 ipso
1027 2193 1159 2225 tempore,
1172 2197 1226 2224 quo
1240 2186 1309 2214 hanc
1323 2185 1435 2218 διάλεξιν
1456 2185 1612 2213 instituebat
1626 2195 1686 2213 cum
1700 2185 1794 2214 Theo-

240 2232 306 2260 doro
319 2244 325 2259 :
338 2243 396 2270 quse
409 2232 477 2260 inter
489 2242 517 2260 sc
536 2232 673 2260 conciliari
686 2232 759 2260 nullo
779 2232 858 2261 modo
873 2240 991 2272 possunt.
1009 2234 1123 2261 Demum
1138 2233 1254 2261 Historia
1273 2233 1401 2261 Lausiaca
1416 2232 1484 2260 mibi
1495 2232 1602 2261 videtur
1614 2233 1711 2271 scripta
1724 2233 1792 2261 circa

240 2288 338 2306 anuum
351 2279 403 2306 kat
425 2289 430 2305 :
444 2288 496 2315 quo
508 2288 577 2306 auno
591 2285 685 2306 auctor
704 2278 785 2317 hujus
802 2279 917 2307 historice
932 2286 1023 2307 natum
1037 2290 1065 2308 se
1078 2290 1133 2308 esse
1145 2290 1226 2308 annos
1239 2279 1431 2318 quinquaginta
1453 2285 1519 2315 tres,
1534 2285 1558 2307 et
1575 2290 1589 2307 a
1606 2278 1703 2317 viginti
1718 2279 1794 2307 annis

240 2324 265 2352 in
283 2324 406 2363 Bithynia
422 2324 576 2363 episcopum
593 2334 647 2352 esse
659 2331 779 2353 testatur.
796 2327 855 2354 Jani
871 2326 892 2354 si
907 2326 1031 2355 detrahas
1046 2337 1079 2355 es
1090 2326 1165 2354 annis
1180 2327 1232 2354 421
1251 2336 1333 2354 annos
1348 2325 1563 2364 quatuordeeim,
1577 2335 1645 2353 anno
1656 2325 1724 2360 40⁷,
1741 2336 1794 2363 quo

240 2377 360 2398 mortuus
374 2377 412 2399 cst
427 2370 633 2410 Cbrysostomus
645 2394 651 2406 ,
666 2381 764 2399 annum
780 2378 842 2400 tuuc
863 2372 956 2411 agebat
972 2372 1108 2401 Palladius
1123 2372 1291 2411 trigesimum
1313 2382 1422 2401 nonum.
1442 2372 1526 2411 Igitur
1544 2371 1690 2400 verisimile
1708 2379 1746 2400 cst
1761 2382 1794 2401 ex

241 2418 362 2457 superius
376 2417 478 2452 allatis,
500 2417 637 2455 dialogum
652 2417 775 2446 habitum
790 2418 870 2446 fuisse
888 2419 967 2457 paulo
987 2425 1046 2458 post
1061 2425 1174 2448 mortem
1189 2419 1299 2448 Joannis
1312 2418 1494 2457 Chrysostomi
1504 2441 1511 2455 ‚
1527 2420 1595 2447 circa
1608 2428 1707 2446 annum
1721 2419 1793 2452 408,

240 2475 292 2503 quo
305 2474 373 2492 anno
386 2464 531 2500 Palladius,
543 2471 635 2492 auctor
650 2463 774 2493 Historiae
793 2465 939 2501 Lausiacm,
958 2473 1033 2495 uatus
1045 2473 1100 2494 erat
1116 2476 1198 2495 annos
1211 2465 1387 2504 quadraginta
1400 2477 1405 2493 ε
1420 2465 1493 2503 quod
1507 2465 1615 2493 omnino
1625 2464 1796 2494 animadver-

239 2512 311 2540 sione
325 2511 438 2550 diguum
454 2518 530 2550 puto,
543 2511 607 2550 quia
619 2511 779 2540 Theodorus
791 2523 861 2551 scope
874 2513 1016 2552 compellat
1026 2513 1180 2553 episcopum
1196 2520 1331 2541 auctorem
1340 2512 1452 2551 dialogi,
1466 2512 1549 2540 veluti
1562 2522 1649 2541 senem
1659 2535 1666 2549 ‚
1681 2522 1795 2550 eumque

239 2570 286 2598 per
298 2569 374 2587 canos
389 2559 446 2597 ejus
460 2559 578 2597 adjurat,
591 2566 619 2587 ut
636 2570 728 2587 verum
741 2559 791 2598 ipsi
807 2567 893 2588 narret
908 2572 914 2588 z
929 2571 987 2598 qum
1004 2561 1172 2600 compellatio
1187 2559 1280 2589 cadere
1296 2560 1342 2588 vix
1354 2566 1439 2599 potest
1452 2559 1478 2587 iu
1489 2560 1578 2588 virum
1591 2570 1722 2588 annorum
1732 2569 1795 2597 qua-

237 2607 371 2643 draginta.
394 2606 422 2635 Si
435 2606 590 2634 sententiam
607 2607 655 2635 hac
667 2606 699 2635 dc
714 2617 741 2635 rc
760 2618 844 2635 meam
863 2608 1028 2646 interponere
1045 2609 1089 2637 bie
1102 2609 1206 2642 liceret,
1221 2608 1288 2637 illud
1302 2615 1404 2636 tantum
1419 2607 1452 2636 de
1466 2614 1574 2636 auctore
1586 2606 1667 2646 hujus
1677 2606 1794 2644 dialogi,

238 2654 308 2691 quod
328 2654 382 2692 ips(¹
398 2653 430 2681 de
445 2665 471 2681 st·
486 2653 573 2685 (lixit,
592 2655 821 2692 pronuntiandum
835 2666 984 2684 censerem:
1004 2656 1091 2695 ipsum
1111 2656 1210 2685 scilicet
1226 2666 1327 2694 magnae
1343 2655 1459 2685 civitatis
1475 2654 1627 2693 episcopum
1642 2654 1740 2689 fuisse,
1757 2654 1793 2681 sir
