1884 2922
669 215 773 240 {NDEx
801 214 1051 239 ALPHABETICUS
1057 229 1064 237 .

131 279 273 318 Προσοχῖ-’,ς
287 277 335 316 μὲν
352 278 438 307 ἕνεκεν
450 279 498 313 τ’ἧς
511 278 571 317 περὶ
585 278 634 314 τὴν
648 279 773 319 ἀκρόασιν
783 301 790 315 ,
802 278 830 307 in

89 326 166 354 Joan.
178 324 257 353 Hom.
268 326 297 355 3.
314 330 334 352 t.
350 326 378 354 8.
392 335 419 363 p.
436 325 481 353 16.

131 370 203 409 Πρὸς
227 370 274 404 τὰς
287 373 332 399 τοῦ
349 370 454 408 μέλιτος
469 369 557 408 πηγὰς
571 370 687 409 τήμερον
705 372 774 408 ὑμᾶς
784 394 791 407 ‚
803 370 831 400 in

89 416 158 447 illud
171 439 179 454 ‚
206 418 331 457 Propter
352 417 560 455 fornicationes
575 439 583 453 ,
609 424 629 445 t.
653 419 682 447 3.
709 428 737 456 p.
764 419 832 447 193.

128 462 201 501 Πρὸς
213 462 242 491 τὸ
257 463 330 495 τέλος
341 464 406 500 ἡμῖν
416 464 463 496 τ’ἦς
472 463 593 497 νηστείας
603 464 695 493 λοιπὸν
705 466 718 493 6
730 463 830 503 καιρός,

89 508 117 538 in
128 509 234 538 Statuas
247 508 329 537 Hom.
340 511 386 539 20.
402 515 422 537 t.
442 511 469 538 2.
481 519 511 547 p.
526 511 591 538 199.

131 555 202 594 Πρὸς
218 554 248 583 τὸ
270 554 345 587 τέλος
364 555 455 584 λοιπὸν
469 555 620 593 ἐφθάσαμεν
640 556 688 589 τ-’ῆς
704 554 773 584 κατὰ
787 554 830 583 τὸν

91 601 202 637 δίκαιον,
213 601 240 629 in
257 601 383 630 Genesim
401 601 481 629 Hom.
496 602 570 630 29.t.
586 601 613 630 4.
625 611 652 640 p.
664 603 731 630 279.

129 647 262 686 Πρότερον
279 647 438 685 ἐπιτιμήσας
457 649 495 685 τῷ
518 646 631 685 κρίνοντι
646 647 690 675 τὸν
706 646 832 685 ἀδελφόν,

90 693 118 722 in
133 693 183 732 Ep.
199 693 233 721 ad
243 694 356 722 Roman.
373 693 451 721 Hom.
468 694 515 723 26.
531 700 550 722 t.
561 695 591 723 9.
607 704 634 733 p.
653 695 720 722 711.

130 739 262 778 Πρότερον
273 739 371 777 ἴδωμεν
387 739 426 773 τίς
437 742 454 774 ἦ
466 739 638 778 κληρονομία,
651 739 679 768 in
693 739 791 768 Psalm.
802 740 830 769 5.

90 791 109 813 t.
127 786 154 814 5.
168 796 195 824 p.
211 788 259 815 28.

131 831 262 870 Πρότερον
280 830 326 868 μὲν
344 832 395 859 τῶν
417 830 552 860 Ἰουδαίων
579 832 593 859 6
617 830 699 867 δῆμος
726 832 759 869 τῇ
777 832 830 859 τῶν

88 887 184 915 προᾳ,
200 876 227 904 in
242 876 401 915 prophetam
411 876 554 911 Heliam‚t.
567 876 594 905 6.
603 886 630 914 p.
646 876 713 911 600,
721 878 829 914 spuria.

128 922 313 960 Προτρέπεται
322 924 366 950 καὶ
379 921 475 954 κόλπος
485 920 617 961 βύθιος,ἱῐ1
627 920 831 957 illud,Verum-

87 973 186 995 tamen
197 978 274 996 vane
283 969 484 1003 conturbatur,
492 973 566 995 etc.t.
576 968 602 995 5.
612 977 638 1005 p.
648 968 827 1006 566‚spuria.

127 1013 281 1051 Προφητεία
295 1013 379 1042 τοίνυν
399 1013 455 1042 ἐστὶ
471 1013 502 1042 τὸ
514 1013 599 1051 λέγειν
613 1013 629 1047 ἣ
646 1013 692 1041 καὶ
709 1016 829 1053 τυπικῷ,

89 1059 214 1088 Praefatio
237 1059 265 1088 in
291 1060 437 1089 Jeremiam
466 1059 592 1088 Lambec.
623 1058 641 1086 l.
674 1059 702 1088 4.
729 1070 756 1098 p.
781 1061 828 1089 76.

88 1106 275 1146 Chrysostomi
287 1107 398 1141 dicitur,
407 1106 495 1145 inquit
510 1107 647 1141 Lambec„
659 1107 703 1135 sed
719 1117 754 1135 ex
761 1107 828 1136 Ori-

86 1152 170 1190 genis,
184 1152 282 1192 Chrys.
301 1159 327 1180 et
342 1152 504 1181 Theodoreti
525 1152 633 1191 scriptis
647 1153 829 1182 consarcinata

86 1204 134 1226 est.
148 1198 358 1238 Chrysostomus
369 1205 460 1227 autem
474 1198 591 1233 nullum,
605 1198 679 1236 quod
693 1199 826 1234 sciamus,

85 1243 116 1272 in
130 1244 275 1273 Jeremiam
288 1244 509 1273 commentarium
520 1244 620 1281 edidit3
632 1243 678 1273 sed
686 1246 760 1274 varia
772 1246 829 1285 ejus

86 1288 145 1318 loca
161 1290 225 1318 hinc
239 1297 265 1318 et
286 1289 348 1318 inde
369 1289 491 1318 desumta
511 1289 682 1318 adhibentur.
698 1291 771 1319 Dicit
785 1298 829 1319 ta-

88 1346 148 1365 men
169 1336 306 1371 Savilius,
327 1336 355 1364 in
377 1336 430 1364 fine
450 1336 582 1364 Notarum
595 1336 623 1364 in
642 1337 717 1365 Isaiae
742 1337 830 1376 capita

88 1389 148 1411 octo
160 1394 169 1410 .-
182 1384 291 1412 Exstat
308 1384 417 1421 passim
441 1385 472 1410 in
492 1382 683 1411 Bibliotheca<
702 1384 830 1421 ἑρμηνεία

87 1430 123 1461 εἰς
137 1427 179 1456 τὀν
197 1428 334 1467 προφήτην
347 1428 476 1466 Ἱερεμίαν
485 1450 492 1463 ,
505 1428 708 1466 Chry-sostomo
720 1429 829 1457 adscri-

83 1481 147 1512 pta,
164 1476 247 1513 cujus
261 1475 464 1513 apographum
481 1485 518 1502 ex
531 1475 715 1503 Bibliotheca
726 1476 828 1504 Bava-

83 1522 147 1548 rica
160 1520 335 1559 descriptum
346 1522 487 1549 habemus
495 1533 505 1553 ‚·
518 1531 554 1549 ne
564 1521 628 1549 luce
641 1522 768 1560 quidem,
782 1533 830 1550 ne-

83 1567 153 1594 dum
179 1573 259 1595 lanto
281 1573 400 1595 auctore
423 1567 543 1606 dignum
571 1567 755 1604 opusculum;
777 1570 829 1597 sed

84 1622 177 1651 nugas
199 1623 294 1642 meras
309 1624 442 1651 :quarum
468 1613 577 1641 initium
598 1613 644 1642 ille
656 1614 744 1642 affert.

122 1658 294 1698 Προφητικὴν
312 1659 426 1697 τήμερον
443 1660 504 1697 ὒμῑν
523 1663 680 1698 παρατεῖναι
694 1660 766 1698 βούλ.
776 1683 783 1696 ,
793 1660 829 1690 de

83 1705 288 1744 Prophetiarum
303 1705 465 1734 obscuritate
483 1705 562 1734 Hom.
588 1709 612 1735 1.
626 1712 644 1733 t.
665 1707 692 1735 6.
713 1717 740 1745 p.
758 1709 825 1737 168.

83 1749 205 1789 *Incipit
217 1750 244 1778 in
257 1751 344 1780 Calai.
359 1753 426 1789 Aug.
437 1764 518 1791 προς.
534 1754 595 1790 ὑμῖν
612 1752 736 1791 τήμερον.

124 1795 222 1836 Πρῴην
238 1797 361 1835 ἐλέγομεν
376 1797 417 1826 ὅτι
427 1797 550 1832 Ἰωάννης
560 1798 608 1833 τὴν
618 1798 730 1836 ἀπορίαν
744 1798 825 1836 λύων,

83 1841 110 1869 in
120 1843 198 1872 Joan.
212 1842 291 1870 Hom.
306 1843 351 1871 14.
367 1849 388 1870 t.
401 1845 428 1872 S.
440 1854 467 1882 p.
479 1845 526 1872 78.

123 1888 222 1927 Πρῴην
232 1889 258 1922 ἐξ
267 1884 302 1917 ὧν
311 1889 443 1924 ἀκηκόατε
457 1888 577 1927 μεμ,,ᾶθ
585 1889 692 1928 Jejunio
702 1889 781 1918 Hom.
795 1893 825 1926 3,

82 1936 192 1971 spuria,
207 1940 226 1962 t.
239 1936 266 1963 9.
277 1945 306 1973 p.
320 1936 386 1964 797.

122 1980 221 2019 Πρῴην
232 1980 455 2018 ἐπαγγειλάμενος
463 1980 535 2012 τέλος
548 1981 683 2016 ἐπιθεῖναι,
693 1980 720 2008 in
733 1981 826 2009 Gene-

81 2025 132 2054 sim
146 2026 226 2054 Hom.
242 2028 290 2056 67.
306 2033 323 2054 t.
338 2026 365 2055 4.
379 2037 407 2065 p.
425 2027 491 2056 635.

122 2072 222 2112 Πρῴην
237 2075 301 2110 ἡμῖν
316 2075 332 2108 ἡ
349 2073 452 2111 μεγάλη
463 2096 470 2108 ,
484 2072 511 2100 in
527 2072 626 2100 Filium
641 2072 786 2111 prodigum
801 2080 826 2102 et

80 2119 115 2148 de
128 2119 307 2156 Poenitentia.‚
317 2121 329 2133 ¹
343 2123 445 2159 sparsa
460 2126 487 2148 et
503 2122 620 2149 omissa.
634 2119 729 2148 Edidit
741 2120 825 2149 Savil.

81 2173 100 2194 t.
113 2168 139 2196 5.
154 2177 180 2205 p.
196 2168 262 2196 720.

121 2211 219 2252 Πρῴην
237 2211 283 2250 μὲν
312 2213 485 2250 ἐνεκαλοῦμεν
508 2216 561 2245 τοῖς
581 2214 676 2241 καταλ.
693 2234 701 2248 ,
718 2212 752 2241 de
767 2213 824 2241 Do-

83 2258 171 2287 ctrina
185 2265 209 2287 et
224 2259 402 2299 correptione,
414 2258 514 2297 Ecloga
529 2259 556 2288 6.
575 2265 594 2288 t.
611 2261 656 2288 12.
671 2270 698 2298 p.
718 2259 784 2288 469.

121 2304 219 2344 Πρῴην
237 2304 284 2342 μὲν
308 2305 369 2343 περὶ
389 2305 578 2340 ἀκαταλήπτου
599 2305 721 2343 γνώσεως
737 2306 825 2340 Θεοῦ,

80 2350 162 2385 Quod
176 2361 227 2379 non
249 2358 368 2390 oporteat
384 2351 621 2387 anathematizare,
637 2358 656 2380 t.
677 2356 704 2380 1.
719 2362 746 2390 p.
756 2354 823 2382 691.

119 2396 219 2436 Πρῴην
244 2399 258 2426 6
279 2397 376 2436 Σωτὴρ
390 2399 467 2435 ἡμῶν
491 2397 560 2426 κατὰ
583 2398 631 2431 τὴν
656 2399 707 2425 τῶν
733 2397 824 2435 ἁγίων,

80 2442 107 2470 in
122 2442 202 2478 illud,
217 2443 248 2472 Si
267 2454 324 2471 non
339 2444 508 2472 dimiseritis
519 2456 529 2476 ;
541 2447 640 2481 spuria
661 2450 687 2471 et
707 2446 822 2472 omissa.

121 2488 219 2529 Πρῴην
238 2489 282 2519 ὅτε
300 2490 344 2518 τὸν
359 2493 438 2529 τῦφον
453 2491 504 2517 τῶν
524 2489 657 2518 Ἰουδαίων
667 2513 673 2524 ,
687 2489 714 2517 in
734 2489 803 2518 illud
814 2512 822 2525 ‚

84 2536 142 2574 Qui
149 2536 217 2564 ‘vult
228 2537 303 2564 inter
313 2545 364 2564 nos
369 2539 480 2573 primus
496 2545 555 2564 esse
566 2548 578 2569 ;
591 2537 690 2572 spuria
703 2546 737 2564 ac
751 2546 824 2574 proe-

82 2583 227 2610 ter-missa.

122 2627 143 2664 -ξ-
155 2626 250 2666 Πριξιην
261 2627 482 2665 ὓς).ῑν,ἇγαττητοί,
492 2627 534 2656 τὸν
546 2628 615 2663 πολ,
630 2628 656 2656 in
669 2628 822 2666 quatridua-

1557 202 1628 246 375

885 288 950 307 num
964 278 1095 306 Lazarum
1103 282 1129 305 et
1139 274 1173 305 de
1183 275 1232 305 SS.
1251 273 1387 303 Domnina
1398 280 1472 302 etc.t.
1483 276 1513 303 ⁴2.
1522 285 1548 313 p.
1560 274 1627 304 646.

925 323 1024 363 Πρῴην
1035 325 1094 360 ὑμῖν
1110 322 1170 361 περὶ
1185 321 1354 361 σωφροσύνης
1363 320 1490 360 διελέχθ.,
1505 320 1531 349 in
1546 320 1628 357 illud,

886 371 1035 408 Apparuit
1045 370 1144 407 gratia
1157 369 1212 396 Dei
1222 374 1290 404 etc.;
1307 368 1408 405 spuria
1418 372 1446 395 et
1461 370 1578 395 omissa.

926 415 1025 454 Πρώι-γ·Ι
1040 417 1091 444 τῶν
1105 415 1221 452 ἀζύμων·
1238 413 1285 449 τὴν
1297 415 1348 452 πρὸ
1362 415 1413 442 τῶν
1429 412 1534 452 ἀζύμων
1549 413 1627 451 φησί,

887 462 913 490 in
929 461 1029 490 Maith.
1042 461 1120 489 Hom.
1137 462 1184 490 82.
1197 467 1217 488 t.
1237 462 1266 489 7.
1280 471 1307 499 p.
1321 462 1390 490 773.

925 508 1036 546 Πρῶτον
1062 507 1262 545 αἰνιγματωδῶς
1285 505 1381 541 εἰπὼν,
1400 505 1510 544 βλέπετε
1532 505 1568 543 μή
1589 517 1629 539 τις

884 553 996 591 ὗμᾶς,ι“ι]
1008 553 1059 592 Ep.
1072 552 1107 580 ad
1122 552 1226 580 Coloss.
1243 552 1322 580 Hom.
1337 554 1364 580 7.
1379 558 1398 580 t.
1416 555 1461 581 11.
1476 563 1503 591 p.
1516 553 1584 582 371.

925 600 1035 637 Πρῶτον
1044 599 1185 636 ἀναγκαῖον
1192 597 1240 632 τὴν
1253 598 1375 626 ὓπόθεσιν
1388 600 1468 626 εἰπεῖν
1475 600 1522 633 τῆς
1530 600 1629 632 ἐπιστ.,

885 645 1082 681 Argumentum
1097 643 1124 671 in
1138 643 1225 682 Epist.
1240 643 1274 671 ad
1290 643 1405 672 Philem.
1419 651 1437 672 t.
1458 647 1503 673 11.
1516 655 1542 682 p.
1558 646 1596 673 77
1621 666 1628 672 .

926 689 1038 728 Πτωχὸν
1052 692 1069 724 ἡ
1083 688 1215 729 ἐπιγραφὴ
1224 689 1304 727 λέγει,
1319 689 1346 717 in
1365 689 1464 718 Psalm.
1479 692 1532 719 101
1544 711 1551 724 ,
1562 700 1628 728 spu-

883 736 930 763 ria
947 745 982 763 ac
1003 736 1208 773 praetermissa.

923 781 987 813 Πῶς
998 781 1051 820 γὰρ
1063 781 1149 813 ἄλλως
1160 782 1286 815 ἀκοῦσαι,
1297 780 1325 808 in
1340 780 1440 808 Psalm.
1454 780 1492 811 43
1504 803 1513 818 7
1526 783 1627 820 spuria

884 836 919 855 ac
934 828 1138 865 praetermissa.

924 874 988 906 Πῶς
1008 872 1153 910 διαλάμπει
1178 874 1269 912 σαφῶς
1288 872 1334 901 καὶ
1357 873 1463 907 λαθεῖν,
1480 872 1628 901 Constantii

882 918 971 958 presb.
991 918 1027 947 ad
1051 919 1161 947 Castum
1182 919 1280 958 presb„
1291 929 1334 958 ep.
1354 919 1450 948 2401.
1469 920 1495 949 3.
1511 929 1539 958 p.
1558 920 1628 949 735.

924 966 986 998 Πῶς
996 967 1043 993 οὐκ
1057 965 1149 994 ἔλαὸον
1165 966 1195 994 ἐκ
1212 966 1263 993 τῶν
1283 965 1427 1002 εἰρημένων
1443 965 1564 1004 ἀφορμήν
1578 987 1586 1001 ,
1600 964 1627 994 in

884 1012 950 1039 Acta
964 1012 1056 1050 Apost.
1075 1011 1154 1039 Hom.
1173 1013 1218 1041 18.
1235 1017 1253 1039 t.
1269 1013 1297 1041 9.
1309 1022 1337 1050 p.
1355 1010 1422 1041 143.

922 1059 985 1090 Πῶς
999 1053 1041 1086 oliv
1056 1069 1133 1097 φησιν
1147 1059 1161 1085 ὁ
1173 1059 1289 1091 Λουκᾶς,
1303 1057 1343 1086 ὅτι
1359 1057 1401 1086 ἐπὶ
1413 1059 1460 1093 τῆς
1473 1057 1572 1097 φάτνης
1582 1080 1589 1093 ,
1600 1057 1627 1087 in

883 1103 982 1132 Matth.
995 1104 1075 1132 Hom.
1095 1106 1122 1133 8.
1134 1110 1152 1131 t.
1167 1105 1193 1132 7.
1205 1114 1231 1142 p.
1246 1106 1310 1133 118.

923 1151 986 1182 Πῶς
1004 1145 1048 1178 οὖν
1067 1161 1146 1189 φησιν
1169 1152 1182 1178 6
1202 1150 1330 1188 Χριστὸς,
1342 1150 1382 1178 ὅτι
1401 1151 1449 1178 οῦκ
1472 1149 1628 1179 ἐπίστευσαν

883 1194 1004 1234 Ἰωάννῃ,
1014 1195 1042 1223 in
1056 1195 1154 1223 Mauh.
1169 1194 1248 1224 Hom.
1261 1197 1288 1224 2.
1304 1201 1322 1223 t.
1335 1197 1362 1224 7.
1378 1206 1405 1234 p.
1420 1195 1484 1225 149.

923 1244 985 1275 Πῶς
998 1247 1124 1282 παρεῖχον
1139 1243 1186 1278 τὴν
1199 1242 1396 1282 φιλανθρωπίαν
1408 1244 1432 1272 οἳ
1447 1243 1585 1283 βάρὸαροι,
1601 1243 1628 1272 in

884 1291 948 1318 Acta
964 1292 1056 1329 Apost.
1073 1290 1152 1318 Hom.
1165 1290 1212 1320 54.
1228 1296 1247 1318 t.
1264 1292 1291 1320 9.
1308 1301 1335 1329 p.
1352 1290 1418 1321 404.

1246 1397 1269 1426 P

921 1475 1061 1514 ξΡοιγδοιῖόν
1076 1488 1102 1504 τι
1114 1477 1207 1515 χρῆμα
1220 1475 1264 1503 καὶ
1278 1475 1363 1514 βίαιον
1384 1477 1400 1510 ἡ
1415 1475 1519 1512 ἀγάπη,
1532 1475 1627 1512 Casto,

881 1521 1002 1556 Valerio,
1015 1521 1169 1560 Diophanto
1184 1527 1245 1556 etc„
1257 1531 1298 1559 ep.
1316 1522 1382 1551 130.
1397 1527 1416 1549 t.
1428 1522 1455 1550 3.
1471 1531 1497 1559 p.
1510 1522 1578 1550 675.

918 1566 1050 1605 Ῥᾴθυμον
1065 1579 1122 1599 πως
1132 1569 1148 1601 ἡ
1162 1567 1312 1606 ἀνθρωπίνη
1326 1566 1401 1606 φύσις
1412 1566 1456 1596 καὶ
1468 1566 1622 1606 ὀξύρροπον,

880 1612 906 1641 in
922 1613 998 1642 Joan.
1014 1613 1093 1641 Hom.
1108 1615 1152 1642 18.
1164 1619 1182 1641 t.
1198 1615 1224 1642 8.
1240 1623 1269 1652 p.
1285 1615 1349 1643 103.

919 1658 995 1688 Ῥοαὶ
1011 1659 1056 1687 καὶ
1073 1660 1157 1697 μῆλον
1171 1659 1217 1687 καὶ
1232 1659 1328 1698 φοίνιξ,
1347 1658 1473 1687 Ascendit
1490 1659 1624 1688 Dominus

878 1704 906 1732 in
919 1705 1058 1744 templum,
1078 1707 1189 1744 spuria,
1206 1712 1225 1733 t.
1240 1708 1284 1735 10.
1299 1716 1326 1744 p.
1340 1706 1406 1734 792.

918 1751 1063 1789 “Ρωμαίοις
1089 1752 1197 1790 γράφων
1215 1753 1228 1780 6
1244 1743 1372 1789 μακάριος
1392 1751 1506 1786 Παῦλος,
1527 1750 1622 1790 φησὶν,

879 1798 918 1836 ἐφ’
927 1797 1001 1834 ὅσον,
1010 1799 1206 1836 Argumentum
1220 1797 1248 1825 in
1263 1796 1316 1836 Ep.
1325 1796 1359 1824 ad
1375 1796 1457 1825 Hebr.
1469 1803 1487 1824 t.
1500 1799 1545 1826 12.
1557 1807 1583 1836 p.
1596 1800 1622 1826 1.

1237 1902 1261 1931 Σ

919 1981 1070 2019 Σάλπιγγος
1083 1981 1232 2020 ὑψηλότερα
1247 1983 1299 2019 βοῶ
1311 2004 1318 2017 ,
1329 1981 1377 2016 τὴν
1395 1982 1483 2021 φωνὴν
1499 1984 1621 2022 ἀνυψῶν,

878 2025 911 2054 de
923 2027 1041 2065 Jejunio,
1055 2029 1167 2065 spuria,
1180 2033 1198 2054 t.
1219 2031 1263 2057 10.
1280 2039 1307 2066 p.
1325 2028 1392 2057 846.

919 2072 1011 2111 Σαφὴς
1028 2075 1043 2106 ἠ
1062 2075 1109 2107 τῆς
1123 2073 1283 2111 προφητείας
1299 2073 1448 2112 ἐπιγραφή,
1464 2073 1491 2102 in
1507 2074 1551 2102 Ps.
1563 2077 1619 2112 78,

877 2120 987 2157 spuria,
1003 2125 1021 2145 t.
1033 2120 1059 2147 5.
1072 2129 1098 2157 p.
1112 2120 1180 2148 733.

917 2165 1044 2201 Σεμνύνει
1061 2165 1107 2202 μὲν
1118 2165 1176 2197 τοὺς
1191 2165 1353 2204 εὐδοκίμους,
1361 2165 1388 2194 in
1397 2166 1425 2195 S.
1437 2166 1617 2206 Stephanum,

876 2214 984 2249 spuria,
997 2217 1015 2239 t.
1033 2213 1078 2240 19..
1094 2222 1120 2250 p.
1134 2213 1201 2240 809.

918 2257 1049 2296 Σήμερον,
1066 2257 1212 2294 ἀγαπητοὶ,
1224 2257 1267 2285 τὸν
1279 2256 1367 2296 ἰατρὸν
1386 2259 1438 2286 τῶν
1457 2258 1549 2297 ψυχῶν
1563 2279 1572 2295 ,
1585 2258 1620 2287 de

876 2303 982 2341 Jejunio
998 2303 1075 2330 Hom.
1089 2304 1116 2331 5.
1130 2309 1147 2330 t.
1159 2304 1187 2332 9.
1201 2313 1226 2341 p.
1245 2305 1311 2333 800.

913 2348 1035 2387 Σήμερον
1058 2349 1088 2377 ἐκ
1102 2350 1199 2387 νεκρῶν
1224 2349 1385 2388 ἐγειρόμενος
1404 2351 1417 2378 6
1433 2349 1563 2390 Λάζαρος,
1589 2350 1618 2379 in

876 2393 1087 2432 quatriduanum
1103 2394 1243 2429 Lazarum,
1257 2401 1275 2422 t.
1295 2398 1356 2434 1.p.
1368 2396 1435 2424 525.

916 2440 1036 2479 Σήμερον
1062 2442 1125 2478 ἡμῖν
1145 2440 1293 2479 ἀνεγνώσθη
1309 2441 1463 2480 ὁμακάριος
1482 2441 1579 2476 Δαυίδ,
1591 2441 1619 2471 in

876 2486 1018 2520 Davidem,
1030 2488 1130 2525 spuria
1141 2493 1169 2515 ec
1181 2490 1297 2516 omissa.

916 2534 1036 2573 Σήμερον
1048 2536 1112 2572 ἡμῖν
1125 2537 1141 2569 ἡ
1154 2538 1198 2563 τοῦ
1210 2535 1334 2574 Σωτῆρος
1343 2537 1419 2573 ἡμῶν
1430 2535 1573 2574 ἀνάληψις,
1588 2534 1617 2563 iu

877 2580 1074 2617 Ascensionem,
1088 2584 1188 2619 spuria
1199 2587 1227 2609 et
1238 2583 1356 2610 omissa.

916 2628 1038 2667 Σήμερον
1048 2631 1111 2666 ἡμῖν
1126 2631 1139 2656 ὃ
1154 2629 1267 2667 Χριστὸς
1284 2629 1342 2662 τοὺς
1353 2630 1444 2662 ἄθλους
1455 2631 1500 2663 τῆς
1516 2630 1616 2666 Σαμα-
