1910 2907
658 200 745 222 Mac
773 199 901 222 Pltfflml
931 198 1129 221 .xn01:)‹.t1'.x.
1602 201 1607 220 Ι

128 260 180 290 aiio
196 268 312 300 tempoie
327 261 507 293 concinnatas,
521 271 611 289 eorum
631 262 677 299 qui
697 272 742 290 nos
757 272 867 301 praeces-

128 313 216 335 serant
228 306 351 345 exemplo
363 306 530 344 reliquimus.

167 353 258 381 Primo
276 360 363 381 autem
380 359 468 380 narrat
484 363 536 390 qua
552 351 585 380 dc
601 362 678 380 causa
700 353 773 381 Deus
792 352 868 390 psal-

127 409 185 427 mos
200 399 226 427 in
243 399 328 427 vitam
340 406 457 427 nostram
467 398 618 434 induxerit,
629 405 658 426 ut
673 408 766 437 nempe
778 408 867 426 socor-

127 444 216 474 diores
232 445 351 473 homines
363 445 494 483 erigeret,
508 445 625 473 animam
641 451 786 479 recrearet,
798 444 867 472 alia-

127 502 178 529 que
192 491 260 519 bona
281 491 436 519 hominibus
457 491 614 530 impertiret.
636 491 727 519 Postea
742 489 776 518 de
788 489 867 518 modo

127 537 257 574 psallendi
275 537 360 564 multa
380 536 461 571 dicit,
483 543 509 565 ct
526 537 629 575 aliquas
648 536 759 564 adhibet
776 546 868 570 voces,

124 582 159 610 ad
174 593 233 610 cam
245 593 299 610 rem
312 589 464 620 usurpatas,
477 593 542 620 quas
554 593 605 611 non
618 583 791 621 intelligentes
801 582 868 610 bene

127 629 204 656 multi
215 629 371 667 interpretes
380 651 388 662 ,
403 639 541 667 perperam
555 635 703 663 verterunt,
717 635 742 656 et
755 638 868 666 quarum

126 684 205 702 usum
216 681 240 702 et
255 684 360 702 sensum
374 673 466 702 multis
478 674 591 702 aliorum
601 680 708 712 patrum
719 680 745 702 ct
755 673 868 712 scripto-

127 730 187 748 rum
200 714 332 758 exemplis
343 719 541 758 explicavimus
554 720 580 748 in
593 720 708 748 Monito.

168 765 250 794 ninas
266 764 441 802 Catechescs,
461 776 527 804 quas
550 765 588 794 ad
608 765 800 793 illuminandos
824 776 869 794 5011

127 811 330 840 catechumenos
343 811 549 850 Chrysostomus
562 811 657 840 habuit
666 818 726 850 post
738 811 870 839 Homilias

80 861 116 883 ‘·'-
127 856 161 886 de
176 857 278 886 Statuis
290 856 436 885 edidimus.
452 857 516 886 Illas
533 868 607 893 vero,
624 857 794 895 maximeque
812 857 871 896 pri-

128 915 199 933 mam
220 904 248 932 in
270 903 483 942 Quadragcsima
506 904 568 932 anni
588 903 648 932 587
671 903 771 931 dictam
791 903 871 932 fuisse

127 949 305 989 probabiliter
329 949 529 984 existimamus;
548 949 739 978 Tillemontius
760 959 823 978 vero
844 950 871 978 in

128 1005 227 1023 annum
243 994 302 1023 588
321 1001 461 1032 utramque
476 994 619 1023 amandare
633 994 747 1023 mavult.
765 995 825 1030 Qua
840 996 873 1025 de

127 1051 157 1069 re
174 1040 300 1080 pluribus
323 1040 498 1068 disseruimus
519 1040 546 1068 in
566 1040 671 1068 Monito
693 1039 728 1068 ad
747 1041 869 1075 easdem,

128 1086 175 1115 ubi
188 1086 252 1115 vide
269 1086 316 1115 sis.
338 1086 367 1114 In
382 1086 469 1125 prima
484 1087 688 1115 catechumenos
703 1087 833 1123 instituit,
848 1094 873 1115 et

127 1132 205 1161 docet
221 1143 250 1161 ea
271 1143 330 1170 quae
350 1133 418 1160 scire
434 1143 482 1171 par
497 1139 553 1160 crat
575 1145 580 1160 :
598 1143 684 1170 neque
701 1132 770 1161 enim
784 1133 873 1162 omnia

128 1178 293 1207 docebantur
305 1178 488 1206 catechumeni
497 1190 506 1215 3
521 1179 681 1218 mysterium
700 1190 815 1217 namque
830 1190 876 1207 ca-

131 1224 190 1252 licis
215 1225 391 1263 ignorabant,
414 1223 499 1252 donec
526 1224 625 1264 initiati
649 1231 743 1253 essent.
770 1225 876 1254 Laudat

131 1270 191 1299 illos
215 1271 285 1308 quod
303 1271 417 1309 juvenes
433 1270 597 1310 baptismum
618 1279 703 1300 essent
721 1272 874 1311 accepturi,

130 1318 292 1356 illorumque
303 1318 494 1356 negligentiam
503 1318 646 1357 improbat,
657 1318 702 1356 qui
710 1319 876 1358 baptismum

131 1366 291 1394 differebant
313 1376 396 1404 usquc
418 1365 452 1394 ad
470 1373 592 1394 mortem.
615 1366 747 1406 Baptismi
769 1367 876 1396 nomina

132 1413 216 1441 multa
231 1423 285 1441 esse
294 1412 371 1440 docet
380 1435 388 1450 ,
403 1423 498 1452 nempe
508 1412 647 1441 lavacrum
657 1414 873 1452 regenerationis,

131 1458 314 1494 illuminatio,
330 1458 463 1497 baptisma
474 1481 482 1493 ,
500 1459 656 1498 sepultura,
675 1470 743 1488 crux
762 1467 786 1488 et
798 1460 850 1488 alia
867 1471 872 1487 :

132 1504 302 1542 multumque
319 1503 463 1533 discrimen
477 1514 532 1533 esse
546 1504 613 1533 dicit
627 1505 695 1533 111101·
710 1505 876 1544 baptismum

130 1549 286 1579 judaeorum
301 1556 325 1577 et
337 1548 565 1578 Christianorum.
585 1550 739 1579 Christiano
756 1551 876 1589 linguam

131 1596 250 1624 maxime
271 1595 448 1624 cohibendam
471 1606 547 1633 esse,
566 1607 599 1624 ex
617 1607 669 1634 qua
691 1597 783 1636 lapsus
798 1597 877 1626 multi

132 1642 301 1680 proveniant.
320 1642 430 1671 Claudit
444 1641 553 1670 demum
575 1641 666 1671 dicens
686 1653 700 1670 a
718 1643 877 1681 juramentis

132 1687 320 1716 abstinendum
330 1698 394 1723 esse,
403 1687 475 1726 quod
485 1687 587 1716 malum
601 1688 748 1716 Antiochia:
759 1689 878 1718 maxime

134 1740 198 1761 tunc
218 1733 344 1772 temporis
361 1733 529 1769 invaluerat,
545 1740 624 1771 atque
641 1733 690 1762 illo
705 1734 793 1762 solum
807 1744 876 1762 anno

133 1780 191 1808 557
206 1790 252 1818 per
267 1779 508 1818 Qnadragesimam
523 1786 606 1807 totam
623 1787 713 1808 contra
725 1781 876 1819 juramenta

133 1826 284 1855 concionari
304 1825 419 1862 solebat,
436 1824 508 1863 quod
524 1825 680 1854 sententiam
695 1833 811 1855 nostram
828 1827 875 1854 su·-

134 1882 206 1900 mare
218 1871 335 1899 videtur.

173 1918 202 1945 In
224 1917 339 1946 secunda
361 1916 491 1945 catechesi
513 1916 728 1946 illuminatorum
758 1929 804 1946 seu
828 1918 876 1946 ba-

134 1965 292 2003 ptizatorum
311 1963 399 1992 officia
420 1963 557 2002 explicat:
578 1963 659 1992 verba
678 1965 755 1994 refert
778 1965 805 1993 in
827 1965 876 1993 ba-

135 2012 232 2050 ptismo
242 2011 358 2051 prolata,
369 2021 471 2050 nempe,
483 2011 665 2040 Abrenuntio
678 2014 730 2040 u'ln'
741 2035 747 2047 ,
759 2020 876 2048 satana,

135 2065 161 2086 et
178 2068 288 2097 pompae
309 2065 363 2086 tuoe
381 2064 409 2085 et
424 2057 517 2084 cultui
534 2063 591 2085 tuo.
612 2058 691 2086 Unde
712 2059 876 2087 occasionem

134 2104 218 2132 sumit.
231 2103 356 2142 carpendi
370 2102 495 2131 mulieres
505 2124 514 2139 ,
531 2113 590 2140 quae
602 2103 685 2132 nimio
698 2105 802 2132 ornatui
818 2111 875 2133 stu-

135 2150 243 2178 debant.
260 2153 391 2189 Pompam
404 2160 466 2178 vero
480 2149 625 2178 satanicam
637 2160 693 2179 esse
707 2151 788 2187 dicit,
804 2152 877 2180 thea—

136 2203 190 2232 tra,
204 2196 330 2225 circenses
345 2195 436 2230 ludos,
459 2195 564 2223 dierum
581 2195 794 2231 observationes,
809 2208 877 2236 prae-

137 2241 229 2279 stigias
242 2248 267 2269 et
282 2241 380 2271 omina.
396 2241 530 2279 Loquitur
544 2242 624 2270 etiam
643 2242 676 2270 de
687 2243 736 2279 iis,
755 2244 800 2282 qni
819 2254 878 2272 car—

138 2288 255 2316 minibus
282 2296 307 2316 et
335 2289 458 2327 ligaturis
478 2289 637 2327 utebantur,
660 2291 760 2328 quique
789 2291 878 2319 numi-

137 2342 220 2363 smata
232 2334 377 2363 Alexandri
389 2334 545 2363 Macedonis
553 2346 632 2363 aurea
642 2337 722 2375 capiti
731 2336 878 2375 etpedibus

137 2380 374 2417 circumligabant,
389 2387 468 2418 atque
480 2381 505 2409 in
518 2381 589 2420 regis
600 2381 752 2411 idololatren
762 2382 878 2421 imagine

137 2438 212 2466 spem
225 2426 359 2455 habebant
372 2438 378 2453 :
396 2433 422 2454 at
439 2427 464 2454 in
480 2437 557 2455 cruce
568 2427 670 2456 Christi
687 2435 790 2456 tantum
804 2439 877 2467 spem

138 2472 289 2501 habendam
303 2482 358 2500 esse
371 2471 446 2500 dicit.
458 2472 489 2500 lu
502 2472 659 2511 hujusmodi
669 2473 775 2501 insanas
786 2484 878 2513 super-

139 2518 258 2546 stitiones
278 2517 362 2545 multa
382 2517 495 2556 profert,
512 2525 537 2546 et
551 2529 595 2546 eos
616 2519 663 2556 qui
684 2519 879 2548 incantamenta

140 2563 297 2592 adhiberent
320 2562 551 2591 vehementissime
575 2564 708 2603 coarguit,
731 2572 808 2603 atque
829 2565 880 2594 hoc

141 2610 266 2649 baptismi
289 2609 360 2638 dicto
377 2608 524 2637 cateclzcsin
551 2609 672 2648 claudit,
694 2611 880 2640 Abremmrio

1622 189 1636 196 ,-

1622 202 1656 220 ,11

927 263 998 297 tibi,
1017 267 1121 290 satana
1133 283 1139 295 ,
1156 266 1181 288 et
1204 270 1316 297 pompae
1333 266 1388 288 [(1.0
1406 266 1431 288 et
1447 261 1540 288 caleat
1555 268 1602 289 luo
1616 283 1622 296 ,
1638 268 1663 289 ιί

925 308 1085 346 conjungor
1097 308 1163 342 tibi,
1181 307 1304 335 Clu—iste.

962 353 1088 381 Homitiae
1105 352 1165 381 duat²
1181 352 1215 380 de
1237 351 1442 391 Prophetiarum
1457 352 1617 382 obscuritate
1630 353 1663 382 ad

923 410 1024 428 annum
1036 399 1095 429 588
1107 398 1294 437 consignantur
1307 409 1322 426 a
1343 398 1378 427 cl.
1395 400 1453 428 viro
1470 399 1642 428 Tillemontio
1652 423 1660 434 ‚

923 445 970 474 scd
983 456 1018 474 ex
1031 445 1182 483 conjectura
1199 451 1322 481 tantum5
1349 451 1426 483 atque
1439 455 1483 473 -ex
1505 445 1537 474 iis
1560 456 1619 483 quze
1636 446 1662 473 in

924 491 1028 519 Monito
1046 491 1166 519 diximus
1186 491 1317 519 incertum
1338 501 1445 529 prorsus
1464 490 1589 529 videtur,
1611 503 1663 530 quo

924 547 992 565 anuo
1018 538 1119 565 emissae
1146 537 1253 565 fuerint.
1275 537 1305 564 ln
1329 537 1416 576 prima
1437 537 1512 566 docet
1530 539 1664 576 quomodo

925 583 1060 611 tractanda
1085 583 1119 611 sit
1140 584 1280 621 Scriptura
1301 593 1392 617 sacra,
1417 583 1450 612 de
1470 584 1665 614 Melchisedeco

925 628 1046 665 quaedam
1061 628 1149 663 habet,
1162 639 1191 657 ac
1201 628 1292 667 paucis
1305 630 1446 658 Anomoeos
1459 630 1560 668 carpit,
1571 636 1666 658 010011-

924 680 963 701 tra
983 673 1122 702 haereticos
1141 674 1235 712 probat
1252 674 1445 711 generationem
1471 676 1571 704 Christi
1593 683 1667 704 aeter-

925 729 986 747 nam
1005 730 1078 756 esse,
1101 719 1296 757 generationem
1315 729 1377 747 vero
1401 721 1458 758 ejus
1478 722 1642 759 corporalem
1659 745 1665 757 ‚

926 764 974 793 etsi
1003 771 1121 800 certam,
1148 763 1262 802 intelligi
1283 774 1308 796 et
1333 765 1463 804 explicari
1486 776 1538 794 non
1559 777 1635 806 posse
1659 779 1664 794 ε

926 811 1012 840 Vetus
1028 810 1229 838 Testamentum
1244 810 1388 839 obscurum
1406 821 1461 839 esse
1475 811 1540 840 dicit
1557 819 1583 840 et
1601 823 1667 841 con—

926 856 998 886 sulto
1010 867 1043 884 ex
1057 856 1149 885 diviua
1164 856 1333 895 providentia
1346 856 1445 885 factum
1455 878 1462 892 ,
1480 863 1508 884 111
1522 857 1667 886 obscurum

926 908 951 930 ct
960 902 1096 941 explicatu
1108 902 1221 931 difficile
1234 909 1301 931 esset
1314 915 1319 929 :
1336 901 1467 941 additque
1477 903 1668 941 praescientiam

927 949 978 977 Dei
988 959 1039 977 non
1052 959 1107 977 esse
1121 955 1291 988 pcccatorum
1304 959 1419 978 causam.
1431 949 1493 977 Ideo
1504 957 1593 978 autem
1606 962 1668 990 pro-

928 995 1021 1034 phetas
1037 995 1151 1023 obscure
1165 995 1255 1023 sutura
1273 996 1443 1024 annuntiasse
1458 1003 1548 1035 putat,
1566 1007 1598 1026 ne
1611 1004 1672 1025 ante

929 1048 1033 1080 tempus
1058 1041 1145 1071 Judaei
1171 1041 1219 1069 illa
1247 1041 1432 1081 intelligerent.
1463 1043 1556 1081 Neque
1584 1050 1671 1072 tamen

929 1087 1019 1115 omnia
1039 1086 1152 1115 obseura
1165 1087 1267 1124 suisse;
1286 1097 1347 1115 nam
1360 1087 1456 1116 inutile
1470 1088 1561 1117 suisset
1576 1090 1612 1117 sic
1627 1090 1670 1118 fu-

929 1139 986 1161 tura
1000 1132 1088 1160 omnia
1101 1133 1288 1172 praenuntiare.

969 1179 1000 1208 In
1011 1178 1125 1207 secunda
1135 1190 1248 1217 quoque,
1259 1189 1317 1217 quae
1331 1179 1399 1208 inter
1410 1180 1577 1219 longissimas
1585 1181 1671 1221 Chry-

931 1224 1038 1253 sostomi
1052 1225 1191 1253 conciones
1209 1226 1387 1264 computanda
1400 1234 1454 1263 est,
1468 1237 1560 1256 causas
1573 1228 1672 1256 obscu-

931 1270 1018 1299 ritatis
1031 1270 1116 1299 affert.
1132 1270 1222 1299 Prima
1234 1281 1313 1299 causa
1327 1278 1380 1306 est,
1399 1271 1461 1309 quia
1472 1273 1541 1301 sicut
1552 1273 1672 1302 velamen

932 1317 1039 1355 Moyses
1048 1316 1074 1344 iu
1087 1323 1177 1345 monte
1186 1316 1291 1353 habuit,
1302 1317 1348 1354 qui
1360 1318 1611 1357 Moyseslcgislator
1619 1326 1655 1348 cst
1668 1332 1672 1346 :

931 1363 966 1391 ita
978 1373 1084 1400 quoque
1096 1362 1181 1401 legem
1193 1363 1312 1392 velamen
1321 1363 1461 1398 habuisse,
1472 1374 1566 1404 ncmpe
1577 1365 1672 1394 obsco<

931 1409 1052 1445 ritaten1;
1073 1408 1119 1437 sed
1134 1419 1218 1447 neque
1240 1409 1387 1447 legislatori
1407 1410 1472 1438 vitio
1491 1411 1670 1446 vertendum,

932 1465 1016 1493 neque
1037 1454 1093 1492 legi
1106 1454 1212 1483 crimini
1227 1455 1347 1483 dandum
1366 1455 1448 1484 fuisse
1467 1456 1586 1485 velamen
1598 1478 1606 1491 ‚
1625 1458 1670 1486 sed

933 1500 1086 1530 auditorum
1099 1500 1250 1529 infirmitati
1262 1501 1445 1530 tribuendum.
1459 1502 1581 1531 Secunda
1594 1514 1671 1531 causa

933 1546 1104 1576 obscuritatis
1113 1546 1209 1574 veteris
1221 1546 1387 1576 Testamenti
1403 1553 1457 1583 cst,
1473 1548 1533 1585 quia
1546 1558 1597 1576 non
1609 1550 1673 1577 scri-

933 1600 1011 1632 ptum
1027 1592 1077 1620 fuit
1094 1592 1187 1630 lingua
1201 1593 1294 1621 Graeca
1304 1615 1312 1629 ,
1325 1592 1372 1621 sed
1387 1592 1531 1630 Hebraica3
1547 1604 1606 1622 cum
1621 1605 1674 1622 au—

932 1645 986 1667 tem
1000 1649 1034 1667 cx
1049 1638 1179 1667 Hebraica
1199 1638 1225 1666 in
1242 1639 1364 1667 Graecam
1379 1639 1500 1677 linguam
1515 1640 1672 1668 translatum

933 1685 1012 1713 fuerit
1022 1708 1031 1720 ,
1045 1684 1190 1713 maximam
1201 1684 1281 1713 habet
1289 1684 1484 1713 difficultatem.
1501 1686 1672 1715 Translatiun

934 1737 1020 1759 autem
1042 1731 1092 1759 suit
1111 1731 1221 1765 Graece,
1244 1731 1349 1769 inquit,
1370 1731 1421 1759 suh
1438 1731 1580 1760 Ptolemaeo
1595 1744 1656 1771 rege
1667 1756 1673 1767 ,

933 1777 1057 1806 trecentis
1078 1778 1154 1805 annis
1172 1785 1233 1806 ante
1252 1777 1397 1805 adventum
1411 1777 1528 1814 Christi,
1544 1778 1674 1807 adventus

933 1830 1022 1852 antem
1045 1823 1146 1852 Christi
1172 1833 1230 1860 quac
1254 1822 1429 1851 amiseramus
1454 1823 1570 1851 auctiora
1596 1824 1672 1852 nobis

931 1869 1056 1898 restituit.
1070 1869 1143 1897 Dicit
1158 1875 1248 1908 postea
1260 1869 1405 1896 orationem
1419 1868 1601 1897 multitudinis
1614 1880 1672 1897 ma—

932 1926 1010 1954 gnam
1025 1916 1081 1944 vim
1098 1914 1206 1945 habere,
1223 1914 1271 1942 His
1286 1913 1363 1942 addit
1380 1913 1484 1942 diaconi
1499 1913 1569 1942 dicta
1582 1915 1608 1942 in
1626 1915 1673 1942 Li—

933 1963 1020 2001 turgia
1030 1985 1037 1999 ,
1055 1962 1130 2000 queis
1144 1962 1248 2001 plebem
1259 1961 1293 1989 ad
1308 1960 1473 2000 precandum
1485 1961 1614 1990 hortatur.
1629 1964 1668 1991 Ait

931 2008 1028 2037 deinde
1041 2019 1147 2037 morum
1164 2007 1353 2036 correctionem
1370 2007 1516 2046 Scriptus-’c
1536 2018 1616 2036 sacra:
1636 2009 1671 2036 11-

933 2065 994 2084 nem
1011 2065 1086 2084 05501
1108 2061 1133 2082 01
1154 2061 1294 2092 postquam
1316 2059 1406 2082 contra
1421 2053 1582 2082 Manichacus
1600 2065 1670 2092 quar-

931 2101 993 2130 dam
1008 2101 1125 2135 dixerat,
1139 2099 1240 2129 claudit
1258 2099 1348 2127 dicens
1369 2105 1536 2137 pcccatorum
1551 2100 1671 2129 recorda-

935 2147 1033 2176 tionem
1048 2157 1103 2175 cssc
1116 2145 1233 2185 peccanti
1249 2145 1407 2173 remedium.

972 2192 1122 2222 Secundam
1135 2191 1168 2220 dc
1181 2191 1386 2230 Prophetiarum
1400 2191 1563 2221 obscuritate
1579 2193 1669 2222 1101111-

932 2240 996 2268 liam
1008 2239 1034 2267 111
1046 2237 1186 2266 Dominiea
1202 2236 1316 2265 dixerat.
1329 2237 1425 2265 Paucis
1436 2247 1499 2266 vero
1513 2245 1602 2276 postca
1614 2239 1657 2268 dic

931 2287 983 2315 hus
1011 2285 1085 2313 illam
1113 2283 1252 2311 homiliam
1277 2281 1371 2310 habuit
1382 2305 1389 2319 ‚
1416 2293 1473 2320 qum
1500 2283 1671 2321 inscribitur,

1716 354 1818 374 1111111111

1676 386 1703 405 de
1717 385 1818 411 l'roplw-

1677 418 1756 436 narum
1777 416 1818 435 ob-

1676 452 1788 470 sturitate,

1676 483 1691 499 1v
1701 478 1723 500 6.
1737 486 1758 506 p.
1768 479 1816 499 itis.

1683 2270 1717 2286 tl'i

933 2334 1083 2362 Adversus
1094 2340 1141 2359 eos
1152 2331 1202 2369 qui
1216 2329 1342 2357 dicerent
1353 2329 1500 2358 daemontzs
1509 2332 1672 2369 gubernare
1707 2344 1757 2364 ant»
1770 2352 1822 2364 ww

933 2389 978 2408 res
992 2380 1146 2407 humanas.
1162 2376 1192 2404 In
1203 2375 1285 2414 hujus
1297 2375 1368 2403 enim
1380 2375 1512 2415 principio
1525 2377 1569 2405 illa
1583 2378 1669 2406 omnia
1683 2376 1764 2395 ⁰³‘'¹¹·'‘·

934 2424 1044 2464 repetit,
1054 2433 1112 2461 quae
1124 2422 1151 2450 in
1162 2422 1214 2450 fine
1222 2421 1298 2450 illius
1310 2421 1444 2450 concionis
1453 2432 1480 2450 se
1488 2422 1588 2452 dixisse
1598 2425 1672 2452 testi-

934 2471 1048 2507 ficatur;
1067 2468 1194 2497 nimirum
1211 2467 1245 2496 de
1261 2467 1359 2495 sanctis
1375 2467 1507 2506 justisque
1527 2468 1610 2505 viris,
1625 2470 1672 2507 qni

935 2528 982 2548 sua
994 2522 1099 2556 peccata
1113 2538 1120 2552 ,
1135 2525 1187 2543 non
1199 2521 1287 2542 autem
1303 2513 1405 2550 aliena,
1423 2524 1483 2542 cnm
1495 2514 1587 2543 dolore
1599 2526 1673 2544 exse-

934 2562 1111 2599 crationisque
1119 2559 1313 2599 significatione
1321 2559 1563 2588 commemorabant
1572 2571 1578 2586 :
1587 2571 1674 2589 0110111-

936 2609 980 2650 pla
994 2608 1063 2638 enim
1075 2607 1167 2637 cadem
1181 2606 1269 2636 omnia
1283 2604 1426 2641 codemque
1438 2604 1532 2669 0111111(Ί
1547 2615 1670 2637 recenset.

1682 2408 1701 2428 T
1716 2415 1754 2435 ²⁷1¹
1770 2408 1823 2434 221.
