1915 2947
224 194 243 225 8
826 205 866 227 ΡΑ
874 205 983 228 LLADH
1013 206 1180 229 Dianoous·

222 272 273 299 bus
287 281 333 299 nos
347 271 477 310 episcopis
490 272 599 310 triginta
613 294 621 308 ‚
640 279 665 300 et
677 272 798 311 piissimo
809 273 960 310 Imperato-

222 328 250 346 re
266 317 312 355 qui
332 317 472 345 Notarium
486 317 520 346 ad
536 317 564 346 id
579 318 685 346 miserat
699 329 704 345 :
719 317 886 356 Theophilus
900 327 963 345 vero

222 364 311 393 statim
321 364 434 402 aufugit,
447 376 495 393 eur
507 372 532 393 et
544 376 597 403 qua
609 366 642 394 de
656 376 683 394 re
696 365 835 393 nescimus.
849 364 962 402 Ingressi

222 410 305 449 igitur
320 410 524 439 obsecrabamus
541 411 691 450 piissimum
704 412 912 449 Imperatorem,
935 416 962 438 ut
981 417 998 439 B

221 457 355 496 synodum
379 463 483 495 cogeret
502 456 537 485 ad
554 457 703 485 vindictam
716 466 808 483 eorum
829 466 889 493 quae
909 466 962 494 pa—

220 509 288 531 trata
299 510 382 534 erant.
395 502 522 531 Conscius
534 513 596 540 ergo
608 502 739 530 sactorum
751 512 860 530 suorum
874 501 960 530 Theo·

221 548 313 587 philus
324 571 331 584 ‚
347 555 372 576 et
386 548 616 586 reprehensionem
631 549 748 583 veritus,
767 558 827 576 cum
842 548 963 587 Impera-

221 594 287 622 toris
304 594 386 622 literae
408 594 435 621 in
458 604 562 622 omnem
580 601 681 633 partem
702 594 788 622 missa:
810 593 961 623 undecum-

222 652 273 678 que
288 650 378 668 omnes
392 647 532 678 cogerent,
555 641 658 669 occulte
672 640 760 669 media
778 647 854 669 nocte
874 641 900 669 in
918 652 963 669 na-

222 687 277 715 vim
294 696 321 714 se
335 686 479 725 conjiciens
494 686 530 715 ita
542 687 646 725 aufugit
661 709 667 723 ,
691 698 782 715 omnes
797 698 859 716 suos
873 698 962 716 secum

220 732 365 763 abducens,
384 733 466 761 Porro
481 742 533 760 non
549 733 708 761 conscientia
723 740 810 762 nostra
826 733 897 769 freti,
915 744 963 762 ne-

219 788 271 815 que
293 778 331 806 sic
346 777 497 806 destitimus
513 778 605 807 eadem
626 779 722 807 iteruin
738 789 833 817 rogare
851 779 962 817 religio-

220 823 356 852 sissimum
378 825 570 863 Imperatorem
585 835 590 850 :
605 824 652 861 qui
673 834 721 863 pro
742 834 790 852 sua
810 824 906 863 pietate
929 825 961 853 ad

219 881 280 898 euin
304 870 392 898 denuo
406 869 497 905 misit,
520 876 549 898 ut
564 869 653 898 statim
674 880 707 898 ex
727 870 847 908 AEgypto
864 870 963 898 veniret
981 876 998 897 (J

219 926 281 944 euin
303 916 429 944 omnibus
448 915 504 944 suis
526 915 692 944 consortibus
704 937 711 951 ,
737 922 761 943 et
778 915 906 944 rationem
922 917 961 944 sa-

219 969 322 990 ctorum
344 962 481 998 redderet,
501 972 586 1000 neque
605 961 727 990 sufficere
742 968 848 1000 putaret
862 962 896 990 ad
911 962 962 990 de-

219 1008 366 1037 fensionem
379 1019 456 1037 suam
472 1019 501 1037 ea
516 1019 575 1046 quae
592 1015 646 1037 tam
663 1008 761 1046 injuste
775 1008 809 1036 ab
823 1019 874 1037 una
889 1016 963 1048 parte

218 1055 295 1083 nobis
307 1055 462 1083 absentibus
477 1061 581 1093 patrata
593 1054 709 1088 fuerant,
727 1054 807 1082 etiam
819 1061 909 1082 contra
922 1061 963 1083 tot

219 1110 339 1128 canones.
362 1100 412 1129 llle
428 1110 491 1130 vero
505 1110 537 1128 ne
550 1099 732 1139 Imperatoriis
754 1100 862 1137 quidem
877 1100 963 1130 literis

220 1146 416 1185 obtemperavit
435 1168 442 1181 ,
467 1146 515 1174 scd
535 1145 610 1174 domi
624 1146 743 1181 mansit,
760 1153 909 1185 praetexcns
924 1157 963 1176 se·

221 1192 351 1220 ditionem
363 1192 473 1231 populi,
491 1199 515 1220 et
530 1192 748 1231 intempestivum
761 1191 882 1220 studium
897 1203 964 1230 quo-

221 1237 345 1266 rumdam
360 1237 459 1266 scilicet
470 1238 514 1276 qui
530 1238 553 1266 ei
569 1239 705 1273 faverent;
723 1237 772 1266 etsi
786 1245 845 1267 ante
856 1238 903 1267 has
914 1239 966 1268 Im-

219 1283 366 1322 peratorias
384 1283 474 1311 literas
491 1283 548 1311 haec
563 1284 620 1322 ipsa
642 1283 718 1323 plebs
735 1284 883 1313 innumeris
903 1296 963 1314 eum

220 1329 349 1358 conviciis
361 1329 536 1368 adsperserat.
550 1330 652 1358 Verum
665 1329 714 1357 ista
727 1340 778 1357 non
792 1330 964 1367 inquirimus,
983 1337 1001 1359 D

217 1375 263 1403 sed
278 1374 414 1404 ostendere
429 1374 547 1403 volentes
560 1375 633 1412 quod
648 1375 675 1403 in
690 1375 822 1403 maleficio
836 1386 964 1414 perman-

218 1422 296 1457 serit,
316 1421 373 1449 haec
389 1421 518 1450 diximus.
535 1422 666 1450 Caeternm
685 1432 718 1450 ne
737 1422 775 1450 sic
791 1421 899 1460 quidem
916 1433 962 1452 nos

217 1467 368 1505 quievimus
382 1489 390 1502 ,
413 1466 460 1495 sed
482 1467 627 1495 institimus
643 1467 824 1506 postulantes,
840 1475 869 1496 ut
880 1468 960 1507 judi--

218 1513 289 1542 cium
299 1512 442 1541 haberetur
449 1513 597 1541 secundum
609 1513 771 1551 interrogata
783 1521 807 1542 et
817 1525 957 1553 responsa:

216 1566 323 1599 paratos
337 1558 408 1587 enim
423 1569 478 1587 csse
495 1558 651 1587 dicebamus
664 1559 802 1588 ostendere
820 1571 866 1589 nos
881 1561 959 1600 culpa

216 1616 327 1640 vacare,
354 1605 415 1633 illos
431 1612 518 1633 autem
534 1612 651 1633 extrema
671 1616 784 1643 quaeque
800 1617 877 1635 ausos
892 1618 958 1636 esse.

217 1651 267 1679 Hic
283 1651 353 1679 enirn
367 1658 547 1679 remanserant
565 1652 698 1691 Syrorum
714 1651 824 1689 quidam
835 1653 880 1690 qui
897 1660 960 1682 tunc

217 1696 366 1732 adfuerant,
379 1703 404 1724 et
413 1707 464 1724 una
476 1696 602 1735 cumipso
611 1696 698 1725 omnia
712 1704 855 1735 patrarant.
869 1699 959 1728 Etiam

218 1741 346 1770 adversus
365 1742 428 1770 istos
441 1742 526 1781 parati
545 1752 649 1770 eramus
659 1742 792 1780 judicium
811 1744 918 1779 subire,
935 1752 960 1773 et

217 1789 315 1828 saepius
330 1799 408 1828 super
423 1789 469 1817 illo
482 1789 721 1828 interpellavimus,
737 1798 857 1829 rogantes
872 1799 901 1820 ut
914 1799 960 1821 aut

217 1841 275 1862 acta
288 1834 365 1862 nobis
379 1834 521 1871 darentur,
538 1841 583 1862 aut
596 1835 681 1863 libelli
694 1843 877 1865 accusatorum
886 1860 892 1871 ‚
913 1845 959 1866 aut
979 1846 996 1868 E

219 1880 362 1908 criminum
375 1890 457 1918 genus
468 1880 683 1915 examinaretur,
699 1887 745 1908 aut
758 1881 808 1920 ipsi
821 1890 960 1911 accusato-

218 1937 276 1961 res3
298 1933 323 1954 et
346 1926 414 1954 nihil
435 1925 532 1954 horum
553 1926 776 1965 impetravimus,
798 1928 845 1956 sed
867 1939 959 1958 rursus

219 1972 338 2000 Ecclesia
350 1971 455 2010 expulsi
468 1982 569 2000 sumus.
586 1974 647 2009 Quo
662 1979 739 2011 pacto
753 1984 815 2011 quae
828 1974 892 2002 inde
903 1982 961 2004 acta

217 2024 279 2045 sunt
293 2017 417 2056 deinceps
431 2028 538 2045 narrare
550 2028 646 2056 queam
657 2040 664 2052 ,
681 2029 740 2056 qum
756 2029 861 2048 omnem
878 2031 959 2060 supe-

218 2070 278 2091 rant
295 2062 474 2101 tragoediam?=
497 2063 557 2101 quis
571 2073 600 2091 ca
614 2074 700 2092 sermo
715 2064 855 2094 exhibebit
867 2066 880 2093 Ξ)
902 2077 962 2104 quae

218 2108 291 2136 auris
313 2107 368 2136 siue
382 2108 491 2136 horrore
511 2108 646 2147 accipiet?
664 2109 732 2137 Cum
750 2110 821 2138 enim
836 2121 864 2139 ea
880 2111 937 2150 ipsa
951 2134 957 2147 ‚

218 2154 286 2182 sicut
298 2160 357 2182 ante
371 2153 440 2188 dixi,
458 2153 662 2182 obtenderemus
677 2166 682 2181 :
696 2162 802 2194 repente
813 2157 959 2186 multitudo

218 2200 336 2228 militum
360 2200 417 2238 ipso
431 2210 527 2238 magno
548 2200 678 2236 sabbato,
700 2200 734 2228 ad
754 2212 891 2241 vesperam
903 2204 959 2243 jam

218 2245 360 2273 inclinante
372 2245 426 2279 die,
440 2245 467 2273 in
478 2245 600 2273 ecclesias
613 2245 726 2279 irruens,
740 2247 842 2276 clerum
854 2259 960 2277 omnem

217 2291 262 2329 qui
281 2291 420 2319 nobiseum
433 2298 506 2326 erat,
525 2291 551 2319 vi
566 2292 718 2330 ejecerunt,
736 2299 759 2321 et
780 2294 862 2323 armis
878 2295 963 2324 altare

217 2336 336 2374 undique
354 2337 556 2365 circumsessum
574 2344 612 2366 est
625 2349 630 2364 :
643 2345 668 2366 et
682 2338 806 2367 mulieres
822 2340 848 2368 in
868 2351 958 2369 sacra·
979 2350 996 2372 F

217 2394 276 2412 ruin
292 2382 390 2411 aedium
404 2405 411 2419 ,
438 2393 497 2421 quae
513 2382 540 2410 id
558 2383 683 2422 temporis
700 2384 733 2411 ad
753 2385 919 2424 baptismum
932 2398 959 2416 se

217 2436 360 2463 exuerant,
390 2436 459 2457 metu
483 2429 583 2457 acerbae
600 2429 673 2457 illius
698 2430 855 2469 irruptionis
877 2433 956 2462 nudie

250 2536 260 2548 *
282 2534 330 2558 lid.
345 2537 402 2565 ἅπερ
414 2537 492 2564 ἔδρασε
504 2535 583 2564 Bigot.
597 2533 604 2565 [
618 2534 678 2564 Quae
690 2544 745 2558 vera
759 2541 795 2559 est
809 2535 902 2570 lectio]

249 2584 257 2592 .-
279 2574 327 2597 lz'zl.
340 2577 466 2606 ἀπελήρθη,
480 2574 561 2602 Bugoi.
577 2574 583 2603 s
599 2574 695 2605 iterun]

248 2615 260 2632 b
278 2614 328 2637 1411.
342 2618 400 2638 Ami<
420 2617 493 2638 πεῦσιν
506 2613 557 2644 1313.
572 2614 579 2643 [
595 2613 649 2637 Mox
672 2614 715 2638 Ms
737 2619 772 2640 us}
795 2620 900 2649 &apina
925 2625 969 2648 pro

1016 284 1072 301 πων
1097 274 1194 308 ἰδόντες
1216 277 1299 304 αὐτῶν
1323 274 1370 310 τὴν
1389 274 1555 313 παρανομίαν
1576 275 1611 307 εἷς
1629 273 1662 302 τὰ
1682 275 1780 303 ἑαυτῶν

1017 319 1189 358 ἀνεχώρησαν
1201 342 1209 356 ,
1224 320 1270 356 τὴν
1287 321 1376 360 ἔφοδον
1391 322 1476 349 αὐτῶν
1491 320 1581 358 ὥσπερ
1595 319 1678 358 πυρὰν
1694 319 1781 348 πάντα

1017 365 1208 403 ἐπινεμομένην
1231 366 1384 405 φεύγοντες·
1412 369 1489 403 ἡμεῖς
1510 365 1555 403 μὲν
1578 365 1659 394 πάλιν
1677 367 1713 398 εἰς
1734 364 1781 400 τὴν

1017 410 1092 439 πόλιν
1107 411 1302 449 ἀνεκαλοῦμεθα
1317 413 1361 441 καὶ
1377 415 1412 445 εἰς
1426 412 1473 446 τὴν
1489 411 1663 447 Ἐκκλησίαν,
1682 407 1713 446 ἧς
1728 411 1781 440 ἀὸί·

1017 468 1069 488 κως
1085 456 1271 494 ἒξεὸλήθημεν,
1285 458 1434 487 ἐπισκόπων
1449 470 1478 486 τε
1487 460 1558 495 ἡμᾶς
1570 456 1710 497 τριάκοντα
1725 459 1780 486 εἷσ-

1018 502 1169 542 αγαγόντων
1181 526 1188 539 ,
1211 504 1255 532 καὶ
1277 507 1322 533 τοῦ
1343 503 1544 532 θεοσεὸεστάτου
1561 502 1688 541 βασιλέως
1704 502 1783 532 νοτοί-

1017 560 1071 587 ριον
1086 550 1121 582 εἷς
1138 552 1213 578 τοῦτο
1227 550 1430 582 ἀποστείλαντος
1441 573 1448 585 ‚
1464 550 1559 581 ἐκεῖνος
1574 548 1600 577 δὲ
1621 549 1781 588 ἐδραπέτευ-

1017 606 1059 624 σεν
1077 594 1185 630 εὐθέως,
1200 595 1267 629 τίνος
1281 597 1367 626 ἕνεκεν
1379 597 1423 624 καὶ
1438 595 1481 624 διὰ
1494 595 1534 631 τί,
1553 594 1588 633 μὴ
1603 594 1782 633 γινώσκοντες.

1018 640 1187 674 Εἷσελθόντες
1213 637 1255 670 οὖν
1284 644 1482 681 παρεκαλοῦμεν
1508 641 1551 669 τὸν
1580 640 1783 670 θεοσεὸέστατον

1019 688 1129 725 βασιλέα
1141 710 1148 723 ,
1168 688 1273 717 σύνοδον
1289 692 1440 726 συναγαγεῖν
1458 689 1492 721 εἷς
1508 687 1623 716 ἐκδικίαν
1638 689 1690 715 τῶν
1704 698 1782 725 γεγε-

1019 733 1145 771 νημένων.
1162 733 1293 766 Συνειδὼς
1304 733 1388 762 τοίνυν
1405 734 1418 747 ”’
1431 733 1573 772 ἀπέδρασε,
1586 733 1631 761 καὶ
1645 733 1688 761 τὸν
1707 732 1784 771 ἔλεγ-

1018 791 1064 818 χον
1085 778 1222 814 δεδοικὼς,
1237 782 1288 808 τῶν
1302 779 1467 818 γραμμάτων
1483 781 1534 807 τῶν
1553 779 1695 816 βασιλικῶν
1717 790 1784 806 παν-

1018 827 1100 864 ταχοῦ
1113 825 1327 864 διαπεμφθέντυψ
1339 847 1346 859 ,
1363 824 1407 853 καὶ
1417 824 1582 863 πανταχόθεν
1594 823 1694 856 πάντας
1706 835 1784 852 συνα-

1018 871 1166 910 γαγόντων,
1182 872 1266 910 λάθρα
1282 870 1360 909 μέσον
1383 871 1482 899 νυκτῶν
1507 871 1540 902 εἷς
1562 869 1669 900 ἀκάτιον
1693 869 1785 897 ἑαυτὸν

1017 917 1141 955 ἐμὲαλὼν
1151 939 1157 951 ,
1181 917 1262 949 οὕτως
1281 917 1381 955 ἀπέδρα
1392 939 1399 952 ,
1426 917 1483 954 μεθ’
1499 917 1592 944 ἑαυτοῦ
1606 915 1706 947 πάντας
1721 917 1785 943 ἐπα-

1016 965 1133 1003 γόμενος.
1153 963 1224 992 Ἀλλ’
1246 966 1322 1001 ἡμεῖς
1337 962 1395 991 οὐδὲ
1409 962 1490 995 οὕτως
1504 961 1656 998 ἀπέστημεν
1673 983 1678 996 ,
1696 960 1739 990 διὰ
1755 960 1786 989 τὸ

1016 1012 1054 1049 τῷ
1072 1010 1198 1038 συνειδότι
1214 1011 1252 1048 τῷ
1273 1008 1394 1047 ’ἡμετέρῳ
1418 1010 1520 1047 θαῤῥεῑν
1533 1029 1542 1043 ,
1564 1007 1598 1035 τὰ
1618 1006 1683 1035 αὐτὰ
1703 1007 1782 1035 πάλιν

1016 1056 1229 1094 παρακαλοῦντες
1251 1055 1294 1084 τὸν
1318 1054 1502 1083 εὗσεὸέστατον
1530 1053 1658 1092 βασιλέα·
1686 1053 1712 1086 ὃς
1737 1053 1781 1082 καὶ

1016 1101 1151 1140 πρέποντα
1173 1103 1255 1130 ποιῶν
1280 1103 1357 1129 αὐτοῦ
1375 1103 1407 1138 τῇ
1423 1099 1542 1138 εὐσεὸείᾳ
1555 1122 1563 1135 ,
1585 1100 1686 1138 ἔπεμψε
1701 1099 1781 1128 πάλιν

1017 1148 1081 1186 πρὸς
1101 1147 1177 1176 αὐτὸν
1200 1147 1226 1175 ἐν
1247 1147 1324 1186 τάχει
1338 1146 1364 1179 ἐξ
1378 1146 1509 1184 Αἰγύπτου
1532 1145 1645 1180 ἀνιέναι,
1665 1145 1783 1178 καὶτοὺς

1019 1194 1077 1231 μετ’
1098 1195 1174 1222 αὐτοῦ
1194 1193 1309 1229 πάντας,
1330 1192 1397 1220 ὥστε
1414 1193 1500 1220 δοῦναι
1519 1191 1594 1230 λόγον
1610 1193 1662 1219 τῶν
1676 1202 1784 1229 γεγενη-

1019 1240 1103 1277 μένων
1115 1262 1122 1275 ‚
1143 1239 1187 1268 καὶ
1206 1239 1243 1276 μὴ
1258 1238 1291 1267 τὰ
1307 1239 1401 1271 ἀδίκως
1415 1237 1495 1270 οὕτως
1515 1239 1544 1265 ἐκ
1559 1241 1620 1275 μιᾶς
1636 1236 1728 1276 μοίρας
1740 1237 1784 1265 καὶ

1019 1286 1137 1314 ἀπόντων
1150 1287 1226 1323 ἡμῶν
1240 1285 1404 1323 τολμηθέντα
1416 1306 1422 1318 ,
1437 1284 1483 1312 καὶ
1498 1283 1572 1322 παρὰ
1585 1282 1723 1316 τοσούτους
1734 1295 1785 1312 κα-

1019 1332 1110 1367 νόνας,
1131 1331 1244 1369 νομίζειν
1269 1332 1358 1370 ἀρκεῖν
1378 1331 1412 1361 εἷς
1432 1329 1575 1367 ἀπολογίαν
1596 1329 1685 1357 αὐτοῦ.
1705 1328 1739 1358 ‘O
1757 1329 1783 1358 δὲ

1018 1378 1075 1407 οὐδὲ
1093 1378 1235 1416 βασιλικῶν
1259 1376 1385 1415 ἠνέσχετο
1405 1375 1586 1414 γραμμάτων,
1611 1375 1669 1403 ἀλλ’
1693 1374 1783 1412 ἔμενεν

1017 1424 1082 1452 οἴκοι
1093 1446 1100 1458 ,
1116 1422 1329 1462 προὸαλλόμενος
1345 1421 1435 1450 στάσιν
1450 1424 1494 1449 τοῦ
1513 1421 1595 1458 δήμου
1608 1442 1616 1456 ,
1635 1420 1680 1448 καὶ
1698 1431 1782 1448 σπου-

1016 1469 1062 1504 δὴν
1084 1468 1192 1508 ἄκαιρόν
1212 1480 1287 1497 τινων
1311 1468 1385 1502 δῆθεν
1407 1465 1587 1505 ἀντεχομένων
1610 1467 1686 1494 αὐτοῦ
1699 1477 1705 1483 ·
1724 1466 1782 1494 καί·

1015 1527 1054 1545 τοι
1069 1527 1097 1553 γε
1113 1515 1163 1554 πρὸ
1177 1516 1228 1543 τῶν
1241 1513 1406 1552 γραμμάτων
1419 1514 1472 1541 τῶν
1490 1513 1632 1550 βασιλικῶν
1652 1512 1728 1544 αὐτὸς
1739 1507 1782 1540 οῧ-

1014 1573 1056 1594 τος
1071 1563 1084 1589 ὃ
1095 1561 1177 1598 δῆμος
1192 1559 1296 1598 μυρίαις
1309 1558 1384 1587 αὐτὸν
1399 1555 1430 1594 ἦν
1443 1558 1541 1590 πλύνας
1552 1557 1701 1597 λοιδορίαις.
1713 1557 1781 1586 Ἀλλ’

1015 1609 1043 1637 οὗ
1069 1611 1152 1636 ταῦτα
1180 1605 1403 1645 περιεργαζόμεθα
1427 1607 1488 1640 νῦν,
1513 1603 1572 1633 ἀλλ’
1592 1605 1674 1633 ἐκεῖνο
1700 1604 1781 1638 δεῖξαι

1016 1654 1183 1693 βουλόμενοι,
1205 1652 1246 1681 ὅτι
1264 1652 1417 1690 κακουργῶν
1435 1655 1446 1667 ³

1016 1700 1143 1738 ρήκαμεν.
1168 1698 1244 1734 Πλὴν
1266 1698 1324 1727 οὐδὲ
1346 1696 1412 1736 μετὰ
1436 1700 1520 1725 ταῦτα
1542 1699 1619 1734 ἡμεῖς
1641 1696 1781 1736 ἡσυχάσα-

1016 1757 1082 1784 μεν,
1104 1747 1162 1774 ἀλλ’
1180 1745 1353 1782 ἐπεκείμεθα,
1375 1742 1502 1776 ἀξιοῦντες
1520 1742 1687 1781 δικαστήριον
1708 1743 1783 1781 γενέ-

1015 1795 1075 1821 σθαι
1093 1791 1158 1820 ι’καὶ
1181 1790 1266 1829 κρίσιν
1286 1790 1330 1819 καὶ
1350 1789 1489 1827 ἀπόκρισιν
1503 1800 1508 1805 ·
1529 1787 1629 1825 ἕτοιμοι
1648 1787 1699 1827 γὰρ
1713 1784 1780 1826 ἦμεν

1015 1838 1095 1871 δεῖξαι
1114 1837 1218 1869 ἑαυτούς
1237 1849 1265 1865 τε
1287 1836 1437 1868 ἀνευθύνους
1460 1835 1553 1868 ὄντας,
1575 1834 1686 1866 ἐκείνους
1706 1834 1732 1862 δὲ
1748 1835 1781 1863 τὰ

1468 1650 1613 1689 ἀπελείφθη
1626 1671 1633 1684 ,
1650 1650 1726 1679 ταῦτ’
1741 1652 1780 1679 εἷ-

1014 1883 1115 1921 ἔσχατα
1137 1881 1385 1919 παρανομήσαντας.
1408 1875 1497 1908 γΗσιιιν
1511 1878 1537 1907 δὲ
1553 1878 1597 1906 καί
1614 1890 1682 1911 τινες
1700 1878 1781 1918 Σύροι

1015 1930 1066 1957 τῶν
1081 1929 1138 1956 τότε
1154 1929 1211 1966 μετ’
1227 1928 1304 1955 αὐτοῦ
1327 1926 1463 1965 παρόντων
1479 1926 1590 1953 ἐνταῦθα
1607 1925 1780 1964 ἀπολειφθέν-

1015 1987 1073 2008 τες,
1096 1974 1119 2002 οἲ
1139 1976 1212 2011 κοινῇ
1233 1974 1289 2011 μετ’
1305 1974 1383 2001 αὐτοῦ
1400 1972 1430 2000 τὸ
1445 1977 1498 2000 πᾶν
1517 1970 1779 2010 ἐδραματούργησαν.

1016 2020 1067 2049 Καὶ
1084 2020 1148 2059 πρὸς
1162 2019 1265 2052 τούτους
1277 2018 1377 2055 ἕτοιμοι
1390 2014 1456 2055 ἦμεν
1469 2017 1634 2052 δικάζεσθαι,
1653 2017 1698 2044 καὶ
1710 2017 1783 2045 πλει-

1016 2066 1106 2098 στάκις
1124 2066 1310 2104 ἐνωχλήσαμεν
1333 2063 1398 2102 ὑπὲρ
1420 2063 1511 2091 τούτου
1533 2062 1662 2095 ἀξιοῦντες
1683 2061 1781 2096 ἢὺπο-

1016 2113 1142 2151 μνήματα
1162 2115 1225 2150 ἡμῖν
1241 2112 1366 2145 δοθῆναι,
1387 2109 1404 2144 ἢ
1420 2109 1555 2140 λιὸέλλους
1573 2107 1728 2147 κατηγόρων
1740 2130 1748 2144 ,
1763 2108 1780 2143 ἢ

1015 2159 1104 2198 φύσεις
1119 2157 1292 2196 ἐγκλημάτων
1308 2157 1483 2194 γνωρισθῆναι
1496 2176 1504 2190 ,
1515 2153 1533 2188 ἢ
1554 2153 1646 2186 αὖτοὺς
1662 2153 1720 2185 τοὺς
1735 2165 1781 2182 κα-

1013 2204 1137 2243 τηγόρους
1147 2226 1156 2238 ,
1177 2203 1221 2232 καὶ
1238 2202 1338 2233 οὐδενὸς
1355 2200 1453 2230 τούτων
1467 2200 1605 2238 ἐτύχομεν,
1619 2200 1687 2228 ἀλλὰ
1702 2200 1781 2228 πάλιν

1013 2250 1162 2288 ἐξώσθημεν
1189 2252 1235 2284 τῆς
1259 2247 1431 2282 Ἔκκλησίας.
1455 2247 1517 2278 Πῶς
1547 2245 1576 2273 ἂν
1605 2245 1639 2274 τὰ
1664 2247 1780 2274 ἐντεῦθεν

1012 2301 1023 2313 ⁶
1033 2296 1190 2334 διηγήσαιμι
1203 2293 1294 2323 λοιπὸν
1310 2298 1397 2321 πᾶσαν
1411 2291 1602 2331 ὑπερὸαίνοντα
1616 2292 1777 2331 τραγῳδίανς

1012 2342 1051 2374 τίς
1065 2344 1148 2370 ταῦτα
1164 2339 1328 2379 παραστήσει
1342 2338 1417 2376 λόγος
1429 2349 1437 2372 ;
1459 2337 1521 2366 ποία
1536 2337 1616 2376 χωρὶς
1631 2337 1724 2375 φρίκης
1736 2337 1779 2366 δέ-

1013 2388 1083 2421 ξεται
1107 2386 1192 2422 ἀκοή;
1210 2385 1303 2423 εΗμὶὔν
1325 2384 1376 2423 γὰρ
1391 2383 1456 2412 αὐτὰ
1476 2386 1576 2417 ταῦτα,
1592 2384 1658 2421 ἅπερ
1675 2383 1778 2422 ἔμπρο-

1012 2437 1071 2464 σθεν
1088 2429 1158 2462 εἷπον
1170 2455 1177 2468 ,
1192 2431 1378 2471 προτεινόντων
1391 2453 1398 2467 ,
1415 2430 1507 2470 ἀθρόον
1523 2431 1691 2470 στρατιωτῶν
1703 2431 1777 2465 πλῆ-

1021 2543 1057 2564 >wi
1077 2539 1213 2572 &musitio-tw]

1052 2586 1061 2597 ⁶
1078 2580 1085 2609 l
1101 2576 1180 2603 scrib.
1196 2578 1342 2608 διηγηεκῖμην
1357 2574 1365 2607 ]

1811 368 1837 392 P.

1815 1333 1842 1357 P.

1860 369 1885 392 1Ε

1863 1334 1892 1357 l?

1831 2351 1897 2375 Aa.
