<?xml version="1.0" encoding="UTF-8"?>
<!DOCTYPE html PUBLIC "-//W3C//DTD XHTML 1.0 Transitional//EN"
    "http://www.w3.org/TR/xhtml1/DTD/xhtml1-transitional.dtd">
<html xmlns="http://www.w3.org/1999/xhtml" xml:lang="en" lang="en">
 <head>
  <title>
</title>
<meta http-equiv="Content-Type" content="text/html;charset=utf-8" />
  <meta name='ocr-system' content='tesseract 3.04.00' />
  <meta name='ocr-capabilities' content='ocr_page ocr_carea ocr_par ocr_line ocrx_word'/>
</head>
<body>
  <div class='ocr_page' id='page_1' title='image "./operaomniaquaeex13johnuoft_0823.png"; bbox 0 0 1884 2922; ppageno 0'>
   <div class='ocr_carea' id='block_1_1' title="bbox 722 198 976 223">
    <p class='ocr_par' dir='ltr' id='par_1_1' title="bbox 722 198 976 223">
     <span class='ocr_line' id='line_1_1' title="bbox 722 198 976 223; baseline 0.008 -2"><span class='ocrx_word' id='word_1_1' title='bbox 722 198 825 222; x_wconf 76' lang='lat' dir='ltr'>INDEX</span> <span class='ocrx_word' id='word_1_2' title='bbox 850 199 976 223; x_wconf 76' lang='lat' dir='ltr'><strong>RERUM·</strong></span> 
     </span>
    </p>
   </div>
   <div class='ocr_carea' id='block_1_2' title="bbox 73 261 820 786">
    <p class='ocr_par' dir='ltr' id='par_1_2' title="bbox 74 261 820 518">
     <span class='ocr_line' id='line_1_2' title="bbox 82 261 818 301; baseline 0 -11"><span class='ocrx_word' id='word_1_3' title='bbox 82 267 127 290; x_wconf 83' lang='lat' dir='ltr'>Vt.</span> <span class='ocrx_word' id='word_1_4' title='bbox 141 265 166 289; x_wconf 90' lang='lat'>1.</span> <span class='ocrx_word' id='word_1_5' title='bbox 176 271 203 289; x_wconf 71' lang='lat' dir='ltr'>A.</span> <span class='ocrx_word' id='word_1_6' title='bbox 214 262 270 289; x_wconf 91' lang='lat' dir='ltr'>Cur</span> <span class='ocrx_word' id='word_1_7' title='bbox 285 261 424 300; x_wconf 77' lang='lat' dir='ltr'><strong>prophetia</strong></span> <span class='ocrx_word' id='word_1_8' title='bbox 437 262 513 291; x_wconf 80' lang='lat' dir='ltr'>lsaiae</span> <span class='ocrx_word' id='word_1_9' title='bbox 527 272 586 301; x_wconf 80' lang='lat' dir='ltr'>cap.</span> <span class='ocrx_word' id='word_1_10' title='bbox 601 267 618 291; x_wconf 99' lang='grc'><strong>6</strong></span> <span class='ocrx_word' id='word_1_11' title='bbox 630 262 752 301; x_wconf 80' lang='lat' dir='ltr'>incipiat,</span> <span class='ocrx_word' id='word_1_12' title='bbox 769 262 818 290; x_wconf 79' lang='lat' dir='ltr'>Ab</span> 
     </span>
     <span class='ocr_line' id='line_1_3' title="bbox 79 305 816 340; baseline 0.005 -10"><span class='ocrx_word' id='word_1_13' title='bbox 79 313 158 331; x_wconf 83' lang='lat' dir='ltr'>anno</span> <span class='ocrx_word' id='word_1_14' title='bbox 173 313 230 340; x_wconf 85' lang='lat' dir='ltr'>quo</span> <span class='ocrx_word' id='word_1_15' title='bbox 253 310 383 332; x_wconf 78' lang='lat' dir='ltr'>mortuus</span> <span class='ocrx_word' id='word_1_16' title='bbox 406 311 449 333; x_wconf 81' lang='lat' dir='ltr'>est</span> <span class='ocrx_word' id='word_1_17' title='bbox 472 315 525 332; x_wconf 68' lang='lat' dir='ltr'>rex</span> <span class='ocrx_word' id='word_1_18' title='bbox 545 305 643 334; x_wconf 73' lang='lat' dir='ltr'>Ozias.</span> <span class='ocrx_word' id='word_1_19' title='bbox 662 311 707 334; x_wconf 76' lang='lat' dir='ltr'>Vt.</span> <span class='ocrx_word' id='word_1_20' title='bbox 721 309 768 333; x_wconf 87' lang='lat'>73.</span> <span class='ocrx_word' id='word_1_21' title='bbox 790 314 816 334; x_wconf 90' lang='lat' dir='ltr'>c.</span> 
     </span>
     <span class='ocr_line' id='line_1_4' title="bbox 78 347 820 387; baseline 0.001 -12"><span class='ocrx_word' id='word_1_22' title='bbox 78 351 124 376; x_wconf 79' lang='grc'>74.</span> <span class='ocrx_word' id='word_1_23' title='bbox 147 347 261 376; x_wconf 82' lang='lat' dir='ltr'>Facinus</span> <span class='ocrx_word' id='word_1_24' title='bbox 286 347 355 386; x_wconf 77' lang='lat' dir='ltr'>regis</span> <span class='ocrx_word' id='word_1_25' title='bbox 379 347 553 376; x_wconf 79' lang='lat' dir='ltr'>sacerdotalia</span> <span class='ocrx_word' id='word_1_26' title='bbox 576 349 639 387; x_wconf 84' lang='lat' dir='ltr'>jura</span> <span class='ocrx_word' id='word_1_27' title='bbox 667 348 820 376; x_wconf 78' lang='lat' dir='ltr'>invadentis</span> 
     </span>
     <span class='ocr_line' id='line_1_5' title="bbox 76 391 819 431; baseline 0.003 -13"><span class='ocrx_word' id='word_1_28' title='bbox 76 391 245 429; x_wconf 77' lang='lat' dir='ltr'>prophetiam</span> <span class='ocrx_word' id='word_1_29' title='bbox 265 402 367 420; x_wconf 79' lang='lat' dir='ltr'>cessare</span> <span class='ocrx_word' id='word_1_30' title='bbox 382 392 488 420; x_wconf 82' lang='lat' dir='ltr'>fecerat.</span> <span class='ocrx_word' id='word_1_31' title='bbox 506 393 550 420; x_wconf 77' lang='grc' dir='ltr'><strong>ΙΙ).</strong></span> <span class='ocrx_word' id='word_1_32' title='bbox 569 393 720 431; x_wconf 79' lang='lat' dir='ltr'>Prophetiae</span> <span class='ocrx_word' id='word_1_33' title='bbox 744 392 819 421; x_wconf 77' lang='lat' dir='ltr'>Isaiae</span> 
     </span>
     <span class='ocr_line' id='line_1_6' title="bbox 74 433 818 474; baseline 0.004 -13"><span class='ocrx_word' id='word_1_34' title='bbox 74 433 243 473; x_wconf 80' lang='lat' dir='ltr'>aliorumque</span> <span class='ocrx_word' id='word_1_35' title='bbox 267 435 457 474; x_wconf 86' lang='lat' dir='ltr'>prophetarum</span> <span class='ocrx_word' id='word_1_36' title='bbox 476 434 633 464; x_wconf 77' lang='lat' dir='ltr'>Judaeorum</span> <span class='ocrx_word' id='word_1_37' title='bbox 653 435 818 474; x_wconf 85' lang='lat' dir='ltr'>reprobatio-</span> 
     </span>
     <span class='ocr_line' id='line_1_7' title="bbox 75 480 603 518; baseline 0.004 -13"><span class='ocrx_word' id='word_1_38' title='bbox 75 487 136 506; x_wconf 85' lang='lat' dir='ltr'>nem</span> <span class='ocrx_word' id='word_1_39' title='bbox 151 480 408 517; x_wconf 76' lang='lat' dir='ltr'>praenuntiaverant.</span> <span class='ocrx_word' id='word_1_40' title='bbox 426 486 446 507; x_wconf 88' lang='lat'>1.</span> <span class='ocrx_word' id='word_1_41' title='bbox 462 484 528 507; x_wconf 89' lang='grc'><strong>801.</strong></span> <span class='ocrx_word' id='word_1_42' title='bbox 541 489 603 518; x_wconf 82' lang='lat' dir='ltr'>sqq.</span> 
     </span>
    </p>

    <p class='ocr_par' dir='ltr' id='par_1_3' title="bbox 73 523 819 606">
     <span class='ocr_line' id='line_1_8' title="bbox 114 523 819 561; baseline 0.001 -11"><span class='ocrx_word' id='word_1_43' title='bbox 114 523 275 561; x_wconf 79' lang='lat' dir='ltr'>Prophelia</span> <span class='ocrx_word' id='word_1_44' title='bbox 295 523 413 560; x_wconf 61' lang='lat' dir='ltr'>duplex.</span> <span class='ocrx_word' id='word_1_45' title='bbox 430 529 476 550; x_wconf 76' lang='grc' dir='ltr'>Π.</span> <span class='ocrx_word' id='word_1_46' title='bbox 499 527 566 551; x_wconf 78' lang='lat'>757.</span> <span class='ocrx_word' id='word_1_47' title='bbox 585 533 611 551; x_wconf 88' lang='lat' dir='ltr'>c.</span> <span class='ocrx_word' id='word_1_48' title='bbox 628 523 680 551; x_wconf 90' lang='lat' dir='ltr'>col.</span> <span class='ocrx_word' id='word_1_49' title='bbox 699 529 724 551; x_wconf 88' lang='lat'>1.</span> <span class='ocrx_word' id='word_1_50' title='bbox 750 524 819 551; x_wconf 84' lang='lat' dir='ltr'>Tria</span> 
     </span>
     <span class='ocr_line' id='line_1_9' title="bbox 73 566 816 606; baseline 0.001 -13"><span class='ocrx_word' id='word_1_51' title='bbox 73 568 233 605; x_wconf 78' lang='lat' dir='ltr'>prophelioe</span> <span class='ocrx_word' id='word_1_52' title='bbox 241 571 472 606; x_wconf 69' lang='lat' dir='ltr'>genera.V1.511</span> <span class='ocrx_word' id='word_1_53' title='bbox 481 588 487 594; x_wconf 91' lang='lat'>.</span> <span class='ocrx_word' id='word_1_54' title='bbox 496 576 521 594; x_wconf 74' lang='grc' dir='ltr'>Β.</span> <span class='ocrx_word' id='word_1_55' title='bbox 532 566 610 595; x_wconf 76' lang='lat' dir='ltr'>Adde</span> <span class='ocrx_word' id='word_1_56' title='bbox 625 568 816 596; x_wconf 73' lang='lat' dir='ltr'>Vmcmtm.</span> 
     </span>
    </p>

    <p class='ocr_par' dir='ltr' id='par_1_4' title="bbox 77 609 819 738">
     <span class='ocr_line' id='line_1_10' title="bbox 116 609 819 648; baseline 0.001 -11"><span class='ocrx_word' id='word_1_57' title='bbox 116 611 328 638; x_wconf 58' lang='lat' dir='ltr'>Pnomrrarorm</span> <span class='ocrx_word' id='word_1_58' title='bbox 344 609 378 637; x_wconf 89' lang='lat' dir='ltr'>de</span> <span class='ocrx_word' id='word_1_59' title='bbox 391 609 478 637; x_wconf 87' lang='lat' dir='ltr'>medio</span> <span class='ocrx_word' id='word_1_60' title='bbox 492 620 545 638; x_wconf 75' lang='lat' dir='ltr'>vox</span> <span class='ocrx_word' id='word_1_61' title='bbox 555 610 676 648; x_wconf 61' lang='lat' dir='ltr'>quaedam</span> <span class='ocrx_word' id='word_1_62' title='bbox 694 610 819 648; x_wconf 82' lang='lat' dir='ltr'>prodibat</span> 
     </span>
     <span class='ocr_line' id='line_1_11' title="bbox 77 654 818 693; baseline 0.001 -11"><span class='ocrx_word' id='word_1_63' title='bbox 77 654 225 693; x_wconf 72' lang='lat' dir='ltr'>przedicens</span> <span class='ocrx_word' id='word_1_64' title='bbox 252 655 353 682; x_wconf 80' lang='lat' dir='ltr'>sutura.</span> <span class='ocrx_word' id='word_1_65' title='bbox 384 661 403 682; x_wconf 88' lang='grc'>1.</span> <span class='ocrx_word' id='word_1_66' title='bbox 432 659 496 681; x_wconf 88' lang='grc'>800.</span> <span class='ocrx_word' id='word_1_67' title='bbox 524 665 548 683; x_wconf 79' lang='lat' dir='ltr'>E.</span> <span class='ocrx_word' id='word_1_68' title='bbox 577 655 818 693; x_wconf 78' lang='lat' dir='ltr'>Propitiatoriztm</span> 
     </span>
     <span class='ocr_line' id='line_1_12' title="bbox 77 699 548 738; baseline 0.002 -10"><span class='ocrx_word' id='word_1_69' title='bbox 77 703 177 738; x_wconf 80' lang='lat' dir='ltr'>imago</span> <span class='ocrx_word' id='word_1_70' title='bbox 197 699 367 729; x_wconf 75' lang='lat' dir='ltr'>salvatoris.</span> <span class='ocrx_word' id='word_1_71' title='bbox 384 707 430 728; x_wconf 87' lang='grc'><strong>111.</strong></span> <span class='ocrx_word' id='word_1_72' title='bbox 443 705 508 728; x_wconf 76' lang='grc'><strong>987.</strong></span> <span class='ocrx_word' id='word_1_73' title='bbox 524 711 548 729; x_wconf 72' lang='grc' dir='ltr'>Δ.</span> 
     </span>
    </p>

    <p class='ocr_par' dir='ltr' id='par_1_5' title="bbox 114 745 815 786">
     <span class='ocr_line' id='line_1_13' title="bbox 114 745 815 786; baseline 0.003 -13"><span class='ocrx_word' id='word_1_74' title='bbox 114 747 269 774; x_wconf 65' lang='lat' dir='ltr'>Pnovomm</span> <span class='ocrx_word' id='word_1_75' title='bbox 287 745 386 774; x_wconf 84' lang='lat' dir='ltr'>dicitur</span> <span class='ocrx_word' id='word_1_76' title='bbox 401 746 594 775; x_wconf 87' lang='lat' dir='ltr'>monachorum</span> <span class='ocrx_word' id='word_1_77' title='bbox 605 747 753 786; x_wconf 72' lang='lat' dir='ltr'>sepultura.</span> <span class='ocrx_word' id='word_1_78' title='bbox 769 754 815 776; x_wconf 85' lang='grc' dir='ltr'>ΧῙ.</span> 
     </span>
    </p>
   </div>
   <div class='ocr_carea' id='block_1_3' title="bbox 71 796 819 1485">
    <p class='ocr_par' dir='ltr' id='par_1_6' title="bbox 76 796 186 820">
     <span class='ocr_line' id='line_1_14' title="bbox 76 796 186 820; baseline -0.009 0"><span class='ocrx_word' id='word_1_79' title='bbox 76 796 141 820; x_wconf 76' lang='grc'><strong>678.</strong></span> <span class='ocrx_word' id='word_1_80' title='bbox 161 802 186 819; x_wconf 76' lang='lat' dir='ltr'>E.</span> 
     </span>
    </p>

    <p class='ocr_par' dir='ltr' id='par_1_7' title="bbox 75 837 278 907">
     <span class='ocr_line' id='line_1_15' title="bbox 115 837 278 864; baseline -0.006 0"><span class='ocrx_word' id='word_1_81' title='bbox 115 837 278 864; x_wconf 58' lang='lat' dir='ltr'>Pnorowns</span> 
     </span>
     <span class='ocr_line' id='line_1_16' title="bbox 75 883 187 907; baseline 0 0"><span class='ocrx_word' id='word_1_82' title='bbox 75 883 140 907; x_wconf 87' lang='lat'>881.</span> <span class='ocrx_word' id='word_1_83' title='bbox 157 889 187 907; x_wconf 87' lang='lat' dir='ltr'>D.</span> 
     </span>
    </p>

    <p class='ocr_par' dir='ltr' id='par_1_8' title="bbox 74 922 817 1004">
     <span class='ocr_line' id='line_1_17' title="bbox 116 922 817 962; baseline 0.001 -12"><span class='ocrx_word' id='word_1_84' title='bbox 116 922 310 953; x_wconf 72' lang='lat' dir='ltr'>Pnorosxrmx.</span> <span class='ocrx_word' id='word_1_85' title='bbox 329 924 456 962; x_wconf 79' lang='lat' dir='ltr'>Quodfit</span> <span class='ocrx_word' id='word_1_86' title='bbox 468 925 666 961; x_wconf 62' lang='lat' dir='ltr'>exproposito,</span> <span class='ocrx_word' id='word_1_87' title='bbox 681 923 817 962; x_wconf 86' lang='lat' dir='ltr'>Deopla-</span> 
     </span>
     <span class='ocr_line' id='line_1_18' title="bbox 74 967 677 1004; baseline 0.003 -11"><span class='ocrx_word' id='word_1_88' title='bbox 74 972 130 1000; x_wconf 83' lang='lat' dir='ltr'>cet,</span> <span class='ocrx_word' id='word_1_89' title='bbox 149 975 208 993; x_wconf 85' lang='lat' dir='ltr'>non</span> <span class='ocrx_word' id='word_1_90' title='bbox 224 967 303 1004; x_wconf 71' lang='lat' dir='ltr'>quoti</span> <span class='ocrx_word' id='word_1_91' title='bbox 315 977 352 994; x_wconf 72' lang='lat' dir='ltr'>ex</span> <span class='ocrx_word' id='word_1_92' title='bbox 367 968 547 994; x_wconf 75' lang='lat' dir='ltr'>necessitate.</span> <span class='ocrx_word' id='word_1_93' title='bbox 564 973 597 993; x_wconf 69' lang='lat' dir='ltr'>v.</span> <span class='ocrx_word' id='word_1_94' title='bbox 611 971 677 996; x_wconf 87' lang='lat'>781.</span> 
     </span>
    </p>

    <p class='ocr_par' dir='ltr' id='par_1_9' title="bbox 73 1009 817 1091">
     <span class='ocr_line' id='line_1_19' title="bbox 112 1009 817 1048; baseline 0.001 -12"><span class='ocrx_word' id='word_1_95' title='bbox 112 1010 272 1045; x_wconf 69' lang='lat' dir='ltr'>Pnosnocr,</span> <span class='ocrx_word' id='word_1_96' title='bbox 283 1019 359 1037; x_wconf 89' lang='lat' dir='ltr'>soror</span> <span class='ocrx_word' id='word_1_97' title='bbox 367 1009 502 1045; x_wconf 83' lang='lat' dir='ltr'>Bernices,</span> <span class='ocrx_word' id='word_1_98' title='bbox 517 1009 654 1038; x_wconf 81' lang='lat' dir='ltr'>Domninae</span> <span class='ocrx_word' id='word_1_99' title='bbox 665 1009 732 1044; x_wconf 82' lang='lat' dir='ltr'>filia,</span> <span class='ocrx_word' id='word_1_100' title='bbox 740 1010 817 1048; x_wconf 81' lang='lat' dir='ltr'>virgo</span> 
     </span>
     <span class='ocr_line' id='line_1_20' title="bbox 73 1052 448 1091; baseline 0.005 -12"><span class='ocrx_word' id='word_1_101' title='bbox 73 1059 99 1080; x_wconf 87' lang='lat' dir='ltr'>et</span> <span class='ocrx_word' id='word_1_102' title='bbox 113 1058 225 1091; x_wconf 80' lang='lat' dir='ltr'>martyr.</span> <span class='ocrx_word' id='word_1_103' title='bbox 246 1053 290 1081; x_wconf 92' lang='lat' dir='ltr'>V.</span> <span class='ocrx_word' id='word_1_104' title='bbox 305 1052 448 1081; x_wconf 65' lang='lat' dir='ltr'>anxxcs.</span> 
     </span>
    </p>

    <p class='ocr_par' dir='ltr' id='par_1_10' title="bbox 71 1095 819 1178">
     <span class='ocr_line' id='line_1_21' title="bbox 113 1095 819 1135; baseline 0.003 -12"><span class='ocrx_word' id='word_1_105' title='bbox 113 1096 294 1124; x_wconf 63' lang='lat' dir='ltr'>Pnoszm‘rcs</span> <span class='ocrx_word' id='word_1_106' title='bbox 310 1095 557 1134; x_wconf 74' lang='lat' dir='ltr'>vocaturAquila</span> <span class='ocrx_word' id='word_1_107' title='bbox 567 1095 819 1135; x_wconf 77' lang='lat' dir='ltr'>Scripturaeinler-</span> 
     </span>
     <span class='ocr_line' id='line_1_22' title="bbox 71 1143 358 1178; baseline -0.007 -10"><span class='ocrx_word' id='word_1_108' title='bbox 71 1149 145 1178; x_wconf 75' lang='lat' dir='ltr'>preS.</span> <span class='ocrx_word' id='word_1_109' title='bbox 162 1146 231 1167; x_wconf 75' lang='lat' dir='ltr'>thl.</span> <span class='ocrx_word' id='word_1_110' title='bbox 250 1143 314 1167; x_wconf 81' lang='grc'><strong>967.</strong></span> <span class='ocrx_word' id='word_1_111' title='bbox 332 1150 358 1169; x_wconf 79' lang='grc' dir='ltr'>Β.</span> 
     </span>
    </p>

    <p class='ocr_par' dir='ltr' id='par_1_11' title="bbox 76 1183 816 1256">
     <span class='ocr_line' id='line_1_23' title="bbox 112 1183 816 1222; baseline 0.003 -12"><span class='ocrx_word' id='word_1_112' title='bbox 112 1184 267 1215; x_wconf 55' lang='grc' dir='ltr'><strong>ΠΡΟΣΕΥΣΗ</strong></span> <span class='ocrx_word' id='word_1_113' title='bbox 280 1189 319 1211; x_wconf 88' lang='lat' dir='ltr'>est</span> <span class='ocrx_word' id='word_1_114' title='bbox 332 1189 357 1211; x_wconf 84' lang='lat' dir='ltr'>et</span> <span class='ocrx_word' id='word_1_115' title='bbox 371 1183 487 1221; x_wconf 82' lang='lat' dir='ltr'>precatio</span> <span class='ocrx_word' id='word_1_116' title='bbox 502 1193 551 1222; x_wconf 89' lang='lat' dir='ltr'>per</span> <span class='ocrx_word' id='word_1_117' title='bbox 565 1183 656 1219; x_wconf 78' lang='lat' dir='ltr'>verba,</span> <span class='ocrx_word' id='word_1_118' title='bbox 674 1190 699 1212; x_wconf 91' lang='lat' dir='ltr'>et</span> <span class='ocrx_word' id='word_1_119' title='bbox 712 1190 816 1213; x_wconf 88' lang='lat' dir='ltr'>votum.</span> 
     </span>
     <span class='ocr_line' id='line_1_24' title="bbox 76 1232 234 1256; baseline 0.006 -2"><span class='ocrx_word' id='word_1_120' title='bbox 76 1233 110 1255; x_wconf 73' lang='lat' dir='ltr'>V.</span> <span class='ocrx_word' id='word_1_121' title='bbox 123 1232 187 1256; x_wconf 81' lang='grc'><strong>539.</strong></span> <span class='ocrx_word' id='word_1_122' title='bbox 206 1238 234 1255; x_wconf 85' lang='grc' dir='ltr'>Ε.</span> 
     </span>
    </p>

    <p class='ocr_par' dir='ltr' id='par_1_12' title="bbox 114 1270 671 1307">
     <span class='ocr_line' id='line_1_25' title="bbox 114 1270 671 1307; baseline 0 -8"><span class='ocrx_word' id='word_1_123' title='bbox 114 1272 289 1307; x_wconf 56' lang='grc' dir='ltr'>ΠροερῃιῑιΑ,</span> <span class='ocrx_word' id='word_1_124' title='bbox 309 1270 389 1299; x_wconf 78' lang='lat' dir='ltr'>larvae</span> <span class='ocrx_word' id='word_1_125' title='bbox 404 1270 504 1299; x_wconf 88' lang='lat' dir='ltr'>inanes.</span> <span class='ocrx_word' id='word_1_126' title='bbox 519 1277 550 1299; x_wconf 75' lang='lat' dir='ltr'>V.</span> <span class='ocrx_word' id='word_1_127' title='bbox 566 1275 630 1300; x_wconf 84' lang='lat'>134.</span> <span class='ocrx_word' id='word_1_128' title='bbox 645 1282 671 1299; x_wconf 88' lang='lat' dir='ltr'>D.</span> 
     </span>
    </p>

    <p class='ocr_par' dir='ltr' id='par_1_13' title="bbox 112 1314 738 1349">
     <span class='ocr_line' id='line_1_26' title="bbox 112 1314 738 1349; baseline -0.002 -6"><span class='ocrx_word' id='word_1_129' title='bbox 112 1315 256 1343; x_wconf 68' lang='lat' dir='ltr'>Pnosrrzna</span> <span class='ocrx_word' id='word_1_130' title='bbox 271 1314 375 1344; x_wconf 85' lang='lat' dir='ltr'>mundi.</span> <span class='ocrx_word' id='word_1_131' title='bbox 396 1316 431 1343; x_wconf 86' lang='lat' dir='ltr'>V.</span> <span class='ocrx_word' id='word_1_132' title='bbox 444 1317 583 1349; x_wconf 57' lang='lat' dir='ltr'>tile-nnus,</span> <span class='ocrx_word' id='word_1_133' title='bbox 597 1318 738 1343; x_wconf 70' lang='lat' dir='ltr'>Drvirlffi.</span> 
     </span>
    </p>

    <p class='ocr_par' dir='ltr' id='par_1_14' title="bbox 73 1358 816 1485">
     <span class='ocr_line' id='line_1_27' title="bbox 111 1358 816 1397; baseline 0 -11"><span class='ocrx_word' id='word_1_134' title='bbox 111 1359 309 1386; x_wconf 64' lang='lat' dir='ltr'>Pnosremras</span> <span class='ocrx_word' id='word_1_135' title='bbox 325 1358 474 1397; x_wconf 87' lang='lat' dir='ltr'>periculosa</span> <span class='ocrx_word' id='word_1_136' title='bbox 487 1358 572 1397; x_wconf 81' lang='lat' dir='ltr'>magis</span> <span class='ocrx_word' id='word_1_137' title='bbox 595 1369 676 1396; x_wconf 81' lang='lat' dir='ltr'>quam</span> <span class='ocrx_word' id='word_1_138' title='bbox 694 1358 816 1387; x_wconf 84' lang='lat' dir='ltr'>adversi-</span> 
     </span>
     <span class='ocr_line' id='line_1_28' title="bbox 73 1401 813 1441; baseline 0.001 -10"><span class='ocrx_word' id='word_1_139' title='bbox 73 1410 122 1431; x_wconf 83' lang='lat' dir='ltr'>tas.</span> <span class='ocrx_word' id='word_1_140' title='bbox 142 1409 176 1432; x_wconf 71' lang='lat' dir='ltr'>V.</span> <span class='ocrx_word' id='word_1_141' title='bbox 195 1407 258 1431; x_wconf 85' lang='grc'><strong>124.</strong></span> <span class='ocrx_word' id='word_1_142' title='bbox 274 1413 301 1431; x_wconf 73' lang='grc' dir='ltr'>Ε.</span> <span class='ocrx_word' id='word_1_143' title='bbox 320 1403 410 1430; x_wconf 81' lang='lat' dir='ltr'>Facile</span> <span class='ocrx_word' id='word_1_144' title='bbox 425 1401 516 1441; x_wconf 85' lang='lat' dir='ltr'>dejicit</span> <span class='ocrx_word' id='word_1_145' title='bbox 527 1413 558 1430; x_wconf 84' lang='lat' dir='ltr'>ac</span> <span class='ocrx_word' id='word_1_146' title='bbox 572 1402 724 1441; x_wconf 84' lang='lat' dir='ltr'>prosternit.</span> <span class='ocrx_word' id='word_1_147' title='bbox 741 1409 813 1432; x_wconf 68' lang='lat' dir='ltr'>VtII.</span> 
     </span>
     <span class='ocr_line' id='line_1_29' title="bbox 73 1445 816 1485; baseline 0 -10"><span class='ocrx_word' id='word_1_148' title='bbox 73 1451 140 1478; x_wconf 76' lang='lat'>573,</span> <span class='ocrx_word' id='word_1_149' title='bbox 164 1457 191 1474; x_wconf 88' lang='lat' dir='ltr'>n.</span> <span class='ocrx_word' id='word_1_150' title='bbox 214 1445 351 1474; x_wconf 85' lang='lat' dir='ltr'>Interdum</span> <span class='ocrx_word' id='word_1_151' title='bbox 379 1446 535 1474; x_wconf 83' lang='lat' dir='ltr'>conceditur</span> <span class='ocrx_word' id='word_1_152' title='bbox 559 1446 690 1485; x_wconf 86' lang='lat' dir='ltr'>improbis</span> <span class='ocrx_word' id='word_1_153' title='bbox 716 1446 743 1474; x_wconf 91' lang='lat' dir='ltr'>in</span> <span class='ocrx_word' id='word_1_154' title='bbox 766 1446 816 1475; x_wconf 88' lang='lat' dir='ltr'>bac</span> 
     </span>
    </p>
   </div>
   <div class='ocr_carea' id='block_1_4' title="bbox 311 835 814 865">
    <p class='ocr_par' dir='ltr' id='par_1_15' title="bbox 311 835 814 865">
     <span class='ocr_line' id='line_1_30' title="bbox 311 835 814 865; baseline 0.002 -1"><span class='ocrx_word' id='word_1_155' title='bbox 311 842 386 864; x_wconf 76' lang='lat' dir='ltr'>extra</span> <span class='ocrx_word' id='word_1_156' title='bbox 420 835 560 864; x_wconf 79' lang='lat' dir='ltr'>Euxinum</span> <span class='ocrx_word' id='word_1_157' title='bbox 593 836 719 864; x_wconf 84' lang='lat' dir='ltr'>Pontum.</span> <span class='ocrx_word' id='word_1_158' title='bbox 758 842 814 865; x_wconf 75' lang='lat' dir='ltr'>Vll.</span> 
     </span>
    </p>
   </div>
   <div class='ocr_carea' id='block_1_5' title="bbox 61 1489 815 2618">
    <p class='ocr_par' dir='ltr' id='par_1_16' title="bbox 71 1489 815 1615">
     <span class='ocr_line' id='line_1_31' title="bbox 71 1489 815 1529; baseline 0.001 -12"><span class='ocrx_word' id='word_1_159' title='bbox 71 1490 135 1518; x_wconf 84' lang='lat' dir='ltr'>vita.</span> <span class='ocrx_word' id='word_1_160' title='bbox 155 1496 214 1519; x_wconf 75' lang='lat' dir='ltr'>XII.</span> <span class='ocrx_word' id='word_1_161' title='bbox 233 1494 278 1518; x_wconf 86' lang='lat'>81.</span> <span class='ocrx_word' id='word_1_162' title='bbox 301 1500 326 1517; x_wconf 77' lang='lat'>1³.</span> <span class='ocrx_word' id='word_1_163' title='bbox 353 1499 380 1520; x_wconf 84' lang='lat' dir='ltr'>e.</span> <span class='ocrx_word' id='word_1_164' title='bbox 401 1489 456 1518; x_wconf 91' lang='lat' dir='ltr'>Sed</span> <span class='ocrx_word' id='word_1_165' title='bbox 476 1489 622 1528; x_wconf 84' lang='lat' dir='ltr'>impiorum</span> <span class='ocrx_word' id='word_1_166' title='bbox 651 1491 815 1529; x_wconf 79' lang='lat' dir='ltr'>prosperitas</span> 
     </span>
     <span class='ocr_line' id='line_1_32' title="bbox 71 1534 814 1572; baseline 0 -10"><span class='ocrx_word' id='word_1_167' title='bbox 71 1535 140 1562; x_wconf 82' lang='lat' dir='ltr'>foeno</span> <span class='ocrx_word' id='word_1_168' title='bbox 155 1540 335 1572; x_wconf 86' lang='lat' dir='ltr'>comparatur.</span> <span class='ocrx_word' id='word_1_169' title='bbox 351 1540 385 1562; x_wconf 68' lang='lat' dir='ltr'>V.</span> <span class='ocrx_word' id='word_1_170' title='bbox 408 1538 473 1563; x_wconf 85' lang='grc'><strong>439.</strong></span> <span class='ocrx_word' id='word_1_171' title='bbox 495 1544 523 1562; x_wconf 90' lang='lat' dir='ltr'>D.</span> <span class='ocrx_word' id='word_1_172' title='bbox 545 1534 583 1562; x_wconf 91' lang='lat' dir='ltr'>De</span> <span class='ocrx_word' id='word_1_173' title='bbox 598 1534 775 1572; x_wconf 85' lang='lat' dir='ltr'>Prosperitate</span> <span class='ocrx_word' id='word_1_174' title='bbox 789 1540 814 1562; x_wconf 88' lang='lat' dir='ltr'>et</span> 
     </span>
     <span class='ocr_line' id='line_1_33' title="bbox 71 1577 514 1615; baseline -0.002 -9"><span class='ocrx_word' id='word_1_175' title='bbox 71 1577 230 1606; x_wconf 82' lang='lat' dir='ltr'>adversitate</span> <span class='ocrx_word' id='word_1_176' title='bbox 244 1577 356 1615; x_wconf 80' lang='lat' dir='ltr'>Ecloga.</span> <span class='ocrx_word' id='word_1_177' title='bbox 373 1584 432 1606; x_wconf 80' lang='grc' dir='ltr'>ΧΠ.</span> <span class='ocrx_word' id='word_1_178' title='bbox 450 1581 514 1605; x_wconf 85' lang='grc'><strong>632.</strong></span> 
     </span>
    </p>

    <p class='ocr_par' dir='ltr' id='par_1_17' title="bbox 114 1620 809 1658">
     <span class='ocr_line' id='line_1_34' title="bbox 114 1620 809 1658; baseline -0.003 -8"><span class='ocrx_word' id='word_1_179' title='bbox 114 1622 302 1650; x_wconf 62' lang='lat' dir='ltr'>Pnousoms</span> <span class='ocrx_word' id='word_1_180' title='bbox 313 1620 376 1648; x_wconf 86' lang='lat' dir='ltr'>deos</span> <span class='ocrx_word' id='word_1_181' title='bbox 387 1620 510 1658; x_wconf 82' lang='lat' dir='ltr'>negabat.</span> <span class='ocrx_word' id='word_1_182' title='bbox 521 1627 554 1649; x_wconf 87' lang='lat' dir='ltr'>x.</span> <span class='ocrx_word' id='word_1_183' title='bbox 567 1624 612 1648; x_wconf 79' lang='lat'>35.</span> <span class='ocrx_word' id='word_1_184' title='bbox 622 1621 690 1649; x_wconf 84' lang='lat' dir='ltr'>o.V.</span> <span class='ocrx_word' id='word_1_185' title='bbox 701 1627 809 1649; x_wconf 83' lang='lat' dir='ltr'>nolam.</span> 
     </span>
    </p>

    <p class='ocr_par' dir='ltr' id='par_1_18' title="bbox 110 1663 659 1700">
     <span class='ocr_line' id='line_1_35' title="bbox 110 1663 659 1700; baseline -0.002 -7"><span class='ocrx_word' id='word_1_186' title='bbox 110 1666 260 1700; x_wconf 69' lang='grc' dir='ltr'>ΠΡΟΘΥΡΑ,</span> <span class='ocrx_word' id='word_1_187' title='bbox 280 1663 374 1692; x_wconf 81' lang='lat' dir='ltr'>limina</span> <span class='ocrx_word' id='word_1_188' title='bbox 387 1674 471 1692; x_wconf 86' lang='lat' dir='ltr'>sacra.</span> <span class='ocrx_word' id='word_1_189' title='bbox 489 1670 535 1692; x_wconf 75' lang='lat' dir='ltr'>Vl.</span> <span class='ocrx_word' id='word_1_190' title='bbox 552 1668 617 1693; x_wconf 86' lang='grc'><strong>325.</strong></span> <span class='ocrx_word' id='word_1_191' title='bbox 634 1676 659 1692; x_wconf 64' lang='grc' dir='ltr'>Α.</span> 
     </span>
    </p>

    <p class='ocr_par' dir='ltr' id='par_1_19' title="bbox 69 1707 811 1872">
     <span class='ocr_line' id='line_1_36' title="bbox 110 1707 811 1738; baseline -0.001 -2"><span class='ocrx_word' id='word_1_192' title='bbox 110 1710 274 1738; x_wconf 66' lang='lat' dir='ltr'>Pnovznma</span> <span class='ocrx_word' id='word_1_193' title='bbox 289 1707 374 1735; x_wconf 86' lang='lat' dir='ltr'>multa</span> <span class='ocrx_word' id='word_1_194' title='bbox 395 1707 510 1736; x_wconf 85' lang='lat' dir='ltr'>suadent</span> <span class='ocrx_word' id='word_1_195' title='bbox 525 1707 704 1736; x_wconf 88' lang='lat' dir='ltr'>recedendum</span> <span class='ocrx_word' id='word_1_196' title='bbox 727 1717 782 1736; x_wconf 87' lang='lat' dir='ltr'>esse</span> <span class='ocrx_word' id='word_1_197' title='bbox 796 1718 811 1736; x_wconf 93' lang='lat' dir='ltr'>a</span> 
     </span>
     <span class='ocr_line' id='line_1_37' title="bbox 70 1751 811 1790; baseline -0.001 -10"><span class='ocrx_word' id='word_1_198' title='bbox 70 1752 159 1781; x_wconf 88' lang='lat' dir='ltr'>malis.</span> <span class='ocrx_word' id='word_1_199' title='bbox 176 1759 210 1781; x_wconf 89' lang='lat' dir='ltr'>V.</span> <span class='ocrx_word' id='word_1_200' title='bbox 227 1756 272 1780; x_wconf 88' lang='lat'>32.</span> <span class='ocrx_word' id='word_1_201' title='bbox 286 1763 310 1781; x_wconf 89' lang='lat' dir='ltr'>c.</span> <span class='ocrx_word' id='word_1_202' title='bbox 324 1752 357 1779; x_wconf 90' lang='lat' dir='ltr'>V.</span> <span class='ocrx_word' id='word_1_203' title='bbox 371 1754 497 1780; x_wconf 52' lang='lat' dir='ltr'>Anam...</span> <span class='ocrx_word' id='word_1_204' title='bbox 508 1752 684 1779; x_wconf 81' lang='lat' dir='ltr'>Proverbium</span> <span class='ocrx_word' id='word_1_205' title='bbox 697 1751 811 1790; x_wconf 87' lang='lat' dir='ltr'>impium</span> 
     </span>
     <span class='ocr_line' id='line_1_38' title="bbox 69 1795 806 1835; baseline -0.001 -11"><span class='ocrx_word' id='word_1_206' title='bbox 69 1796 156 1835; x_wconf 72' lang='lat' dir='ltr'>plebis</span> <span class='ocrx_word' id='word_1_207' title='bbox 169 1796 351 1831; x_wconf 73' lang='lat' dir='ltr'>Antiochenae‚</span> <span class='ocrx_word' id='word_1_208' title='bbox 364 1795 438 1834; x_wconf 82' lang='lat' dir='ltr'>quod</span> <span class='ocrx_word' id='word_1_209' title='bbox 453 1795 570 1835; x_wconf 76' lang='lat' dir='ltr'>explicat</span> <span class='ocrx_word' id='word_1_210' title='bbox 587 1795 806 1835; x_wconf 72' lang='lat' dir='ltr'>Chrysostomus.</span> 
     </span>
     <span class='ocr_line' id='line_1_39' title="bbox 72 1847 210 1872; baseline 0 -1"><span class='ocrx_word' id='word_1_211' title='bbox 72 1850 91 1871; x_wconf 86' lang='lat'>1.</span> <span class='ocrx_word' id='word_1_212' title='bbox 106 1847 168 1871; x_wconf 76' lang='lat'>885.</span> <span class='ocrx_word' id='word_1_213' title='bbox 184 1853 210 1872; x_wconf 81' lang='lat' dir='ltr'>E.</span> 
     </span>
    </p>

    <p class='ocr_par' dir='ltr' id='par_1_20' title="bbox 66 1884 810 2404">
     <span class='ocr_line' id='line_1_40' title="bbox 109 1884 809 1926; baseline -0.001 -12"><span class='ocrx_word' id='word_1_214' title='bbox 109 1887 313 1914; x_wconf 58' lang='lat' dir='ltr'>vammrxs</span> <span class='ocrx_word' id='word_1_215' title='bbox 327 1885 421 1914; x_wconf 82' lang='lat' dir='ltr'>divina</span> <span class='ocrx_word' id='word_1_216' title='bbox 435 1885 461 1913; x_wconf 84' lang='lat' dir='ltr'>in</span> <span class='ocrx_word' id='word_1_217' title='bbox 477 1891 589 1923; x_wconf 86' lang='lat' dir='ltr'>utroque</span> <span class='ocrx_word' id='word_1_218' title='bbox 603 1884 715 1922; x_wconf 80' lang='lat' dir='ltr'>ordine,</span> <span class='ocrx_word' id='word_1_219' title='bbox 738 1886 809 1926; x_wconf 82' lang='lat' dir='ltr'>phy-</span> 
     </span>
     <span class='ocr_line' id='line_1_41' title="bbox 68 1930 810 1969; baseline 0.001 -11"><span class='ocrx_word' id='word_1_220' title='bbox 68 1932 123 1959; x_wconf 90' lang='lat' dir='ltr'>sico</span> <span class='ocrx_word' id='word_1_221' title='bbox 136 1937 161 1958; x_wconf 79' lang='lat' dir='ltr'>et</span> <span class='ocrx_word' id='word_1_222' title='bbox 175 1930 280 1959; x_wconf 88' lang='lat' dir='ltr'>morali.</span> <span class='ocrx_word' id='word_1_223' title='bbox 300 1936 359 1959; x_wconf 81' lang='lat' dir='ltr'>vit.</span> <span class='ocrx_word' id='word_1_224' title='bbox 378 1934 440 1958; x_wconf 90' lang='grc'><strong>203.</strong></span> <span class='ocrx_word' id='word_1_225' title='bbox 457 1942 481 1959; x_wconf 72' lang='grc' dir='ltr'>Α.</span> <span class='ocrx_word' id='word_1_226' title='bbox 500 1941 525 1958; x_wconf 74' lang='lat' dir='ltr'>B.</span> <span class='ocrx_word' id='word_1_227' title='bbox 542 1940 567 1957; x_wconf 89' lang='lat' dir='ltr'>c.</span> <span class='ocrx_word' id='word_1_228' title='bbox 582 1934 646 1958; x_wconf 89' lang='grc'><strong>204.</strong></span> <span class='ocrx_word' id='word_1_229' title='bbox 662 1930 728 1958; x_wconf 86' lang='lat' dir='ltr'>Esse</span> <span class='ocrx_word' id='word_1_230' title='bbox 742 1941 810 1969; x_wconf 88' lang='lat' dir='ltr'>pro-</span> 
     </span>
     <span class='ocr_line' id='line_1_42' title="bbox 68 1974 806 2012; baseline 0 -10"><span class='ocrx_word' id='word_1_231' title='bbox 68 1974 156 2002; x_wconf 86' lang='lat' dir='ltr'>batur.</span> <span class='ocrx_word' id='word_1_232' title='bbox 173 1981 207 2002; x_wconf 87' lang='grc'>11.</span> <span class='ocrx_word' id='word_1_233' title='bbox 225 1978 287 2002; x_wconf 92' lang='grc'><strong>121.</strong></span> <span class='ocrx_word' id='word_1_234' title='bbox 302 1983 365 2012; x_wconf 82' lang='lat' dir='ltr'>sqq.</span> <span class='ocrx_word' id='word_1_235' title='bbox 382 1978 445 2002; x_wconf 85' lang='grc'><strong>125.</strong></span> <span class='ocrx_word' id='word_1_236' title='bbox 460 1985 487 2002; x_wconf 70' lang='lat' dir='ltr'>a.</span> <span class='ocrx_word' id='word_1_237' title='bbox 503 1983 566 2012; x_wconf 86' lang='lat' dir='ltr'>sqq.</span> <span class='ocrx_word' id='word_1_238' title='bbox 583 1980 615 2003; x_wconf 77' lang='lat' dir='ltr'>V.</span> <span class='ocrx_word' id='word_1_239' title='bbox 631 1977 678 2001; x_wconf 86' lang='grc'>25.</span> <span class='ocrx_word' id='word_1_240' title='bbox 694 1983 719 2001; x_wconf 89' lang='lat' dir='ltr'>c.</span> <span class='ocrx_word' id='word_1_241' title='bbox 734 1983 764 2001; x_wconf 84' lang='lat' dir='ltr'>n.</span> <span class='ocrx_word' id='word_1_242' title='bbox 779 1984 806 2002; x_wconf 79' lang='grc' dir='ltr'>ε.</span> 
     </span>
     <span class='ocr_line' id='line_1_43' title="bbox 68 2017 809 2056; baseline -0.001 -10"><span class='ocrx_word' id='word_1_243' title='bbox 68 2023 112 2046; x_wconf 86' lang='grc'>26.</span> <span class='ocrx_word' id='word_1_244' title='bbox 132 2028 156 2046; x_wconf 89' lang='lat' dir='ltr'>c.</span> <span class='ocrx_word' id='word_1_245' title='bbox 176 2017 274 2046; x_wconf 90' lang='lat' dir='ltr'>Omnia</span> <span class='ocrx_word' id='word_1_246' title='bbox 288 2027 378 2055; x_wconf 82' lang='lat' dir='ltr'>regere</span> <span class='ocrx_word' id='word_1_247' title='bbox 403 2017 542 2056; x_wconf 86' lang='lat' dir='ltr'>probatur.</span> <span class='ocrx_word' id='word_1_248' title='bbox 568 2024 612 2045; x_wconf 86' lang='lat'>111.</span> <span class='ocrx_word' id='word_1_249' title='bbox 637 2022 699 2045; x_wconf 85' lang='grc'><strong>564.</strong></span> <span class='ocrx_word' id='word_1_250' title='bbox 726 2018 760 2045; x_wconf 89' lang='lat' dir='ltr'>Et</span> <span class='ocrx_word' id='word_1_251' title='bbox 781 2017 809 2045; x_wconf 92' lang='lat' dir='ltr'>id</span> 
     </span>
     <span class='ocr_line' id='line_1_44' title="bbox 67 2061 808 2091; baseline -0.003 0"><span class='ocrx_word' id='word_1_252' title='bbox 67 2062 163 2091; x_wconf 87' lang='lat' dir='ltr'>clamat</span> <span class='ocrx_word' id='word_1_253' title='bbox 184 2061 269 2090; x_wconf 89' lang='lat' dir='ltr'>omnis</span> <span class='ocrx_word' id='word_1_254' title='bbox 291 2068 421 2090; x_wconf 85' lang='lat' dir='ltr'>creatura.</span> <span class='ocrx_word' id='word_1_255' title='bbox 445 2063 488 2089; x_wconf 76' lang='grc' dir='ltr'><strong>ΙΙ).</strong></span> <span class='ocrx_word' id='word_1_256' title='bbox 513 2071 542 2089; x_wconf 90' lang='lat' dir='ltr'>D.</span> <span class='ocrx_word' id='word_1_257' title='bbox 566 2071 592 2090; x_wconf 82' lang='lat' dir='ltr'>E.</span> <span class='ocrx_word' id='word_1_258' title='bbox 612 2061 645 2090; x_wconf 91' lang='lat' dir='ltr'>Se</span> <span class='ocrx_word' id='word_1_259' title='bbox 660 2061 760 2089; x_wconf 72' lang='lat' dir='ltr'>revelat</span> <span class='ocrx_word' id='word_1_260' title='bbox 781 2062 808 2089; x_wconf 90' lang='lat' dir='ltr'>in</span> 
     </span>
     <span class='ocr_line' id='line_1_45' title="bbox 66 2104 808 2134; baseline -0.001 0"><span class='ocrx_word' id='word_1_261' title='bbox 66 2105 249 2134; x_wconf 78' lang='lat' dir='ltr'>sensibilibus.</span> <span class='ocrx_word' id='word_1_262' title='bbox 273 2111 303 2132; x_wconf 77' lang='lat' dir='ltr'>v.</span> <span class='ocrx_word' id='word_1_263' title='bbox 321 2109 366 2133; x_wconf 90' lang='lat'>27.</span> <span class='ocrx_word' id='word_1_264' title='bbox 382 2115 407 2133; x_wconf 89' lang='lat' dir='ltr'>c.</span> <span class='ocrx_word' id='word_1_265' title='bbox 426 2104 490 2133; x_wconf 87' lang='lat' dir='ltr'>Sine</span> <span class='ocrx_word' id='word_1_266' title='bbox 505 2115 534 2132; x_wconf 85' lang='lat' dir='ltr'>ea</span> <span class='ocrx_word' id='word_1_267' title='bbox 544 2104 661 2132; x_wconf 86' lang='lat' dir='ltr'>mundus</span> <span class='ocrx_word' id='word_1_268' title='bbox 678 2111 747 2132; x_wconf 79' lang='lat' dir='ltr'>stare</span> <span class='ocrx_word' id='word_1_269' title='bbox 760 2115 808 2133; x_wconf 73' lang='lat' dir='ltr'>ne-</span> 
     </span>
     <span class='ocr_line' id='line_1_46' title="bbox 66 2148 804 2187; baseline 0 -11"><span class='ocrx_word' id='word_1_270' title='bbox 66 2149 135 2187; x_wconf 87' lang='lat' dir='ltr'>quit.</span> <span class='ocrx_word' id='word_1_271' title='bbox 152 2156 186 2178; x_wconf 86' lang='lat'>11.</span> <span class='ocrx_word' id='word_1_272' title='bbox 205 2153 270 2177; x_wconf 88' lang='lat'>127.</span> <span class='ocrx_word' id='word_1_273' title='bbox 286 2159 309 2176; x_wconf 82' lang='lat' dir='ltr'>B.</span> <span class='ocrx_word' id='word_1_274' title='bbox 331 2158 359 2177; x_wconf 87' lang='lat' dir='ltr'>c.</span> <span class='ocrx_word' id='word_1_275' title='bbox 381 2158 411 2176; x_wconf 86' lang='lat' dir='ltr'>D.</span> <span class='ocrx_word' id='word_1_276' title='bbox 431 2152 495 2176; x_wconf 88' lang='lat'>128.</span> <span class='ocrx_word' id='word_1_277' title='bbox 510 2148 622 2186; x_wconf 82' lang='lat' dir='ltr'>Semper</span> <span class='ocrx_word' id='word_1_278' title='bbox 637 2158 668 2176; x_wconf 88' lang='lat' dir='ltr'>ea</span> <span class='ocrx_word' id='word_1_279' title='bbox 687 2158 804 2186; x_wconf 80' lang='lat' dir='ltr'>egemus.</span> 
     </span>
     <span class='ocr_line' id='line_1_47' title="bbox 68 2191 805 2231; baseline 0.001 -12"><span class='ocrx_word' id='word_1_280' title='bbox 68 2199 100 2220; x_wconf 72' lang='lat' dir='ltr'>v.</span> <span class='ocrx_word' id='word_1_281' title='bbox 116 2197 180 2222; x_wconf 87' lang='lat'>123.</span> <span class='ocrx_word' id='word_1_282' title='bbox 204 2203 232 2221; x_wconf 83' lang='lat' dir='ltr'>c.</span> <span class='ocrx_word' id='word_1_283' title='bbox 254 2192 311 2231; x_wconf 89' lang='lat' dir='ltr'>Ipsi</span> <span class='ocrx_word' id='word_1_284' title='bbox 329 2191 498 2220; x_wconf 86' lang='lat' dir='ltr'>attribuenda</span> <span class='ocrx_word' id='word_1_285' title='bbox 522 2192 645 2220; x_wconf 81' lang='lat' dir='ltr'>fertilitas</span> <span class='ocrx_word' id='word_1_286' title='bbox 664 2199 751 2221; x_wconf 85' lang='lat' dir='ltr'>terrae.</span> <span class='ocrx_word' id='word_1_287' title='bbox 771 2199 805 2220; x_wconf 77' lang='lat' dir='ltr'>v.</span> 
     </span>
     <span class='ocr_line' id='line_1_48' title="bbox 67 2235 806 2275; baseline -0.001 -11"><span class='ocrx_word' id='word_1_288' title='bbox 67 2241 129 2264; x_wconf 83' lang='lat'>581.</span> <span class='ocrx_word' id='word_1_289' title='bbox 144 2247 171 2263; x_wconf 73' lang='lat' dir='ltr'>a.</span> <span class='ocrx_word' id='word_1_290' title='bbox 188 2240 253 2264; x_wconf 84' lang='grc'><strong>582.</strong></span> <span class='ocrx_word' id='word_1_291' title='bbox 270 2235 447 2275; x_wconf 88' lang='lat' dir='ltr'>Comparatur</span> <span class='ocrx_word' id='word_1_292' title='bbox 461 2235 556 2269; x_wconf 77' lang='lat' dir='ltr'>fluvio,</span> <span class='ocrx_word' id='word_1_293' title='bbox 570 2235 616 2273; x_wconf 90' lang='lat' dir='ltr'>qui</span> <span class='ocrx_word' id='word_1_294' title='bbox 631 2235 764 2263; x_wconf 84' lang='lat' dir='ltr'>scinditur</span> <span class='ocrx_word' id='word_1_295' title='bbox 778 2236 806 2263; x_wconf 89' lang='lat' dir='ltr'>in</span> 
     </span>
     <span class='ocr_line' id='line_1_49' title="bbox 66 2279 802 2318; baseline -0.003 -10"><span class='ocrx_word' id='word_1_296' title='bbox 66 2279 162 2308; x_wconf 89' lang='lat' dir='ltr'>multas</span> <span class='ocrx_word' id='word_1_297' title='bbox 176 2286 279 2318; x_wconf 83' lang='lat' dir='ltr'>partes,</span> <span class='ocrx_word' id='word_1_298' title='bbox 300 2286 326 2307; x_wconf 90' lang='lat' dir='ltr'>et</span> <span class='ocrx_word' id='word_1_299' title='bbox 339 2279 485 2317; x_wconf 85' lang='lat' dir='ltr'>subjectam</span> <span class='ocrx_word' id='word_1_300' title='bbox 499 2279 633 2317; x_wconf 82' lang='lat' dir='ltr'>regionem</span> <span class='ocrx_word' id='word_1_301' title='bbox 650 2279 754 2317; x_wconf 86' lang='lat' dir='ltr'>irrigat.</span> <span class='ocrx_word' id='word_1_302' title='bbox 771 2286 802 2307; x_wconf 84' lang='lat' dir='ltr'>v.</span> 
     </span>
     <span class='ocr_line' id='line_1_50' title="bbox 66 2322 807 2356; baseline -0.003 -4"><span class='ocrx_word' id='word_1_303' title='bbox 66 2328 129 2352; x_wconf 88' lang='lat'>220.</span> <span class='ocrx_word' id='word_1_304' title='bbox 142 2334 167 2352; x_wconf 91' lang='lat' dir='ltr'>c.</span> <span class='ocrx_word' id='word_1_305' title='bbox 180 2334 210 2353; x_wconf 84' lang='lat' dir='ltr'>n.</span> <span class='ocrx_word' id='word_1_306' title='bbox 228 2322 398 2351; x_wconf 86' lang='lat' dir='ltr'>Providentia</span> <span class='ocrx_word' id='word_1_307' title='bbox 411 2322 470 2356; x_wconf 87' lang='lat' dir='ltr'>Dei,</span> <span class='ocrx_word' id='word_1_308' title='bbox 482 2332 534 2350; x_wconf 92' lang='lat' dir='ltr'>non</span> <span class='ocrx_word' id='word_1_309' title='bbox 547 2333 610 2351; x_wconf 91' lang='lat' dir='ltr'>cura</span> <span class='ocrx_word' id='word_1_310' title='bbox 622 2329 710 2351; x_wconf 91' lang='lat' dir='ltr'>nostra</span> <span class='ocrx_word' id='word_1_311' title='bbox 719 2322 807 2351; x_wconf 86' lang='lat' dir='ltr'>omnia</span> 
     </span>
     <span class='ocr_line' id='line_1_51' title="bbox 66 2367 382 2404; baseline -0.006 -9"><span class='ocrx_word' id='word_1_312' title='bbox 66 2367 180 2404; x_wconf 81' lang='lat' dir='ltr'>perficit.</span> <span class='ocrx_word' id='word_1_313' title='bbox 198 2373 256 2396; x_wconf 75' lang='lat' dir='ltr'>vn.</span> <span class='ocrx_word' id='word_1_314' title='bbox 276 2371 338 2395; x_wconf 90' lang='lat'>310.</span> <span class='ocrx_word' id='word_1_315' title='bbox 357 2378 382 2393; x_wconf 72' lang='lat' dir='ltr'>A.</span> 
     </span>
    </p>

    <p class='ocr_par' dir='ltr' id='par_1_21' title="bbox 61 2409 806 2618">
     <span class='ocr_line' id='line_1_52' title="bbox 104 2409 805 2447; baseline -0.003 -8"><span class='ocrx_word' id='word_1_316' title='bbox 104 2409 274 2439; x_wconf 81' lang='lat' dir='ltr'>Providentia</span> <span class='ocrx_word' id='word_1_317' title='bbox 288 2409 337 2438; x_wconf 89' lang='lat' dir='ltr'>Dei</span> <span class='ocrx_word' id='word_1_318' title='bbox 352 2409 494 2438; x_wconf 85' lang='lat' dir='ltr'>mirabilis.</span> <span class='ocrx_word' id='word_1_319' title='bbox 511 2416 530 2437; x_wconf 95' lang='lat'>1.</span> <span class='ocrx_word' id='word_1_320' title='bbox 542 2413 607 2438; x_wconf 84' lang='lat'>716.</span> <span class='ocrx_word' id='word_1_321' title='bbox 622 2420 647 2438; x_wconf 73' lang='lat' dir='ltr'>n.</span> <span class='ocrx_word' id='word_1_322' title='bbox 666 2419 691 2438; x_wconf 89' lang='lat' dir='ltr'>c.</span> <span class='ocrx_word' id='word_1_323' title='bbox 706 2416 805 2447; x_wconf 88' lang='lat' dir='ltr'>quanta</span> 
     </span>
     <span class='ocr_line' id='line_1_53' title="bbox 63 2452 806 2493; baseline -0.001 -10"><span class='ocrx_word' id='word_1_324' title='bbox 63 2456 106 2484; x_wconf 82' lang='lat' dir='ltr'>sit.</span> <span class='ocrx_word' id='word_1_325' title='bbox 128 2462 148 2483; x_wconf 91' lang='lat'>1.</span> <span class='ocrx_word' id='word_1_326' title='bbox 171 2459 235 2483; x_wconf 88' lang='grc'><strong>205.</strong></span> <span class='ocrx_word' id='word_1_327' title='bbox 259 2465 282 2482; x_wconf 74' lang='grc' dir='ltr'>Β.</span> <span class='ocrx_word' id='word_1_328' title='bbox 299 2464 362 2493; x_wconf 85' lang='lat' dir='ltr'>sqq.</span> <span class='ocrx_word' id='word_1_329' title='bbox 380 2452 494 2480; x_wconf 79' lang='lat' dir='ltr'>infinita.</span> <span class='ocrx_word' id='word_1_330' title='bbox 514 2459 544 2482; x_wconf 80' lang='lat' dir='ltr'>v.</span> <span class='ocrx_word' id='word_1_331' title='bbox 566 2458 627 2482; x_wconf 89' lang='lat'>122.</span> <span class='ocrx_word' id='word_1_332' title='bbox 647 2463 675 2482; x_wconf 70' lang='grc' dir='ltr'>ε.</span> <span class='ocrx_word' id='word_1_333' title='bbox 692 2465 721 2482; x_wconf 74' lang='lat' dir='ltr'>A.</span> <span class='ocrx_word' id='word_1_334' title='bbox 740 2455 806 2483; x_wconf 82' lang='lat' dir='ltr'>Eam</span> 
     </span>
     <span class='ocr_line' id='line_1_54' title="bbox 63 2497 805 2537; baseline -0.003 -10"><span class='ocrx_word' id='word_1_335' title='bbox 63 2498 174 2527; x_wconf 84' lang='lat' dir='ltr'>laudant</span> <span class='ocrx_word' id='word_1_336' title='bbox 197 2508 275 2537; x_wconf 89' lang='lat' dir='ltr'>opera</span> <span class='ocrx_word' id='word_1_337' title='bbox 294 2498 361 2536; x_wconf 85' lang='lat' dir='ltr'>ejus.</span> <span class='ocrx_word' id='word_1_338' title='bbox 385 2503 417 2525; x_wconf 79' lang='lat' dir='ltr'>V.</span> <span class='ocrx_word' id='word_1_339' title='bbox 440 2500 504 2524; x_wconf 87' lang='grc'><strong>565.</strong></span> <span class='ocrx_word' id='word_1_340' title='bbox 527 2509 552 2527; x_wconf 79' lang='grc' dir='ltr'>Λ,</span> <span class='ocrx_word' id='word_1_341' title='bbox 577 2507 639 2535; x_wconf 77' lang='lat' dir='ltr'>sqq.</span> <span class='ocrx_word' id='word_1_342' title='bbox 669 2497 702 2525; x_wconf 92' lang='lat' dir='ltr'>ad</span> <span class='ocrx_word' id='word_1_343' title='bbox 717 2497 805 2526; x_wconf 89' lang='lat' dir='ltr'>omnia</span> 
     </span>
     <span class='ocr_line' id='line_1_55' title="bbox 62 2541 804 2581; baseline -0.003 -10"><span class='ocrx_word' id='word_1_344' title='bbox 62 2543 188 2581; x_wconf 78' lang='lat' dir='ltr'>pertinet.</span> <span class='ocrx_word' id='word_1_345' title='bbox 200 2549 233 2570; x_wconf 89' lang='lat' dir='ltr'>v.</span> <span class='ocrx_word' id='word_1_346' title='bbox 247 2546 310 2570; x_wconf 81' lang='grc'><strong>465.</strong></span> <span class='ocrx_word' id='word_1_347' title='bbox 324 2551 349 2570; x_wconf 86' lang='lat' dir='ltr'>n.</span> <span class='ocrx_word' id='word_1_348' title='bbox 367 2552 392 2569; x_wconf 74' lang='grc' dir='ltr'>ε.</span> <span class='ocrx_word' id='word_1_349' title='bbox 414 2551 476 2580; x_wconf 85' lang='lat' dir='ltr'>sqq.</span> <span class='ocrx_word' id='word_1_350' title='bbox 493 2541 651 2569; x_wconf 88' lang='lat' dir='ltr'>Communis</span> <span class='ocrx_word' id='word_1_351' title='bbox 666 2547 704 2570; x_wconf 88' lang='lat' dir='ltr'>est</span> <span class='ocrx_word' id='word_1_352' title='bbox 719 2541 804 2570; x_wconf 89' lang='lat' dir='ltr'>omni-</span> 
     </span>
     <span class='ocr_line' id='line_1_56' title="bbox 61 2585 799 2618; baseline -0.003 -1"><span class='ocrx_word' id='word_1_353' title='bbox 61 2588 120 2617; x_wconf 89' lang='lat' dir='ltr'>bus.</span> <span class='ocrx_word' id='word_1_354' title='bbox 141 2594 188 2616; x_wconf 77' lang='lat' dir='ltr'>lx.</span> <span class='ocrx_word' id='word_1_355' title='bbox 206 2591 269 2618; x_wconf 75' lang='lat'>534.</span> <span class='ocrx_word' id='word_1_356' title='bbox 285 2596 309 2614; x_wconf 89' lang='lat' dir='ltr'>c.</span> <span class='ocrx_word' id='word_1_357' title='bbox 327 2586 366 2615; x_wconf 88' lang='lat' dir='ltr'>Ea</span> <span class='ocrx_word' id='word_1_358' title='bbox 381 2595 456 2615; x_wconf 86' lang='lat' dir='ltr'>nemo</span> <span class='ocrx_word' id='word_1_359' title='bbox 469 2595 519 2615; x_wconf 90' lang='lat' dir='ltr'>non</span> <span class='ocrx_word' id='word_1_360' title='bbox 535 2585 645 2615; x_wconf 77' lang='lat' dir='ltr'>[ruitur.</span> <span class='ocrx_word' id='word_1_361' title='bbox 665 2593 720 2617; x_wconf 73' lang='lat' dir='ltr'>Vll.</span> <span class='ocrx_word' id='word_1_362' title='bbox 737 2590 799 2615; x_wconf 84' lang='lat'>382.</span> 
     </span>
    </p>
   </div>
   <div class='ocr_carea' id='block_1_6' title="bbox 1549 193 1618 230">
    <p class='ocr_par' dir='ltr' id='par_1_22' title="bbox 1549 193 1618 230">
     <span class='ocr_line' id='line_1_57' title="bbox 1549 193 1618 230; baseline 0.014 -1"><span class='ocrx_word' id='word_1_363' title='bbox 1549 193 1618 230; x_wconf 76' lang='lat'>355</span> 
     </span>
    </p>
   </div>
   <div class='ocr_carea' id='block_1_7' title="bbox 861 262 1621 2626">
    <p class='ocr_par' dir='ltr' id='par_1_23' title="bbox 871 262 1621 347">
     <span class='ocr_line' id='line_1_58' title="bbox 874 262 1621 302; baseline 0.008 -12"><span class='ocrx_word' id='word_1_364' title='bbox 874 272 902 291; x_wconf 85' lang='lat' dir='ltr'>n.</span> <span class='ocrx_word' id='word_1_365' title='bbox 920 273 945 290; x_wconf 78' lang='lat' dir='ltr'>E.</span> <span class='ocrx_word' id='word_1_366' title='bbox 961 262 1241 302; x_wconf 84' lang='lat' dir='ltr'>Incomprehensibilis</span> <span class='ocrx_word' id='word_1_367' title='bbox 1253 270 1302 292; x_wconf 85' lang='lat' dir='ltr'>est.</span> <span class='ocrx_word' id='word_1_368' title='bbox 1323 270 1380 294; x_wconf 72' lang='lat' dir='ltr'>vn.</span> <span class='ocrx_word' id='word_1_369' title='bbox 1399 269 1465 296; x_wconf 84' lang='grc'><strong>825.</strong></span> <span class='ocrx_word' id='word_1_370' title='bbox 1483 277 1508 294; x_wconf 83' lang='lat' dir='ltr'>c.</span> <span class='ocrx_word' id='word_1_371' title='bbox 1525 267 1621 296; x_wconf 89' lang='lat' dir='ltr'>Ratio-</span> 
     </span>
     <span class='ocr_line' id='line_1_59' title="bbox 871 305 1506 347; baseline 0.008 -14"><span class='ocrx_word' id='word_1_372' title='bbox 871 305 974 334; x_wconf 88' lang='lat' dir='ltr'>cinium</span> <span class='ocrx_word' id='word_1_373' title='bbox 988 313 1109 335; x_wconf 86' lang='lat' dir='ltr'>nostrum</span> <span class='ocrx_word' id='word_1_374' title='bbox 1121 315 1273 347; x_wconf 82' lang='lat' dir='ltr'>exsuperat.</span> <span class='ocrx_word' id='word_1_375' title='bbox 1290 315 1335 337; x_wconf 81' lang='lat' dir='ltr'>tx.</span> <span class='ocrx_word' id='word_1_376' title='bbox 1351 313 1414 337; x_wconf 81' lang='grc'><strong>679.</strong></span> <span class='ocrx_word' id='word_1_377' title='bbox 1432 320 1457 338; x_wconf 93' lang='lat' dir='ltr'>c.</span> <span class='ocrx_word' id='word_1_378' title='bbox 1476 319 1506 338; x_wconf 85' lang='grc'>1).</span> 
     </span>
    </p>

    <p class='ocr_par' dir='ltr' id='par_1_24' title="bbox 871 349 1620 695">
     <span class='ocr_line' id='line_1_60' title="bbox 918 349 1617 390; baseline 0.01 -14"><span class='ocrx_word' id='word_1_379' title='bbox 918 349 1090 378; x_wconf 80' lang='lat' dir='ltr'>Providentia</span> <span class='ocrx_word' id='word_1_380' title='bbox 1105 351 1154 379; x_wconf 89' lang='lat' dir='ltr'>Dei</span> <span class='ocrx_word' id='word_1_381' title='bbox 1170 362 1232 390; x_wconf 83' lang='lat' dir='ltr'>erga</span> <span class='ocrx_word' id='word_1_382' title='bbox 1250 352 1395 381; x_wconf 86' lang='lat' dir='ltr'>hominem.</span> <span class='ocrx_word' id='word_1_383' title='bbox 1424 360 1444 382; x_wconf 90' lang='lat'>1.</span> <span class='ocrx_word' id='word_1_384' title='bbox 1468 357 1530 382; x_wconf 81' lang='lat'>182.</span> <span class='ocrx_word' id='word_1_385' title='bbox 1552 359 1617 383; x_wconf 85' lang='lat'>183.</span> 
     </span>
     <span class='ocr_line' id='line_1_61' title="bbox 873 392 1620 433; baseline 0.008 -13"><span class='ocrx_word' id='word_1_386' title='bbox 873 392 1053 421; x_wconf 59' lang='lat' dir='ltr'>Providentiae</span> <span class='ocrx_word' id='word_1_387' title='bbox 1065 393 1165 422; x_wconf 82' lang='lat' dir='ltr'>divinae</span> <span class='ocrx_word' id='word_1_388' title='bbox 1177 405 1245 433; x_wconf 86' lang='lat' dir='ltr'>opus</span> <span class='ocrx_word' id='word_1_389' title='bbox 1266 403 1319 431; x_wconf 88' lang='lat' dir='ltr'>est,</span> <span class='ocrx_word' id='word_1_390' title='bbox 1333 396 1406 433; x_wconf 91' lang='lat' dir='ltr'>quod</span> <span class='ocrx_word' id='word_1_391' title='bbox 1422 403 1522 424; x_wconf 88' lang='lat' dir='ltr'>tantam</span> <span class='ocrx_word' id='word_1_392' title='bbox 1544 398 1620 427; x_wconf 86' lang='lat' dir='ltr'>nobis</span> 
     </span>
     <span class='ocr_line' id='line_1_62' title="bbox 873 437 1619 475; baseline 0.008 -12"><span class='ocrx_word' id='word_1_393' title='bbox 873 446 934 464; x_wconf 83' lang='lat' dir='ltr'>cum</span> <span class='ocrx_word' id='word_1_394' title='bbox 956 437 1105 466; x_wconf 78' lang='lat' dir='ltr'>virtutibus</span> <span class='ocrx_word' id='word_1_395' title='bbox 1123 438 1281 467; x_wconf 81' lang='lat' dir='ltr'>affinitatem</span> <span class='ocrx_word' id='word_1_396' title='bbox 1296 462 1303 475; x_wconf 76' lang='lat'>⁷</span> <span class='ocrx_word' id='word_1_397' title='bbox 1322 446 1347 468; x_wconf 88' lang='lat' dir='ltr'>et</span> <span class='ocrx_word' id='word_1_398' title='bbox 1368 446 1467 468; x_wconf 77' lang='lat' dir='ltr'>tantam</span> <span class='ocrx_word' id='word_1_399' title='bbox 1488 441 1619 470; x_wconf 85' lang='lat' dir='ltr'>vitiorum</span> 
     </span>
     <span class='ocr_line' id='line_1_63' title="bbox 872 479 1616 513; baseline 0.008 -6"><span class='ocrx_word' id='word_1_400' title='bbox 872 479 1098 508; x_wconf 82' lang='lat' dir='ltr'>abominationem</span> <span class='ocrx_word' id='word_1_401' title='bbox 1113 480 1250 510; x_wconf 89' lang='lat' dir='ltr'>indiderit.</span> <span class='ocrx_word' id='word_1_402' title='bbox 1266 489 1286 510; x_wconf 69' lang='lat'>1,</span> <span class='ocrx_word' id='word_1_403' title='bbox 1303 487 1368 511; x_wconf 81' lang='lat'>318.</span> <span class='ocrx_word' id='word_1_404' title='bbox 1382 493 1409 511; x_wconf 80' lang='lat' dir='ltr'>E.</span> <span class='ocrx_word' id='word_1_405' title='bbox 1425 484 1484 512; x_wconf 90' lang='lat' dir='ltr'>Non</span> <span class='ocrx_word' id='word_1_406' title='bbox 1495 494 1616 513; x_wconf 87' lang='lat' dir='ltr'>commu-</span> 
     </span>
     <span class='ocr_line' id='line_1_64' title="bbox 873 523 1619 564; baseline 0.009 -14"><span class='ocrx_word' id='word_1_407' title='bbox 873 523 941 550; x_wconf 87' lang='lat' dir='ltr'>niter</span> <span class='ocrx_word' id='word_1_408' title='bbox 963 523 1051 551; x_wconf 88' lang='grc'><strong>5010111</strong></span> <span class='ocrx_word' id='word_1_409' title='bbox 1077 523 1197 551; x_wconf 89' lang='lat' dir='ltr'>omnium</span> <span class='ocrx_word' id='word_1_410' title='bbox 1210 534 1301 552; x_wconf 82' lang='lat' dir='ltr'>curam</span> <span class='ocrx_word' id='word_1_411' title='bbox 1317 525 1407 564; x_wconf 76' lang='lat' dir='ltr'>gerit,</span> <span class='ocrx_word' id='word_1_412' title='bbox 1426 526 1474 554; x_wconf 88' lang='lat' dir='ltr'>sed</span> <span class='ocrx_word' id='word_1_413' title='bbox 1497 538 1619 557; x_wconf 84' lang='lat' dir='ltr'>seorsum</span> 
     </span>
     <span class='ocr_line' id='line_1_65' title="bbox 873 566 1618 604; baseline 0.008 -11"><span class='ocrx_word' id='word_1_414' title='bbox 873 566 1050 604; x_wconf 81' lang='lat' dir='ltr'>singulorum.</span> <span class='ocrx_word' id='word_1_415' title='bbox 1064 573 1085 595; x_wconf 89' lang='grc' dir='ltr'>Ι.</span> <span class='ocrx_word' id='word_1_416' title='bbox 1099 571 1164 595; x_wconf 84' lang='grc'><strong>206.</strong></span> <span class='ocrx_word' id='word_1_417' title='bbox 1182 578 1208 594; x_wconf 79' lang='lat'>13.</span> <span class='ocrx_word' id='word_1_418' title='bbox 1224 567 1312 596; x_wconf 75' lang='lat' dir='ltr'>Etiam</span> <span class='ocrx_word' id='word_1_419' title='bbox 1328 569 1355 596; x_wconf 92' lang='lat' dir='ltr'>in</span> <span class='ocrx_word' id='word_1_420' title='bbox 1371 569 1547 599; x_wconf 77' lang='lat' dir='ltr'>daeiuoniacos</span> <span class='ocrx_word' id='word_1_421' title='bbox 1571 572 1618 599; x_wconf 87' lang='lat' dir='ltr'>illa</span> 
     </span>
     <span class='ocr_line' id='line_1_66' title="bbox 871 610 1620 649; baseline 0.008 -11"><span class='ocrx_word' id='word_1_422' title='bbox 871 610 1035 638; x_wconf 77' lang='lat' dir='ltr'>extenditur.</span> <span class='ocrx_word' id='word_1_423' title='bbox 1055 617 1113 639; x_wconf 78' lang='lat' dir='ltr'>vn.</span> <span class='ocrx_word' id='word_1_424' title='bbox 1133 615 1196 639; x_wconf 79' lang='grc'><strong>652.</strong></span> <span class='ocrx_word' id='word_1_425' title='bbox 1220 622 1248 640; x_wconf 85' lang='lat' dir='ltr'>D.</span> <span class='ocrx_word' id='word_1_426' title='bbox 1274 612 1329 640; x_wconf 89' lang='lat' dir='ltr'>Cur</span> <span class='ocrx_word' id='word_1_427' title='bbox 1339 612 1463 649; x_wconf 80' lang='lat' dir='ltr'>infantes,</span> <span class='ocrx_word' id='word_1_428' title='bbox 1477 624 1537 642; x_wconf 88' lang='lat' dir='ltr'>cum</span> <span class='ocrx_word' id='word_1_429' title='bbox 1550 615 1620 644; x_wconf 86' lang='lat' dir='ltr'>nihil</span> 
     </span>
     <span class='ocr_line' id='line_1_67' title="bbox 872 654 1522 695; baseline 0.006 -13"><span class='ocrx_word' id='word_1_430' title='bbox 872 654 935 682; x_wconf 83' lang='lat' dir='ltr'>mali</span> <span class='ocrx_word' id='word_1_431' title='bbox 951 655 1076 689; x_wconf 79' lang='lat' dir='ltr'>fecerint,</span> <span class='ocrx_word' id='word_1_432' title='bbox 1091 662 1176 683; x_wconf 86' lang='lat' dir='ltr'>morte</span> <span class='ocrx_word' id='word_1_433' title='bbox 1190 655 1367 695; x_wconf 85' lang='lat' dir='ltr'>abripiantur.</span> <span class='ocrx_word' id='word_1_434' title='bbox 1383 664 1404 685; x_wconf 93' lang='grc'>1.</span> <span class='ocrx_word' id='word_1_435' title='bbox 1420 661 1484 685; x_wconf 86' lang='grc'><strong>216.</strong></span> <span class='ocrx_word' id='word_1_436' title='bbox 1498 669 1522 688; x_wconf 82' lang='lat' dir='ltr'>n.</span> 
     </span>
    </p>

    <p class='ocr_par' dir='ltr' id='par_1_25' title="bbox 865 697 1619 1738">
     <span class='ocr_line' id='line_1_68' title="bbox 912 697 1615 732; baseline 0.006 -6"><span class='ocrx_word' id='word_1_437' title='bbox 912 697 1089 727; x_wconf 82' lang='lat' dir='ltr'>Providentia</span> <span class='ocrx_word' id='word_1_438' title='bbox 1103 698 1152 727; x_wconf 90' lang='lat' dir='ltr'>Dei</span> <span class='ocrx_word' id='word_1_439' title='bbox 1166 699 1233 726; x_wconf 89' lang='lat' dir='ltr'>nulli</span> <span class='ocrx_word' id='word_1_440' title='bbox 1249 699 1334 728; x_wconf 85' lang='lat' dir='ltr'>dubio</span> <span class='ocrx_word' id='word_1_441' title='bbox 1351 700 1476 730; x_wconf 78' lang='lat' dir='ltr'>obnoxia.</span> <span class='ocrx_word' id='word_1_442' title='bbox 1492 709 1525 732; x_wconf 65' lang='lat' dir='ltr'>v.</span> <span class='ocrx_word' id='word_1_443' title='bbox 1541 707 1615 732; x_wconf 76' lang='lat'>25.1;.</span> 
     </span>
     <span class='ocr_line' id='line_1_69' title="bbox 872 742 1617 781; baseline 0.007 -11"><span class='ocrx_word' id='word_1_444' title='bbox 872 746 918 771; x_wconf 89' lang='grc'>29.</span> <span class='ocrx_word' id='word_1_445' title='bbox 929 753 956 770; x_wconf 76' lang='lat' dir='ltr'>A.</span> <span class='ocrx_word' id='word_1_446' title='bbox 968 752 993 770; x_wconf 80' lang='grc' dir='ltr'>Β.</span> <span class='ocrx_word' id='word_1_447' title='bbox 1007 742 1222 772; x_wconf 65' lang='lat' dir='ltr'>30Xindicatur</span> <span class='ocrx_word' id='word_1_448' title='bbox 1233 743 1267 771; x_wconf 85' lang='lat' dir='ltr'>ab</span> <span class='ocrx_word' id='word_1_449' title='bbox 1279 743 1311 771; x_wconf 91' lang='lat' dir='ltr'>iis</span> <span class='ocrx_word' id='word_1_450' title='bbox 1323 744 1370 781; x_wconf 88' lang='lat' dir='ltr'>qui</span> <span class='ocrx_word' id='word_1_451' title='bbox 1381 744 1506 773; x_wconf 70' lang='lat' dir='ltr'>dicebant</span> <span class='ocrx_word' id='word_1_452' title='bbox 1516 746 1617 775; x_wconf 80' lang='lat' dir='ltr'>siccita-</span> 
     </span>
     <span class='ocr_line' id='line_1_70' title="bbox 872 786 1615 826; baseline 0.008 -12"><span class='ocrx_word' id='word_1_453' title='bbox 872 787 1098 822; x_wconf 83' lang='lat' dir='ltr'>tes‚calamitates‚</span> <span class='ocrx_word' id='word_1_454' title='bbox 1106 786 1189 822; x_wconf 67' lang='lat' dir='ltr'>bella.</span> <span class='ocrx_word' id='word_1_455' title='bbox 1199 798 1250 815; x_wconf 89' lang='lat' dir='ltr'>non</span> <span class='ocrx_word' id='word_1_456' title='bbox 1260 798 1315 815; x_wconf 86' lang='lat' dir='ltr'>csse</span> <span class='ocrx_word' id='word_1_457' title='bbox 1327 787 1408 826; x_wconf 80' lang='lat' dir='ltr'>digna</span> <span class='ocrx_word' id='word_1_458' title='bbox 1419 789 1475 817; x_wconf 86' lang='lat' dir='ltr'>Deo</span> <span class='ocrx_word' id='word_1_459' title='bbox 1483 791 1615 820; x_wconf 83' lang='lat' dir='ltr'>mundum</span> 
     </span>
     <span class='ocr_line' id='line_1_71' title="bbox 871 832 1618 871; baseline 0.008 -13"><span class='ocrx_word' id='word_1_460' title='bbox 871 838 986 869; x_wconf 76' lang='lat' dir='ltr'>regente.</span> <span class='ocrx_word' id='word_1_461' title='bbox 1002 838 1036 859; x_wconf 89' lang='lat'>11.</span> <span class='ocrx_word' id='word_1_462' title='bbox 1054 835 1117 859; x_wconf 85' lang='lat'>102.</span> <span class='ocrx_word' id='word_1_463' title='bbox 1143 842 1167 858; x_wconf 88' lang='lat' dir='ltr'>c.</span> <span class='ocrx_word' id='word_1_464' title='bbox 1185 841 1214 859; x_wconf 87' lang='grc'>1).</span> <span class='ocrx_word' id='word_1_465' title='bbox 1232 836 1294 860; x_wconf 91' lang='grc'><strong>103.</strong></span> <span class='ocrx_word' id='word_1_466' title='bbox 1308 832 1350 860; x_wconf 77' lang='lat' dir='ltr'>Ex</span> <span class='ocrx_word' id='word_1_467' title='bbox 1370 832 1540 871; x_wconf 77' lang='lat' dir='ltr'>providentia</span> <span class='ocrx_word' id='word_1_468' title='bbox 1554 843 1618 864; x_wconf 86' lang='lat' dir='ltr'>sunt</span> 
     </span>
     <span class='ocr_line' id='line_1_72' title="bbox 871 873 1619 916; baseline 0.008 -15"><span class='ocrx_word' id='word_1_469' title='bbox 871 873 950 901; x_wconf 85' lang='lat' dir='ltr'>etiam</span> <span class='ocrx_word' id='word_1_470' title='bbox 970 874 1094 912; x_wconf 86' lang='lat' dir='ltr'>pestifera</span> <span class='ocrx_word' id='word_1_471' title='bbox 1115 880 1140 901; x_wconf 89' lang='lat' dir='ltr'>et</span> <span class='ocrx_word' id='word_1_472' title='bbox 1160 874 1248 902; x_wconf 79' lang='lat' dir='ltr'>noxia.</span> <span class='ocrx_word' id='word_1_473' title='bbox 1265 881 1297 903; x_wconf 78' lang='lat' dir='ltr'>v.</span> <span class='ocrx_word' id='word_1_474' title='bbox 1321 879 1385 903; x_wconf 82' lang='grc'><strong>566.</strong></span> <span class='ocrx_word' id='word_1_475' title='bbox 1408 886 1435 903; x_wconf 75' lang='lat' dir='ltr'>A.</span> <span class='ocrx_word' id='word_1_476' title='bbox 1453 887 1476 905; x_wconf 85' lang='lat' dir='ltr'>B.</span> <span class='ocrx_word' id='word_1_477' title='bbox 1499 878 1619 916; x_wconf 80' lang='lat' dir='ltr'>Apparet</span> 
     </span>
     <span class='ocr_line' id='line_1_73' title="bbox 871 917 1610 958; baseline 0.007 -14"><span class='ocrx_word' id='word_1_478' title='bbox 871 917 963 953; x_wconf 81' lang='lat' dir='ltr'>etiam,</span> <span class='ocrx_word' id='word_1_479' title='bbox 979 927 1039 945; x_wconf 88' lang='lat' dir='ltr'>cum</span> <span class='ocrx_word' id='word_1_480' title='bbox 1054 917 1123 945; x_wconf 86' lang='lat' dir='ltr'>dona</span> <span class='ocrx_word' id='word_1_481' title='bbox 1137 928 1184 945; x_wconf 88' lang='lat' dir='ltr'>sua</span> <span class='ocrx_word' id='word_1_482' title='bbox 1199 918 1331 946; x_wconf 79' lang='lat' dir='ltr'>contrahit</span> <span class='ocrx_word' id='word_1_483' title='bbox 1344 925 1369 946; x_wconf 88' lang='lat' dir='ltr'>et</span> <span class='ocrx_word' id='word_1_484' title='bbox 1383 918 1429 946; x_wconf 76' lang='lat' dir='ltr'>dat</span> <span class='ocrx_word' id='word_1_485' title='bbox 1445 921 1562 958; x_wconf 82' lang='lat' dir='ltr'>parcius.</span> <span class='ocrx_word' id='word_1_486' title='bbox 1580 929 1610 951; x_wconf 79' lang='lat' dir='ltr'>v.</span> 
     </span>
     <span class='ocr_line' id='line_1_74' title="bbox 872 961 1616 1004; baseline 0.008 -16"><span class='ocrx_word' id='word_1_487' title='bbox 872 965 916 988; x_wconf 88' lang='grc'>28.</span> <span class='ocrx_word' id='word_1_488' title='bbox 932 971 959 988; x_wconf 74' lang='grc' dir='ltr'>Ε.</span> <span class='ocrx_word' id='word_1_489' title='bbox 976 972 1002 989; x_wconf 70' lang='lat' dir='ltr'>A.</span> <span class='ocrx_word' id='word_1_490' title='bbox 1027 961 1186 999; x_wconf 75' lang='lat' dir='ltr'>Perstringit</span> <span class='ocrx_word' id='word_1_491' title='bbox 1200 961 1286 989; x_wconf 89' lang='lat' dir='ltr'>obiter</span> <span class='ocrx_word' id='word_1_492' title='bbox 1304 961 1511 1000; x_wconf 72' lang='lat' dir='ltr'>Chrysostomus</span> <span class='ocrx_word' id='word_1_493' title='bbox 1531 975 1616 1004; x_wconf 84' lang='lat' dir='ltr'>nugas</span> 
     </span>
     <span class='ocr_line' id='line_1_75' title="bbox 872 1004 1615 1047; baseline 0.008 -15"><span class='ocrx_word' id='word_1_494' title='bbox 872 1014 964 1032; x_wconf 86' lang='lat' dir='ltr'>corum</span> <span class='ocrx_word' id='word_1_495' title='bbox 979 1004 1027 1042; x_wconf 90' lang='lat' dir='ltr'>qui</span> <span class='ocrx_word' id='word_1_496' title='bbox 1041 1004 1175 1038; x_wconf 78' lang='lat' dir='ltr'>dicebant,</span> <span class='ocrx_word' id='word_1_497' title='bbox 1189 1004 1361 1044; x_wconf 80' lang='lat' dir='ltr'>providentiae</span> <span class='ocrx_word' id='word_1_498' title='bbox 1374 1016 1463 1035; x_wconf 83' lang='lat' dir='ltr'>curam</span> <span class='ocrx_word' id='word_1_499' title='bbox 1480 1019 1566 1047; x_wconf 89' lang='lat' dir='ltr'>usque</span> <span class='ocrx_word' id='word_1_500' title='bbox 1580 1009 1615 1038; x_wconf 87' lang='lat' dir='ltr'>ad</span> 
     </span>
     <span class='ocr_line' id='line_1_76' title="bbox 872 1048 1613 1092; baseline 0.009 -17"><span class='ocrx_word' id='word_1_501' title='bbox 872 1048 962 1076; x_wconf 77' lang='lat' dir='ltr'>lunam</span> <span class='ocrx_word' id='word_1_502' title='bbox 980 1055 1083 1077; x_wconf 92' lang='lat' dir='ltr'>tantum</span> <span class='ocrx_word' id='word_1_503' title='bbox 1098 1050 1258 1088; x_wconf 81' lang='lat' dir='ltr'>pertingere.</span> <span class='ocrx_word' id='word_1_504' title='bbox 1277 1057 1309 1078; x_wconf 81' lang='lat' dir='ltr'>V.</span> <span class='ocrx_word' id='word_1_505' title='bbox 1326 1055 1389 1079; x_wconf 81' lang='grc'><strong>465.</strong></span> <span class='ocrx_word' id='word_1_506' title='bbox 1412 1062 1434 1079; x_wconf 71' lang='grc'>11.</span> <span class='ocrx_word' id='word_1_507' title='bbox 1453 1053 1535 1081; x_wconf 79' lang='lat' dir='ltr'>Multi</span> <span class='ocrx_word' id='word_1_508' title='bbox 1548 1064 1613 1092; x_wconf 91' lang='lat' dir='ltr'>pro-</span> 
     </span>
     <span class='ocr_line' id='line_1_77' title="bbox 872 1093 1616 1135; baseline 0.007 -13"><span class='ocrx_word' id='word_1_509' title='bbox 872 1093 1019 1122; x_wconf 86' lang='lat' dir='ltr'>videntiam</span> <span class='ocrx_word' id='word_1_510' title='bbox 1031 1095 1190 1123; x_wconf 84' lang='lat' dir='ltr'>accusabant</span> <span class='ocrx_word' id='word_1_511' title='bbox 1201 1095 1234 1123; x_wconf 84' lang='lat' dir='ltr'>ob</span> <span class='ocrx_word' id='word_1_512' title='bbox 1246 1095 1315 1124; x_wconf 83' lang='lat' dir='ltr'>mala</span> <span class='ocrx_word' id='word_1_513' title='bbox 1328 1096 1451 1131; x_wconf 87' lang='lat' dir='ltr'>moralia,</span> <span class='ocrx_word' id='word_1_514' title='bbox 1464 1108 1522 1135; x_wconf 75' lang='lat' dir='ltr'>qua:</span> <span class='ocrx_word' id='word_1_515' title='bbox 1531 1099 1616 1128; x_wconf 81' lang='lat' dir='ltr'>socie-</span> 
     </span>
     <span class='ocr_line' id='line_1_78' title="bbox 873 1139 1614 1173; baseline 0.007 -5"><span class='ocrx_word' id='word_1_516' title='bbox 873 1147 952 1168; x_wconf 87' lang='lat' dir='ltr'>tatem</span> <span class='ocrx_word' id='word_1_517' title='bbox 964 1139 1062 1168; x_wconf 66' lang='lat' dir='ltr'>laedunt</span> <span class='ocrx_word' id='word_1_518' title='bbox 1087 1151 1116 1168; x_wconf 83' lang='lat' dir='ltr'>ac</span> <span class='ocrx_word' id='word_1_519' title='bbox 1133 1140 1295 1169; x_wconf 80' lang='lat' dir='ltr'>desolantur.</span> <span class='ocrx_word' id='word_1_520' title='bbox 1311 1148 1331 1170; x_wconf 87' lang='lat'>1.</span> <span class='ocrx_word' id='word_1_521' title='bbox 1353 1147 1413 1170; x_wconf 89' lang='grc'><strong>113.</strong></span> <span class='ocrx_word' id='word_1_522' title='bbox 1426 1153 1454 1170; x_wconf 74' lang='grc' dir='ltr'>Δ.</span> <span class='ocrx_word' id='word_1_523' title='bbox 1469 1143 1549 1172; x_wconf 82' lang='lat' dir='ltr'>Tales</span> <span class='ocrx_word' id='word_1_524' title='bbox 1561 1145 1614 1173; x_wconf 88' lang='lat' dir='ltr'>sei-</span> 
     </span>
     <span class='ocr_line' id='line_1_79' title="bbox 871 1183 1613 1226; baseline 0.009 -15"><span class='ocrx_word' id='word_1_525' title='bbox 871 1194 932 1222; x_wconf 88' lang='lat' dir='ltr'>psos</span> <span class='ocrx_word' id='word_1_526' title='bbox 946 1183 1132 1219; x_wconf 86' lang='lat' dir='ltr'>condemnant;</span> <span class='ocrx_word' id='word_1_527' title='bbox 1145 1184 1215 1212; x_wconf 83' lang='lat' dir='ltr'>mala</span> <span class='ocrx_word' id='word_1_528' title='bbox 1227 1185 1297 1212; x_wconf 87' lang='lat' dir='ltr'>enim</span> <span class='ocrx_word' id='word_1_529' title='bbox 1317 1185 1366 1213; x_wconf 87' lang='lat' dir='ltr'>ista</span> <span class='ocrx_word' id='word_1_530' title='bbox 1382 1197 1415 1214; x_wconf 73' lang='lat' dir='ltr'>ex</span> <span class='ocrx_word' id='word_1_531' title='bbox 1426 1187 1505 1226; x_wconf 81' lang='lat' dir='ltr'>culpa</span> <span class='ocrx_word' id='word_1_532' title='bbox 1527 1188 1613 1217; x_wconf 89' lang='lat' dir='ltr'>homi-</span> 
     </span>
     <span class='ocr_line' id='line_1_80' title="bbox 871 1228 1614 1266; baseline 0.004 -11"><span class='ocrx_word' id='word_1_533' title='bbox 871 1238 934 1255; x_wconf 87' lang='lat' dir='ltr'>num</span> <span class='ocrx_word' id='word_1_534' title='bbox 944 1251 951 1263; x_wconf 82' lang='grc'>,</span> <span class='ocrx_word' id='word_1_535' title='bbox 963 1238 1015 1256; x_wconf 91' lang='lat' dir='ltr'>non</span> <span class='ocrx_word' id='word_1_536' title='bbox 1027 1228 1196 1266; x_wconf 78' lang='lat' dir='ltr'>providentia</span> <span class='ocrx_word' id='word_1_537' title='bbox 1209 1228 1343 1258; x_wconf 85' lang='lat' dir='ltr'>oriuntur.</span> <span class='ocrx_word' id='word_1_538' title='bbox 1364 1237 1387 1261; x_wconf 82' lang='grc' dir='ltr'>Ι.</span> <span class='ocrx_word' id='word_1_539' title='bbox 1400 1235 1461 1259; x_wconf 92' lang='grc'><strong>113.</strong></span> <span class='ocrx_word' id='word_1_540' title='bbox 1475 1242 1496 1259; x_wconf 78' lang='grc' dir='ltr'>Β.</span> <span class='ocrx_word' id='word_1_541' title='bbox 1511 1237 1572 1261; x_wconf 89' lang='grc'><strong>114.</strong></span> <span class='ocrx_word' id='word_1_542' title='bbox 1584 1233 1614 1262; x_wconf 83' lang='lat' dir='ltr'>Si</span> 
     </span>
     <span class='ocr_line' id='line_1_81' title="bbox 870 1271 1612 1313; baseline 0.009 -15"><span class='ocrx_word' id='word_1_543' title='bbox 870 1272 956 1310; x_wconf 87' lang='lat' dir='ltr'>major</span> <span class='ocrx_word' id='word_1_544' title='bbox 975 1282 1037 1310; x_wconf 86' lang='lat' dir='ltr'>pars</span> <span class='ocrx_word' id='word_1_545' title='bbox 1056 1271 1195 1299; x_wconf 89' lang='lat' dir='ltr'>hominum</span> <span class='ocrx_word' id='word_1_546' title='bbox 1211 1271 1314 1299; x_wconf 78' lang='lat' dir='ltr'>viveret</span> <span class='ocrx_word' id='word_1_547' title='bbox 1326 1279 1354 1301; x_wconf 89' lang='lat' dir='ltr'>ut</span> <span class='ocrx_word' id='word_1_548' title='bbox 1374 1273 1470 1302; x_wconf 79' lang='lat' dir='ltr'>vivunt</span> <span class='ocrx_word' id='word_1_549' title='bbox 1489 1275 1535 1313; x_wconf 85' lang='lat' dir='ltr'>qui</span> <span class='ocrx_word' id='word_1_550' title='bbox 1549 1276 1612 1305; x_wconf 79' lang='lat' dir='ltr'>vitae</span> 
     </span>
     <span class='ocr_line' id='line_1_82' title="bbox 869 1315 1613 1353; baseline 0.008 -11"><span class='ocrx_word' id='word_1_551' title='bbox 869 1315 1022 1353; x_wconf 81' lang='lat' dir='ltr'>angelicum</span> <span class='ocrx_word' id='word_1_552' title='bbox 1037 1325 1119 1353; x_wconf 85' lang='lat' dir='ltr'>genus</span> <span class='ocrx_word' id='word_1_553' title='bbox 1138 1315 1272 1353; x_wconf 81' lang='lat' dir='ltr'>elegerunt</span> <span class='ocrx_word' id='word_1_554' title='bbox 1294 1316 1322 1344; x_wconf 90' lang='lat' dir='ltr'>in</span> <span class='ocrx_word' id='word_1_555' title='bbox 1336 1319 1513 1353; x_wconf 85' lang='lat' dir='ltr'>monasteriis,</span> <span class='ocrx_word' id='word_1_556' title='bbox 1532 1329 1613 1348; x_wconf 90' lang='lat' dir='ltr'>num-</span> 
     </span>
     <span class='ocr_line' id='line_1_83' title="bbox 869 1359 1608 1397; baseline 0.009 -11"><span class='ocrx_word' id='word_1_557' title='bbox 869 1369 949 1395; x_wconf 87' lang='lat' dir='ltr'>quam</span> <span class='ocrx_word' id='word_1_558' title='bbox 965 1359 1034 1387; x_wconf 87' lang='lat' dir='ltr'>intra</span> <span class='ocrx_word' id='word_1_559' title='bbox 1047 1359 1196 1387; x_wconf 88' lang='lat' dir='ltr'>societatem</span> <span class='ocrx_word' id='word_1_560' title='bbox 1214 1367 1400 1397; x_wconf 81' lang='lat' dir='ltr'>grassarentur</span> <span class='ocrx_word' id='word_1_561' title='bbox 1411 1362 1466 1390; x_wconf 78' lang='lat' dir='ltr'>istae</span> <span class='ocrx_word' id='word_1_562' title='bbox 1479 1363 1545 1392; x_wconf 82' lang='lat' dir='ltr'>lues.</span> <span class='ocrx_word' id='word_1_563' title='bbox 1562 1365 1608 1394; x_wconf 85' lang='lat' dir='ltr'>Ib.</span> 
     </span>
     <span class='ocr_line' id='line_1_84' title="bbox 869 1401 1612 1443; baseline 0.009 -14"><span class='ocrx_word' id='word_1_564' title='bbox 869 1401 925 1430; x_wconf 91' lang='lat' dir='ltr'>Cur</span> <span class='ocrx_word' id='word_1_565' title='bbox 938 1402 987 1430; x_wconf 91' lang='lat' dir='ltr'>Dei</span> <span class='ocrx_word' id='word_1_566' title='bbox 1005 1402 1171 1439; x_wconf 85' lang='lat' dir='ltr'>providentia</span> <span class='ocrx_word' id='word_1_567' title='bbox 1186 1402 1348 1440; x_wconf 81' lang='lat' dir='ltr'>quandoque</span> <span class='ocrx_word' id='word_1_568' title='bbox 1363 1406 1499 1443; x_wconf 82' lang='lat' dir='ltr'>permittat</span> <span class='ocrx_word' id='word_1_569' title='bbox 1515 1407 1612 1436; x_wconf 82' lang='lat' dir='ltr'>electos</span> 
     </span>
     <span class='ocr_line' id='line_1_85' title="bbox 868 1445 1612 1486; baseline 0.009 -13"><span class='ocrx_word' id='word_1_570' title='bbox 868 1455 929 1473; x_wconf 92' lang='lat' dir='ltr'>suos</span> <span class='ocrx_word' id='word_1_571' title='bbox 940 1445 1061 1473; x_wconf 88' lang='lat' dir='ltr'>acerbius</span> <span class='ocrx_word' id='word_1_572' title='bbox 1078 1445 1189 1480; x_wconf 87' lang='lat' dir='ltr'>tentari,</span> <span class='ocrx_word' id='word_1_573' title='bbox 1205 1453 1345 1484; x_wconf 85' lang='lat' dir='ltr'>postquam</span> <span class='ocrx_word' id='word_1_574' title='bbox 1358 1448 1460 1486; x_wconf 84' lang='lat' dir='ltr'>abjecto</span> <span class='ocrx_word' id='word_1_575' title='bbox 1473 1451 1572 1479; x_wconf 80' lang='lat' dir='ltr'>saeculo</span> <span class='ocrx_word' id='word_1_576' title='bbox 1584 1462 1612 1479; x_wconf 89' lang='lat' dir='ltr'>se</span> 
     </span>
     <span class='ocr_line' id='line_1_86' title="bbox 869 1488 1610 1523; baseline 0.008 -7"><span class='ocrx_word' id='word_1_577' title='bbox 869 1494 938 1517; x_wconf 87' lang='lat' dir='ltr'>totos</span> <span class='ocrx_word' id='word_1_578' title='bbox 952 1489 1009 1517; x_wconf 87' lang='lat' dir='ltr'>Deo</span> <span class='ocrx_word' id='word_1_579' title='bbox 1022 1488 1198 1518; x_wconf 77' lang='lat' dir='ltr'>devoverunt.</span> <span class='ocrx_word' id='word_1_580' title='bbox 1215 1496 1235 1517; x_wconf 93' lang='lat'>1.</span> <span class='ocrx_word' id='word_1_581' title='bbox 1252 1494 1316 1519; x_wconf 89' lang='lat'>217.</span> <span class='ocrx_word' id='word_1_582' title='bbox 1332 1501 1356 1518; x_wconf 88' lang='lat' dir='ltr'>e.</span> <span class='ocrx_word' id='word_1_583' title='bbox 1373 1502 1401 1519; x_wconf 88' lang='lat' dir='ltr'>D.</span> <span class='ocrx_word' id='word_1_584' title='bbox 1420 1497 1482 1521; x_wconf 87' lang='lat'>218.</span> <span class='ocrx_word' id='word_1_585' title='bbox 1496 1494 1610 1523; x_wconf 83' lang='lat' dir='ltr'>Mirabi-</span> 
     </span>
     <span class='ocr_line' id='line_1_87' title="bbox 867 1531 1610 1572; baseline 0.009 -12"><span class='ocrx_word' id='word_1_586' title='bbox 867 1531 901 1560; x_wconf 88' lang='lat' dir='ltr'>lis</span> <span class='ocrx_word' id='word_1_587' title='bbox 916 1532 984 1561; x_wconf 84' lang='lat' dir='ltr'>actio</span> <span class='ocrx_word' id='word_1_588' title='bbox 998 1532 1098 1561; x_wconf 81' lang='lat' dir='ltr'>divinae</span> <span class='ocrx_word' id='word_1_589' title='bbox 1113 1532 1289 1572; x_wconf 63' lang='lat' dir='ltr'>providentia?</span> <span class='ocrx_word' id='word_1_590' title='bbox 1314 1533 1341 1561; x_wconf 92' lang='lat' dir='ltr'>in</span> <span class='ocrx_word' id='word_1_591' title='bbox 1354 1541 1409 1563; x_wconf 91' lang='lat' dir='ltr'>toto</span> <span class='ocrx_word' id='word_1_592' title='bbox 1425 1537 1526 1565; x_wconf 83' lang='lat' dir='ltr'>mundo</span> <span class='ocrx_word' id='word_1_593' title='bbox 1550 1548 1610 1566; x_wconf 90' lang='lat' dir='ltr'>con-</span> 
     </span>
     <span class='ocr_line' id='line_1_88' title="bbox 867 1575 1608 1614; baseline 0.009 -10"><span class='ocrx_word' id='word_1_594' title='bbox 867 1575 971 1614; x_wconf 86' lang='lat' dir='ltr'>spicua,</span> <span class='ocrx_word' id='word_1_595' title='bbox 981 1577 1008 1605; x_wconf 90' lang='lat' dir='ltr'>in</span> <span class='ocrx_word' id='word_1_596' title='bbox 1022 1583 1077 1605; x_wconf 90' lang='lat' dir='ltr'>toto</span> <span class='ocrx_word' id='word_1_597' title='bbox 1093 1576 1192 1606; x_wconf 88' lang='lat' dir='ltr'>mundo</span> <span class='ocrx_word' id='word_1_598' title='bbox 1205 1577 1351 1614; x_wconf 75' lang='lat' dir='ltr'>adoranda,</span> <span class='ocrx_word' id='word_1_599' title='bbox 1363 1590 1392 1607; x_wconf 90' lang='lat' dir='ltr'>os</span> <span class='ocrx_word' id='word_1_600' title='bbox 1405 1580 1521 1610; x_wconf 89' lang='lat' dir='ltr'>occludit</span> <span class='ocrx_word' id='word_1_601' title='bbox 1534 1583 1608 1611; x_wconf 89' lang='lat' dir='ltr'>omni</span> 
     </span>
     <span class='ocr_line' id='line_1_89' title="bbox 865 1619 1610 1661; baseline 0.009 -13"><span class='ocrx_word' id='word_1_602' title='bbox 865 1619 1072 1659; x_wconf 83' lang='lat' dir='ltr'>blasphemanti.</span> <span class='ocrx_word' id='word_1_603' title='bbox 1086 1628 1117 1649; x_wconf 89' lang='lat'>11.</span> <span class='ocrx_word' id='word_1_604' title='bbox 1132 1625 1192 1649; x_wconf 87' lang='lat'>121.</span> <span class='ocrx_word' id='word_1_605' title='bbox 1206 1631 1265 1659; x_wconf 83' lang='lat' dir='ltr'>sqq.</span> <span class='ocrx_word' id='word_1_606' title='bbox 1276 1626 1340 1649; x_wconf 88' lang='grc'><strong>126.</strong></span> <span class='ocrx_word' id='word_1_607' title='bbox 1352 1633 1412 1661; x_wconf 82' lang='lat' dir='ltr'>sqq.</span> <span class='ocrx_word' id='word_1_608' title='bbox 1424 1625 1481 1653; x_wconf 91' lang='lat' dir='ltr'>Hoc</span> <span class='ocrx_word' id='word_1_609' title='bbox 1492 1625 1610 1655; x_wconf 82' lang='lat' dir='ltr'>maxime</span> 
     </span>
     <span class='ocr_line' id='line_1_90' title="bbox 865 1664 1610 1706; baseline 0.008 -14"><span class='ocrx_word' id='word_1_610' title='bbox 865 1670 903 1692; x_wconf 84' lang='lat' dir='ltr'>est</span> <span class='ocrx_word' id='word_1_611' title='bbox 914 1664 1106 1703; x_wconf 64' lang='lat' dir='ltr'>providentiae,</span> <span class='ocrx_word' id='word_1_612' title='bbox 1131 1664 1205 1702; x_wconf 87' lang='lat' dir='ltr'>quod</span> <span class='ocrx_word' id='word_1_613' title='bbox 1221 1665 1336 1693; x_wconf 83' lang='lat' dir='ltr'>rationes</span> <span class='ocrx_word' id='word_1_614' title='bbox 1358 1669 1416 1706; x_wconf 82' lang='lat' dir='ltr'>ejus</span> <span class='ocrx_word' id='word_1_615' title='bbox 1439 1678 1541 1697; x_wconf 71' lang='lat' dir='ltr'>arcanze</span> <span class='ocrx_word' id='word_1_616' title='bbox 1555 1670 1610 1698; x_wconf 89' lang='grc'><strong>51111</strong></span> 
     </span>
     <span class='ocr_line' id='line_1_91' title="bbox 865 1707 1345 1738; baseline 0.006 -3"><span class='ocrx_word' id='word_1_617' title='bbox 865 1708 942 1736; x_wconf 86' lang='lat' dir='ltr'>nobis</span> <span class='ocrx_word' id='word_1_618' title='bbox 955 1715 979 1736; x_wconf 86' lang='lat' dir='ltr'>et</span> <span class='ocrx_word' id='word_1_619' title='bbox 995 1707 1153 1736; x_wconf 76' lang='lat' dir='ltr'>ineffabiles.</span> <span class='ocrx_word' id='word_1_620' title='bbox 1173 1715 1218 1737; x_wconf 82' lang='lat' dir='ltr'>XI.</span> <span class='ocrx_word' id='word_1_621' title='bbox 1238 1713 1301 1738; x_wconf 76' lang='lat'>159.</span> <span class='ocrx_word' id='word_1_622' title='bbox 1320 1720 1345 1738; x_wconf 84' lang='lat' dir='ltr'>B.</span> 
     </span>
    </p>

    <p class='ocr_par' dir='ltr' id='par_1_26' title="bbox 864 1751 1607 1922">
     <span class='ocr_line' id='line_1_92' title="bbox 906 1751 1607 1792; baseline 0.009 -13"><span class='ocrx_word' id='word_1_623' title='bbox 906 1751 1105 1780; x_wconf 74' lang='lat' dir='ltr'>Providentiam</span> <span class='ocrx_word' id='word_1_624' title='bbox 1118 1759 1243 1789; x_wconf 85' lang='lat' dir='ltr'>quantam</span> <span class='ocrx_word' id='word_1_625' title='bbox 1259 1763 1368 1781; x_wconf 85' lang='lat' dir='ltr'>suorum</span> <span class='ocrx_word' id='word_1_626' title='bbox 1381 1761 1454 1792; x_wconf 81' lang='lat' dir='ltr'>gerat</span> <span class='ocrx_word' id='word_1_627' title='bbox 1466 1756 1550 1786; x_wconf 80' lang='lat' dir='ltr'>Deus.</span> <span class='ocrx_word' id='word_1_628' title='bbox 1562 1764 1607 1785; x_wconf 85' lang='lat' dir='ltr'>lv.</span> 
     </span>
     <span class='ocr_line' id='line_1_93' title="bbox 864 1795 1606 1836; baseline 0.008 -13"><span class='ocrx_word' id='word_1_629' title='bbox 864 1799 926 1824; x_wconf 82' lang='grc'><strong>641.</strong></span> <span class='ocrx_word' id='word_1_630' title='bbox 936 1806 961 1825; x_wconf 83' lang='lat' dir='ltr'>n.</span> <span class='ocrx_word' id='word_1_631' title='bbox 973 1806 1034 1835; x_wconf 78' lang='lat' dir='ltr'>sqq.</span> <span class='ocrx_word' id='word_1_632' title='bbox 1046 1795 1219 1824; x_wconf 63' lang='lat' dir='ltr'>Providentia</span> <span class='ocrx_word' id='word_1_633' title='bbox 1230 1796 1276 1824; x_wconf 82' lang='lat' dir='ltr'>Dei</span> <span class='ocrx_word' id='word_1_634' title='bbox 1289 1797 1367 1824; x_wconf 87' lang='lat' dir='ltr'>etiam</span> <span class='ocrx_word' id='word_1_635' title='bbox 1377 1798 1402 1825; x_wconf 92' lang='lat' dir='ltr'>in</span> <span class='ocrx_word' id='word_1_636' title='bbox 1414 1809 1489 1836; x_wconf 85' lang='lat' dir='ltr'>poena</span> <span class='ocrx_word' id='word_1_637' title='bbox 1498 1800 1606 1829; x_wconf 77' lang='lat' dir='ltr'>Adami.</span> 
     </span>
     <span class='ocr_line' id='line_1_94' title="bbox 865 1839 1605 1877; baseline 0.009 -10"><span class='ocrx_word' id='word_1_638' title='bbox 865 1846 882 1867; x_wconf 90' lang='grc'>1.</span> <span class='ocrx_word' id='word_1_639' title='bbox 903 1844 966 1867; x_wconf 86' lang='grc'><strong>194.</strong></span> <span class='ocrx_word' id='word_1_640' title='bbox 988 1849 1015 1867; x_wconf 83' lang='grc'>1).</span> <span class='ocrx_word' id='word_1_641' title='bbox 1030 1850 1055 1867; x_wconf 80' lang='grc' dir='ltr'>Ε.</span> <span class='ocrx_word' id='word_1_642' title='bbox 1071 1849 1133 1877; x_wconf 82' lang='lat' dir='ltr'>erga</span> <span class='ocrx_word' id='word_1_643' title='bbox 1148 1839 1240 1868; x_wconf 84' lang='lat' dir='ltr'>Jacob.</span> <span class='ocrx_word' id='word_1_644' title='bbox 1256 1846 1302 1869; x_wconf 85' lang='lat' dir='ltr'>tv.</span> <span class='ocrx_word' id='word_1_645' title='bbox 1321 1844 1384 1869; x_wconf 83' lang='grc'><strong>599.</strong></span> <span class='ocrx_word' id='word_1_646' title='bbox 1402 1851 1430 1868; x_wconf 75' lang='grc' dir='ltr'>Ε.</span> <span class='ocrx_word' id='word_1_647' title='bbox 1453 1846 1517 1871; x_wconf 87' lang='grc'><strong>641.</strong></span> <span class='ocrx_word' id='word_1_648' title='bbox 1535 1854 1563 1873; x_wconf 73' lang='grc' dir='ltr'>Α.</span> <span class='ocrx_word' id='word_1_649' title='bbox 1579 1855 1605 1873; x_wconf 75' lang='grc' dir='ltr'>Β.</span> 
     </span>
     <span class='ocr_line' id='line_1_95' title="bbox 865 1883 1604 1922; baseline 0.009 -12"><span class='ocrx_word' id='word_1_650' title='bbox 865 1894 890 1912; x_wconf 89' lang='lat' dir='ltr'>c.</span> <span class='ocrx_word' id='word_1_651' title='bbox 907 1893 969 1921; x_wconf 79' lang='lat' dir='ltr'>erga</span> <span class='ocrx_word' id='word_1_652' title='bbox 989 1883 1100 1922; x_wconf 81' lang='lat' dir='ltr'>Joseph.</span> <span class='ocrx_word' id='word_1_653' title='bbox 1126 1891 1144 1911; x_wconf 92' lang='grc'>1.</span> <span class='ocrx_word' id='word_1_654' title='bbox 1160 1888 1224 1911; x_wconf 86' lang='grc'><strong>930.</strong></span> <span class='ocrx_word' id='word_1_655' title='bbox 1242 1893 1270 1913; x_wconf 84' lang='lat' dir='ltr'>n.</span> <span class='ocrx_word' id='word_1_656' title='bbox 1288 1888 1353 1912; x_wconf 86' lang='grc'><strong>931.</strong></span> <span class='ocrx_word' id='word_1_657' title='bbox 1372 1895 1396 1912; x_wconf 82' lang='grc' dir='ltr'>Ε.</span> <span class='ocrx_word' id='word_1_658' title='bbox 1413 1886 1501 1914; x_wconf 84' lang='lat' dir='ltr'>Adde</span> <span class='ocrx_word' id='word_1_659' title='bbox 1515 1888 1604 1917; x_wconf 68' lang='lat' dir='ltr'>Dncs.</span> 
     </span>
    </p>

    <p class='ocr_par' dir='ltr' id='par_1_27' title="bbox 864 1926 1606 2043">
     <span class='ocr_line' id='line_1_96' title="bbox 905 1926 1606 1968; baseline 0.004 -13"><span class='ocrx_word' id='word_1_660' title='bbox 905 1926 1079 1955; x_wconf 86' lang='lat' dir='ltr'>Providentia</span> <span class='ocrx_word' id='word_1_661' title='bbox 1093 1927 1191 1955; x_wconf 83' lang='lat' dir='ltr'>Christi</span> <span class='ocrx_word' id='word_1_662' title='bbox 1216 1926 1376 1955; x_wconf 75' lang='lat' dir='ltr'>declarantis</span> <span class='ocrx_word' id='word_1_663' title='bbox 1397 1938 1424 1956; x_wconf 88' lang='lat' dir='ltr'>se</span> <span class='ocrx_word' id='word_1_664' title='bbox 1436 1939 1483 1968; x_wconf 89' lang='lat' dir='ltr'>pro</span> <span class='ocrx_word' id='word_1_665' title='bbox 1503 1931 1606 1960; x_wconf 78' lang='lat' dir='ltr'>Judaeis</span> 
     </span>
     <span class='ocr_line' id='line_1_97' title="bbox 864 1969 1601 2011; baseline 0.008 -13"><span class='ocrx_word' id='word_1_666' title='bbox 864 1981 1015 2010; x_wconf 85' lang='lat' dir='ltr'>passurum,</span> <span class='ocrx_word' id='word_1_667' title='bbox 1029 1978 1055 1999; x_wconf 93' lang='lat' dir='ltr'>et</span> <span class='ocrx_word' id='word_1_668' title='bbox 1070 1971 1131 1998; x_wconf 85' lang='lat' dir='ltr'>illos</span> <span class='ocrx_word' id='word_1_669' title='bbox 1143 1970 1211 1998; x_wconf 88' lang='lat' dir='ltr'>nihil</span> <span class='ocrx_word' id='word_1_670' title='bbox 1220 1969 1282 1999; x_wconf 87' lang='lat' dir='ltr'>inde</span> <span class='ocrx_word' id='word_1_671' title='bbox 1293 1971 1360 1999; x_wconf 87' lang='lat' dir='ltr'>lucri</span> <span class='ocrx_word' id='word_1_672' title='bbox 1371 1979 1524 2011; x_wconf 87' lang='lat' dir='ltr'>accepturos</span> <span class='ocrx_word' id='word_1_673' title='bbox 1535 1985 1601 2003; x_wconf 88' lang='lat' dir='ltr'>esse.</span> 
     </span>
     <span class='ocr_line' id='line_1_98' title="bbox 867 2019 1042 2043; baseline 0 0"><span class='ocrx_word' id='word_1_674' title='bbox 867 2022 922 2043; x_wconf 75' lang='grc' dir='ltr'>ΥΠ.</span> <span class='ocrx_word' id='word_1_675' title='bbox 938 2019 1000 2043; x_wconf 75' lang='grc'><strong>517.</strong></span> <span class='ocrx_word' id='word_1_676' title='bbox 1018 2025 1042 2043; x_wconf 84' lang='grc' dir='ltr'>Β.</span> 
     </span>
    </p>

    <p class='ocr_par' dir='ltr' id='par_1_28' title="bbox 862 2055 1607 2318">
     <span class='ocr_line' id='line_1_99' title="bbox 905 2055 1606 2096; baseline 0.006 -9"><span class='ocrx_word' id='word_1_677' title='bbox 905 2060 1054 2087; x_wconf 69' lang='grc' dir='ltr'><strong>Ρ110111111115</strong></span> <span class='ocrx_word' id='word_1_678' title='bbox 1067 2064 1155 2086; x_wconf 88' lang='lat' dir='ltr'>noster</span> <span class='ocrx_word' id='word_1_679' title='bbox 1165 2058 1225 2096; x_wconf 86' lang='lat' dir='ltr'>quis</span> <span class='ocrx_word' id='word_1_680' title='bbox 1239 2068 1300 2086; x_wconf 73' lang='lat' dir='ltr'>vere</span> <span class='ocrx_word' id='word_1_681' title='bbox 1310 2059 1352 2087; x_wconf 87' lang='lat' dir='ltr'>sit.</span> <span class='ocrx_word' id='word_1_682' title='bbox 1365 2066 1385 2087; x_wconf 95' lang='grc'>1.</span> <span class='ocrx_word' id='word_1_683' title='bbox 1395 2055 1460 2090; x_wconf 74' lang='grc'><strong>847.</strong></span> <span class='ocrx_word' id='word_1_684' title='bbox 1474 2070 1500 2089; x_wconf 84' lang='lat' dir='ltr'>n.</span> <span class='ocrx_word' id='word_1_685' title='bbox 1510 2062 1606 2091; x_wconf 80' lang='lat' dir='ltr'>Proxi-</span> 
     </span>
     <span class='ocr_line' id='line_1_100' title="bbox 863 2102 1607 2135; baseline 0.007 -5"><span class='ocrx_word' id='word_1_686' title='bbox 863 2103 900 2130; x_wconf 88' lang='lat' dir='ltr'>mi</span> <span class='ocrx_word' id='word_1_687' title='bbox 919 2102 1029 2131; x_wconf 85' lang='lat' dir='ltr'>dilectio</span> <span class='ocrx_word' id='word_1_688' title='bbox 1053 2102 1151 2130; x_wconf 84' lang='lat' dir='ltr'>facilis.</span> <span class='ocrx_word' id='word_1_689' title='bbox 1173 2109 1203 2129; x_wconf 80' lang='lat' dir='ltr'>v.</span> <span class='ocrx_word' id='word_1_690' title='bbox 1229 2107 1273 2131; x_wconf 89' lang='grc'>36.</span> <span class='ocrx_word' id='word_1_691' title='bbox 1297 2103 1425 2132; x_wconf 80' lang='lat' dir='ltr'>Proximo</span> <span class='ocrx_word' id='word_1_692' title='bbox 1448 2104 1607 2135; x_wconf 83' lang='lat' dir='ltr'>maledicere</span> 
     </span>
     <span class='ocr_line' id='line_1_101' title="bbox 863 2147 1604 2187; baseline 0.007 -11"><span class='ocrx_word' id='word_1_693' title='bbox 863 2155 968 2186; x_wconf 64' lang='lat' dir='ltr'>quantae</span> <span class='ocrx_word' id='word_1_694' title='bbox 980 2158 1064 2187; x_wconf 76' lang='lat' dir='ltr'>poenae</span> <span class='ocrx_word' id='word_1_695' title='bbox 1077 2147 1224 2176; x_wconf 67' lang='lat' dir='ltr'>obnoxium</span> <span class='ocrx_word' id='word_1_696' title='bbox 1235 2148 1279 2178; x_wconf 86' lang='lat' dir='ltr'>sit.</span> <span class='ocrx_word' id='word_1_697' title='bbox 1293 2155 1351 2176; x_wconf 83' lang='lat' dir='ltr'>XII.</span> <span class='ocrx_word' id='word_1_698' title='bbox 1366 2153 1409 2178; x_wconf 87' lang='lat'>13.</span> <span class='ocrx_word' id='word_1_699' title='bbox 1420 2160 1446 2178; x_wconf 83' lang='lat' dir='ltr'>c.</span> <span class='ocrx_word' id='word_1_700' title='bbox 1457 2160 1486 2178; x_wconf 85' lang='lat' dir='ltr'>D.</span> <span class='ocrx_word' id='word_1_701' title='bbox 1498 2161 1525 2179; x_wconf 77' lang='lat' dir='ltr'>A.</span> <span class='ocrx_word' id='word_1_702' title='bbox 1537 2152 1604 2180; x_wconf 79' lang='lat' dir='ltr'>Levi</span> 
     </span>
     <span class='ocr_line' id='line_1_102' title="bbox 863 2191 1600 2230; baseline 0.004 -10"><span class='ocrx_word' id='word_1_703' title='bbox 863 2191 896 2220; x_wconf 91' lang='lat' dir='ltr'>de</span> <span class='ocrx_word' id='word_1_704' title='bbox 908 2202 987 2220; x_wconf 85' lang='lat' dir='ltr'>causa</span> <span class='ocrx_word' id='word_1_705' title='bbox 1000 2192 1124 2230; x_wconf 78' lang='lat' dir='ltr'>proximo</span> <span class='ocrx_word' id='word_1_706' title='bbox 1141 2202 1192 2220; x_wconf 90' lang='lat' dir='ltr'>non</span> <span class='ocrx_word' id='word_1_707' title='bbox 1206 2191 1431 2224; x_wconf 84' lang='lat' dir='ltr'>maledicendum,</span> <span class='ocrx_word' id='word_1_708' title='bbox 1450 2201 1470 2222; x_wconf 94' lang='lat'>1.</span> <span class='ocrx_word' id='word_1_709' title='bbox 1493 2199 1556 2224; x_wconf 88' lang='lat'>847.</span> <span class='ocrx_word' id='word_1_710' title='bbox 1574 2206 1600 2224; x_wconf 74' lang='grc' dir='ltr'>ε.</span> 
     </span>
     <span class='ocr_line' id='line_1_103' title="bbox 863 2235 1604 2275; baseline 0.007 -11"><span class='ocrx_word' id='word_1_711' title='bbox 863 2236 1003 2264; x_wconf 85' lang='lat' dir='ltr'>848.Eum</span> <span class='ocrx_word' id='word_1_712' title='bbox 1017 2242 1140 2274; x_wconf 86' lang='lat' dir='ltr'>appetere</span> <span class='ocrx_word' id='word_1_713' title='bbox 1152 2235 1300 2264; x_wconf 84' lang='lat' dir='ltr'>maledictis</span> <span class='ocrx_word' id='word_1_714' title='bbox 1311 2243 1335 2264; x_wconf 85' lang='lat' dir='ltr'>et</span> <span class='ocrx_word' id='word_1_715' title='bbox 1346 2238 1524 2275; x_wconf 88' lang='lat' dir='ltr'>contumeliis,</span> <span class='ocrx_word' id='word_1_716' title='bbox 1534 2239 1604 2269; x_wconf 89' lang='lat' dir='ltr'>nihil</span> 
     </span>
     <span class='ocr_line' id='line_1_104' title="bbox 862 2279 1552 2318; baseline 0.007 -11"><span class='ocrx_word' id='word_1_717' title='bbox 862 2279 931 2307; x_wconf 87' lang='lat' dir='ltr'>lucri</span> <span class='ocrx_word' id='word_1_718' title='bbox 945 2279 1035 2315; x_wconf 85' lang='lat' dir='ltr'>affert,</span> <span class='ocrx_word' id='word_1_719' title='bbox 1052 2286 1078 2307; x_wconf 89' lang='lat' dir='ltr'>et</span> <span class='ocrx_word' id='word_1_720' title='bbox 1092 2279 1240 2318; x_wconf 83' lang='lat' dir='ltr'>plurimum</span> <span class='ocrx_word' id='word_1_721' title='bbox 1254 2279 1356 2309; x_wconf 87' lang='lat' dir='ltr'>damni.</span> <span class='ocrx_word' id='word_1_722' title='bbox 1371 2288 1429 2310; x_wconf 84' lang='grc' dir='ltr'><strong>ΧΙΙ.</strong></span> <span class='ocrx_word' id='word_1_723' title='bbox 1445 2287 1491 2311; x_wconf 86' lang='grc'>14.</span> <span class='ocrx_word' id='word_1_724' title='bbox 1509 2288 1552 2312; x_wconf 78' lang='lat'>15.</span> 
     </span>
    </p>

    <p class='ocr_par' dir='ltr' id='par_1_29' title="bbox 861 2322 1608 2626">
     <span class='ocr_line' id='line_1_105' title="bbox 902 2322 1599 2355; baseline 0.007 -5"><span class='ocrx_word' id='word_1_725' title='bbox 902 2323 1036 2351; x_wconf 74' lang='lat' dir='ltr'>Proximis</span> <span class='ocrx_word' id='word_1_726' title='bbox 1057 2322 1152 2351; x_wconf 89' lang='lat' dir='ltr'>nostris</span> <span class='ocrx_word' id='word_1_727' title='bbox 1175 2322 1277 2351; x_wconf 77' lang='lat' dir='ltr'>auxilio</span> <span class='ocrx_word' id='word_1_728' title='bbox 1300 2334 1356 2352; x_wconf 88' lang='lat' dir='ltr'>esse</span> <span class='ocrx_word' id='word_1_729' title='bbox 1378 2325 1516 2354; x_wconf 73' lang='lat' dir='ltr'>debemus.</span> <span class='ocrx_word' id='word_1_730' title='bbox 1542 2333 1599 2355; x_wconf 78' lang='lat' dir='ltr'>VH.</span> 
     </span>
     <span class='ocr_line' id='line_1_106' title="bbox 861 2366 1599 2406; baseline 0.004 -11"><span class='ocrx_word' id='word_1_731' title='bbox 861 2371 926 2395; x_wconf 82' lang='lat'>844.</span> <span class='ocrx_word' id='word_1_732' title='bbox 944 2377 967 2393; x_wconf 81' lang='lat'>13.</span> <span class='ocrx_word' id='word_1_733' title='bbox 983 2376 1047 2404; x_wconf 83' lang='lat' dir='ltr'>sqq.</span> <span class='ocrx_word' id='word_1_734' title='bbox 1063 2366 1185 2394; x_wconf 80' lang='lat' dir='ltr'>Proximi</span> <span class='ocrx_word' id='word_1_735' title='bbox 1201 2366 1313 2395; x_wconf 89' lang='lat' dir='ltr'>utilitati</span> <span class='ocrx_word' id='word_1_736' title='bbox 1334 2367 1546 2406; x_wconf 70' lang='lat' dir='ltr'>advigilandum.</span> <span class='ocrx_word' id='word_1_737' title='bbox 1566 2377 1599 2399; x_wconf 83' lang='lat' dir='ltr'>X.</span> 
     </span>
     <span class='ocr_line' id='line_1_107' title="bbox 862 2409 1604 2448; baseline 0.007 -12"><span class='ocrx_word' id='word_1_738' title='bbox 862 2414 926 2438; x_wconf 82' lang='grc'><strong>263.</strong></span> <span class='ocrx_word' id='word_1_739' title='bbox 945 2420 970 2440; x_wconf 75' lang='lat' dir='ltr'>a.</span> <span class='ocrx_word' id='word_1_740' title='bbox 985 2410 1052 2448; x_wconf 86' lang='lat' dir='ltr'>Ejus</span> <span class='ocrx_word' id='word_1_741' title='bbox 1064 2420 1127 2438; x_wconf 88' lang='lat' dir='ltr'>cura</span> <span class='ocrx_word' id='word_1_742' title='bbox 1143 2409 1280 2441; x_wconf 77' lang='lat' dir='ltr'>habenda,</span> <span class='ocrx_word' id='word_1_743' title='bbox 1297 2417 1328 2439; x_wconf 77' lang='lat' dir='ltr'>v.</span> <span class='ocrx_word' id='word_1_744' title='bbox 1342 2416 1406 2442; x_wconf 83' lang='grc'><strong>284,</strong></span> <span class='ocrx_word' id='word_1_745' title='bbox 1421 2422 1450 2439; x_wconf 89' lang='lat' dir='ltr'>n.</span> <span class='ocrx_word' id='word_1_746' title='bbox 1471 2412 1604 2441; x_wconf 78' lang='lat' dir='ltr'>AEdifica-</span> 
     </span>
     <span class='ocr_line' id='line_1_108' title="bbox 864 2455 1602 2495; baseline 0.008 -13"><span class='ocrx_word' id='word_1_747' title='bbox 864 2455 931 2483; x_wconf 85' lang='lat' dir='ltr'>tioni</span> <span class='ocrx_word' id='word_1_748' title='bbox 948 2455 1032 2494; x_wconf 86' lang='lat' dir='ltr'>ipsius</span> <span class='ocrx_word' id='word_1_749' title='bbox 1053 2455 1142 2483; x_wconf 87' lang='lat' dir='ltr'>omnia</span> <span class='ocrx_word' id='word_1_750' title='bbox 1157 2456 1350 2495; x_wconf 88' lang='lat' dir='ltr'>postponenda.</span> <span class='ocrx_word' id='word_1_751' title='bbox 1373 2464 1431 2485; x_wconf 68' lang='lat' dir='ltr'>VII.</span> <span class='ocrx_word' id='word_1_752' title='bbox 1454 2461 1518 2487; x_wconf 82' lang='grc'><strong>845.</strong></span> <span class='ocrx_word' id='word_1_753' title='bbox 1537 2463 1602 2488; x_wconf 80' lang='grc'><strong>846.</strong></span> 
     </span>
     <span class='ocr_line' id='line_1_109' title="bbox 863 2499 1601 2539; baseline 0.004 -11"><span class='ocrx_word' id='word_1_754' title='bbox 863 2499 997 2537; x_wconf 85' lang='lat' dir='ltr'>salutique</span> <span class='ocrx_word' id='word_1_755' title='bbox 1014 2499 1225 2538; x_wconf 80' lang='lat' dir='ltr'>invigilandum.</span> <span class='ocrx_word' id='word_1_756' title='bbox 1237 2507 1256 2528; x_wconf 90' lang='grc' dir='ltr'>Ι.</span> <span class='ocrx_word' id='word_1_757' title='bbox 1268 2505 1313 2529; x_wconf 86' lang='grc'>94.</span> <span class='ocrx_word' id='word_1_758' title='bbox 1329 2511 1355 2528; x_wconf 75' lang='lat'>13.</span> <span class='ocrx_word' id='word_1_759' title='bbox 1367 2510 1432 2539; x_wconf 82' lang='lat' dir='ltr'>sqq.</span> <span class='ocrx_word' id='word_1_760' title='bbox 1447 2508 1480 2531; x_wconf 88' lang='lat'>11.</span> <span class='ocrx_word' id='word_1_761' title='bbox 1497 2507 1560 2531; x_wconf 91' lang='lat'>810.</span> <span class='ocrx_word' id='word_1_762' title='bbox 1573 2513 1601 2531; x_wconf 75' lang='lat' dir='ltr'>A.</span> 
     </span>
     <span class='ocr_line' id='line_1_110' title="bbox 861 2543 1604 2584; baseline 0.004 -13"><span class='ocrx_word' id='word_1_763' title='bbox 861 2554 922 2582; x_wconf 80' lang='lat' dir='ltr'>sqq.</span> <span class='ocrx_word' id='word_1_764' title='bbox 941 2543 1054 2581; x_wconf 88' lang='lat' dir='ltr'>Propria</span> <span class='ocrx_word' id='word_1_765' title='bbox 1074 2543 1191 2571; x_wconf 82' lang='lat' dir='ltr'>curanda</span> <span class='ocrx_word' id='word_1_766' title='bbox 1206 2543 1297 2580; x_wconf 81' lang='lat' dir='ltr'>salus;</span> <span class='ocrx_word' id='word_1_767' title='bbox 1318 2544 1363 2572; x_wconf 85' lang='lat' dir='ltr'>sed</span> <span class='ocrx_word' id='word_1_768' title='bbox 1383 2544 1463 2572; x_wconf 86' lang='lat' dir='ltr'>saluti</span> <span class='ocrx_word' id='word_1_769' title='bbox 1487 2546 1604 2584; x_wconf 80' lang='lat' dir='ltr'>proximi</span> 
     </span>
     <span class='ocr_line' id='line_1_111' title="bbox 861 2586 1608 2626; baseline 0.004 -10"><span class='ocrx_word' id='word_1_770' title='bbox 861 2587 941 2616; x_wconf 79' lang='lat' dir='ltr'>simul</span> <span class='ocrx_word' id='word_1_771' title='bbox 957 2586 1104 2626; x_wconf 73' lang='lat' dir='ltr'>advigilare</span> <span class='ocrx_word' id='word_1_772' title='bbox 1116 2587 1201 2616; x_wconf 87' lang='lat' dir='ltr'>multo</span> <span class='ocrx_word' id='word_1_773' title='bbox 1212 2587 1354 2626; x_wconf 77' lang='lat' dir='ltr'>perfectius</span> <span class='ocrx_word' id='word_1_774' title='bbox 1369 2595 1417 2618; x_wconf 85' lang='lat' dir='ltr'>cst.</span> <span class='ocrx_word' id='word_1_775' title='bbox 1430 2595 1486 2618; x_wconf 73' lang='grc' dir='ltr'>ΥΠ.</span> <span class='ocrx_word' id='word_1_776' title='bbox 1503 2594 1565 2619; x_wconf 84' lang='grc'><strong>844,</strong></span> <span class='ocrx_word' id='word_1_777' title='bbox 1580 2601 1608 2619; x_wconf 73' lang='grc' dir='ltr'>Β,</span> 
     </span>
    </p>
   </div>
  </div>
 </body>
</html>
