1910 2907
15 1201 50 1219 107

592 205 680 226 NUNC
708 204 838 226 PRIMUM

66 279 137 297 nunc
151 275 224 304 sunt,
241 278 322 296 unam
338 278 352 295 a
365 267 441 296 vobis
452 267 577 296 omuibus
591 273 678 306 petere
690 266 752 296 volo
765 277 802 295 re-

67 315 239 343 tributionem
254 325 303 354 pro
323 314 448 343 concione
466 313 517 342 hac
534 319 615 351 atque
630 323 760 347 sermone,
774 320 804 341 nt

65 361 93 389 in
121 361 232 389 civitate
261 361 476 399 blasphemantes
504 359 571 388 mihi
600 359 741 397 castigetis.
774 359 803 388 Si

65 418 226 445 quemquam
249 407 275 435 iu
301 406 376 435 bivio
396 413 420 434 et
443 407 498 434 foro
518 406 546 434 in
571 406 657 434 Deum
679 405 804 444 blasphe-

65 460 181 481 mantem
198 453 332 490 audieris,
349 452 460 489 accede,
480 454 602 492 increpa,
620 459 645 480 et
659 452 680 480 si
695 452 804 480 verbera

64 499 185 538 infligere
201 506 331 539 oporteat,
345 510 378 528 ne
389 510 506 537 recuses,
521 499 605 538 ipsius
622 498 716 526 facicm
726 498 802 536 alapa

64 553 185 585 percute,
206 553 310 574 contere
332 556 361 574 os
385 545 480 584 ipsius,
501 545 670 584 percussione
694 554 803 572 manum

64 599 137 621 tuam
146 593 291 621 sanctifica.
306 605 319 619 «
333 593 388 628 Qui
402 603 465 621 sane
479 591 630 630 corrigendi
644 590 738 619 modus
750 600 803 619 non

64 646 131 666 esset
143 639 177 667 ad
193 650 271 667 nsum
285 639 446 667 hodiernum
461 637 687 666 accommodatus.

102 686 252 714 Secundam
271 685 411 713 homiliam
429 684 529 712 conset-t
551 683 741 712 Tillemontius
759 683 803 711 vel

71 731 96 759 in
110 732 203 760 seriam
218 732 340 770 quintam
354 731 396 759 vel
412 731 438 759 in
452 731 594 759 sabbatum
605 737 665 758 ante
679 729 802 765 Quadra-

62 778 190 816 gesimam
204 789 210 805 z
225 778 310 806 tutius
325 787 390 806 vero
408 777 514 805 dicatur
528 777 571 805 his
588 777 694 805 circiter
707 775 803 804 diebus

62 824 181 853 habitam
189 824 279 857 fuisse,
293 831 393 863 septem
408 823 522 859 exactis,
538 830 567 851 ut
577 822 634 862 ipsc
643 822 801 861 Chrysosto-

61 881 122 898 mus
141 871 193 905 ait,
210 882 223 899 a
240 870 370 898 seditione
390 869 498 903 diebus,
524 869 624 907 quibus
645 879 672 896 se
690 867 803 896 tacuisse

61 918 138 954 dicit,
154 919 226 957 quod
243 918 344 957 ingenti
357 918 519 954 calamitate,
535 923 561 945 et
571 916 686 956 periculi
697 915 801 954 magni-

61 965 156 993 tudine
169 964 328 993 consternati
340 963 511 999 Antiocheni,
525 973 578 991 nou
595 969 679 990 essent
694 961 802 990 audien-

61 1010 103 1038 dis
118 1011 289 1039 concionibus
306 1010 406 1038 idonei.
424 1009 468 1038 Ob
487 1009 634 1047 neglectam
653 1017 733 1047 porro
745 1007 801 1035 fra-

63 1064 135 1085 trum
156 1056 399 1095 blasphemantium
417 1054 630 1084 emendationem
651 1054 708 1082 haec
730 1053 800 1081 mala

60 1102 191 1130 divinitus
208 1102 274 1130 dicit
291 1102 420 1130 immissa.
437 1103 560 1137 Quorum
575 1107 715 1140 postquam
731 1100 801 1128 ima-

61 1149 150 1186 ginem
166 1148 299 1187 eleganter
316 1148 473 1187 descripsit,
490 1148 524 1176 de
539 1147 654 1183 divitiis,
673 1146 706 1175 de
724 1146 800 1175 divi-

62 1195 160 1223 tiarum
176 1206 237 1230 usu,
254 1195 341 1233 deque
362 1195 529 1233 eleemosyna
548 1201 573 1222 et
594 1193 628 1222 de
645 1199 801 1232 paupertate

62 1241 185 1280 pluribus
203 1240 385 1274 concionatus,
398 1240 546 1268 orationem
561 1239 671 1267 claudit.

102 1287 193 1315 Tertia
209 1286 320 1315 homilia
336 1286 479 1315 secundam
499 1296 512 1314 c
527 1285 638 1323 vestigio
658 1284 800 1322 sequitur:

61 1332 137 1361 illam
147 1344 210 1361 vero
222 1333 341 1361 habitam
353 1339 478 1371 putamus
490 1342 551 1360 cum
564 1331 738 1360 Tillemoutio
749 1331 802 1359 Do-

61 1378 161 1408 minica
174 1379 419 1418 Quinquagesimze,
436 1385 466 1406 ut
480 1378 611 1406 hodierno
623 1387 696 1405 more
707 1377 802 1415 loqua-

61 1435 131 1453 mur.
150 1425 246 1463 Agitur
263 1424 297 1453 de
317 1424 478 1463 profectione
496 1423 619 1452 Flaviani
640 1423 801 1451 Antiocheni

59 1470 177 1509 episcopi
189 1469 438 1508 Constantinopolin
449 1469 482 1497 ad
494 1469 684 1508 Imperatorem
697 1469 802 1507 placan-

59 1516 125 1544 dum
143 1528 149 1544 ε
166 1523 192 1545 et
204 1516 242 1544 rei
254 1516 320 1544 bene
333 1515 454 1554 gcrendae
472 1526 518 1554 spe
533 1515 665 1554 populum
680 1514 801 1543 consola-

59 1569 105 1590 tur
118 1562 337 1602 Cbrysostomus.
355 1561 484 1590 Pluribus
498 1561 595 1590 deinde
609 1568 801 1590 commonstrat

56 1609 163 1648 jejunii,
185 1609 236 1637 nisi
254 1620 270 1636 a
291 1608 358 1637 vitio
380 1608 561 1644 abstineatur,
584 1607 727 1636 utilitatem
745 1618 801 1636 esse

59 1655 171 1682 nullam.
193 1656 337 1692 Postquam
357 1664 420 1682 vero
444 1653 477 1682 de
501 1653 665 1683 detractione
691 1653 800 1682 vitanda

60 1710 144 1739 pauca
159 1700 275 1736 dixerat,
295 1700 472 1728 calamitatem
493 1706 647 1739 praesentem
666 1699 799 1738 deplorat,

59 1753 84 1774 et
98 1746 283 1775 intolerantius
293 1746 416 1774 saevitum
429 1756 484 1774 esse
493 1753 583 1774 narrat
595 1757 601 1773 :
617 1758 630 1772 t(
642 1746 676 1774 Hi
690 1746 801 1783 quidem

60 1794 138 1830 ferro,
150 1793 247 1831 inquit,
260 1793 301 1821 illi
315 1793 386 1831 igne,
400 1793 512 1831 quidam
522 1792 615 1821 bestiis
628 1793 721 1821 traditi
734 1804 800 1832 per—

60 1840 163 1874 ierunt,
179 1850 231 1868 non
246 1839 298 1869 viri
312 1845 415 1868 tantum
425 1862 432 1875 ,
447 1839 493 1868 sed
506 1846 530 1868 et
549 1839 635 1879 pueri.
650 1840 704 1868 Nec
716 1842 802 1868 aetatis

60 1885 250 1921 immaturitas,
268 1896 315 1914 nec
334 1886 428 1924 populi
445 1886 587 1921 tumultus,
603 1897 650 1914 nec
664 1886 736 1924 quod
756 1887 801 1914 fu-

60 1943 119 1960 rore
138 1931 272 1960 diabolico
292 1932 387 1970 perciti
405 1932 517 1970 quidam
538 1932 595 1960 haec
615 1933 734 1969 fecerint,
753 1944 801 1962 nec

59 1978 131 2016 quod
153 1977 290 2016 vectigalis
313 1983 418 2007 exactio
442 1978 619 2006 intolerabilis
637 1986 718 2013 esset,
749 1990 800 2008 non

59 2031 211 2063 paupertas,
231 2034 282 2052 non
299 2024 372 2061 quod
391 2035 531 2053 commune
551 2032 690 2064 peccatum
710 2026 799 2062 fuerit,

59 2082 110 2100 uon
123 2072 195 2110 quod
211 2071 382 2110 promiserint
396 2082 542 2110 numquam
562 2083 589 2100 se
603 2073 719 2111 amplius
737 2073 800 2102 talia

59 2128 182 2155 ausuros,
201 2128 254 2145 non
272 2117 348 2146 aliud
368 2117 509 2157 quidpiam
531 2118 602 2157 ipsos
617 2118 735 2157 eripuit3
753 2119 799 2148 sed

59 2163 158 2201 absque
170 2164 249 2192 venia
267 2163 301 2192 ad
315 2164 475 2192 barathrum
491 2164 704 2201 adducebantur,
721 2165 798 2193 mili-

61 2210 131 2237 tibus
150 2209 284 2248 utrimque
302 2210 374 2249 ipsos
396 2211 566 2248 urgentibus,
588 2217 613 2239 et
628 2211 799 2240 observanti-

58 2256 108 2284 bus
121 2266 154 2284 ne
164 2256 224 2293 quis
241 2267 283 2285 eos
297 2257 420 2296 eriperet.
437 2257 473 2286 Et
495 2257 676 2295 sequebantur
690 2265 796 2294 matres,

58 2302 152 2340 procul
166 2301 273 2339 quidem
286 2303 357 2331 filios
371 2303 561 2342 conspicientes
576 2304 734 2339 abstractos,
750 2306 797 2334 sed

56 2349 90 2376 (le
110 2348 261 2376 calamitate
279 2348 405 2386 conqueri
425 2359 476 2377 non
498 2349 625 2378 audentes
644 2362 649 2377 ε
671 2351 797 2379 affectum

55 2394 128 2422 enim
139 2393 262 2422 vincebat
275 2394 401 2429 formido,
415 2401 439 2422 et
454 2401 577 2423 naturam
589 2396 733 2434 superabat
746 2407 797 2424 me-

56 2447 107 2469 tus.
128 2454 140 2465 n
158 2440 220 2468 Haec
234 2439 324 2468 omnia
335 2439 410 2468 illata
427 2447 488 2468 sunt
505 2441 677 2469 Antiocheuis
696 2442 765 2470 mala
783 2453 797 2470 a

57 2486 200 2521 Praefectis,
208 2496 253 2514 seu
263 2485 473 2524 magistratibus,
480 2494 621 2525 antequam
630 2487 798 2517 Theodosius

55 2532 89 2561 dc
96 2532 225 2561 seditione
232 2531 380 2570 quidquam
389 2531 551 2568 audisset,ut
558 2533 596 2561 ait
605 2532 706 2561 ibidem
713 2533 799 2572 Chry-

55 2585 195 2607 sostomns.
207 2578 363 2607 Orationem
375 2588 454 2617 porro
464 2578 565 2606 claudit
575 2589 684 2607 monens
694 2586 721 2607 ut
731 2590 747 2607 a
755 2578 799 2608 de-

58 2625 192 2663 tractione,
202 2624 236 2653 ab
249 2624 400 2654 inimicitiis
413 2631 435 2653 et
450 2624 630 2663 ajuramentis
639 2625 796 2656 abstineant.

866 203 1064 227 ADORNATA.
1536 197 1600 230 123

899 267 1018 296 Homilia
1033 274 1140 307 quarta,
1155 279 1215 307 quae
1228 269 1291 297 feria
1307 268 1422 298 secunda
1437 275 1497 308 post
1513 269 1602 305 Quin-

860 314 1054 352 quagesim'am‚
1073 314 1240 350 invidetur,
1263 314 1355 344 habita
1374 315 1440 351 fuit,
1460 326 1519 353 qna)
1540 315 1599 344 dies

859 365 915 386 erat
935 359 1020 398 prima
1038 359 1276 398 Qnadragesimae,
1294 360 1340 388 illa
1362 361 1472 399 inquam
1493 361 1596 395 concio,

860 408 929 435 bona
944 417 975 435 ex
992 408 1142 436 calamitate
1160 415 1234 447 parta
1249 407 1387 445 describit,
1403 416 1519 437 mutatos
1533 408 1601 437 dicit

859 459 884 481 et
902 464 916 481 a
932 453 1052 492 pristinis
1067 455 1158 493 pravis
1177 455 1298 483 moribus
1312 454 1436 484 reductos
1450 455 1600 484 Antioche-

859 510 918 528 nos.
936 500 966 528 In
987 500 1040 528 fine
1055 511 1117 529 vero
1133 511 1161 529 ea
1178 500 1236 540 ipsa
1258 501 1369 537 monita,
1381 512 1440 539 quae
1454 501 1480 530 iu
1496 512 1599 541 praece-

859 545 931 574 denti
943 557 970 574 sc
983 546 1090 575 dedisse
1104 555 1302 583 commemorat,
1318 548 1414 577 iterum
1433 549 1539 588 repetit,
1558 549 1600 577 ni-

860 591 960 620 mirum
979 592 1014 621 de
1032 593 1149 622 vitandis
1163 593 1386 630 detractionibus,
1407 595 1554 624 inimicitiis
1574 602 1600 623 et

856 639 1016 677 juramentis
1030 652 1035 667 :
1050 650 1080 667 ac
1095 650 1122 667 se
1134 651 1179 678 per
1192 640 1262 668 hauc
1273 640 1469 670 hebdomadam
1481 641 1513 670 de
1521 642 1599 681 jura-

858 685 955 712 mentis
966 684 1103 713 dicturum
1117 696 1172 713 esse
1185 686 1355 721 praenuntiat.

898 730 1018 758 Homilia
1034 731 1128 768 quinta
1144 730 1188 759 die
1201 732 1333 768 sequenti,
1352 738 1382 760 ut
1395 732 1451 771 ipse
1466 733 1520 769 ait,
1535 743 1599 772 pro-

856 777 979 805 nuntiata
991 777 1053 811 fuit,
1068 787 1163 815 nempe
1175 777 1242 805 feria
1259 778 1345 805 tertia.
1359 779 1390 806 In
1406 778 1452 806 illa
1466 789 1602 808 aerumno-

857 832 899 850 sos
915 822 1095 850 Antiochenos
1112 832 1162 861 pro
1181 832 1255 850 more
1269 823 1420 851 consolatur
1436 824 1596 863 Chrysosto-

856 878 917 896 mus
929 875 953 896 et
965 868 1000 896 ad
1013 868 1107 896 mortis
1118 868 1201 907 ipsius
1215 875 1380 896 contemtum
1391 869 1554 899 cohortatur.
1567 872 1598 899 In

855 915 909 944 fine
929 922 1017 944 autem
1040 915 1074 944 de
1086 916 1246 955 juramentis
1261 916 1379 945 vitandis
1398 917 1454 955 agit
1476 928 1550 946 num.
1566 919 1597 955 7,

854 973 885 990 ac
899 962 1106 1002 praecedentium
1122 962 1342 1000 sequentiumque
1355 963 1529 992 homiliarum
1545 964 1598 993 ali-

853 1019 933 1046 quem
949 1008 1053 1037 inducit
1068 1007 1190 1036 ordinem
1207 1008 1250 1036 his
1261 1008 1369 1037 verbis:
1384 1021 1398 1035 κ
1414 1009 1535 1038 Primum
1549 1010 1599 1048 igi-

855 1062 899 1083 tur
917 1055 1035 1083 auditori
1056 1054 1280 1094 persuadeamus,
1299 1061 1331 1082 ut
1350 1066 1365 1083 a
1381 1056 1598 1094 juramentorum

854 1102 918 1140 fuga
937 1102 1112 1130 mutationem
1133 1100 1244 1139 incipiat
1262 1113 1270 1129 ε
1293 1101 1342 1130 etsi
1357 1102 1428 1130 enim
1444 1103 1599 1132 nudiuster-

855 1148 908 1177 tius
923 1148 974 1176 hat:
989 1148 1023 1176 de
1041 1158 1069 1175 re
1084 1147 1160 1176 vobis
1174 1147 1302 1185 loquutus
1320 1159 1392 1184 sum,
1408 1159 1494 1187 neque
1508 1156 1596 1178 tamen

855 1194 937 1223 hodie
955 1194 1092 1230 desistam,
1113 1204 1197 1232 neque
1214 1204 1283 1231 cras,
1299 1204 1383 1233 neque
1397 1195 1534 1234 perendie,
1552 1206 1598 1225 ea-

855 1241 916 1270 dem
932 1251 1047 1269 monere.
1063 1253 1077 1267 n

896 1289 1015 1316 Homilia
1033 1295 1116 1324 sexta,
1133 1289 1197 1317 seria
1218 1294 1313 1327 quarta
1335 1287 1429 1325 primae
1444 1287 1597 1317 hebdoma-

855 1335 898 1363 dis
917 1334 1021 1370 habita,
1043 1334 1248 1363 consolationem
1268 1332 1375 1361 afflictis
1395 1333 1529 1371 impertit⁷
1548 1334 1598 1363 bo-

855 1391 917 1408 nam
929 1390 1017 1408 rerum
1030 1380 1203 1408 mutationem
1215 1389 1321 1418 sperare
1329 1378 1405 1417 jubet
1415 1390 1421 1405 :
1432 1389 1520 1407 moras
1529 1389 1596 1407 uuna

855 1427 910 1460 tiis,
924 1426 972 1465 qui
986 1425 1144 1455 seditionem
1160 1425 1355 1454 Antiochenam
1367 1425 1525 1464 Imperatori
1538 1435 1598 1454 nar-

854 1472 940 1501 raturi
962 1479 1047 1508 erant,
1070 1482 1084 1500 a
1106 1473 1162 1500 Deo
1182 1471 1315 1499 immissas
1336 1470 1417 1505 dicit,
1437 1477 1517 1508 atque
1536 1470 1598 1500 iude

854 1529 928 1558 spem
944 1518 1041 1547 bonam
1052 1517 1225 1546 auditoribus
1237 1517 1325 1552 asset-t,
1336 1523 1361 1545 et
1374 1516 1407 1544 de
1420 1516 1497 1544 venia
1510 1527 1524 1544 a
1537 1517 1597 1545 Fla-

853 1566 933 1595 viano
952 1565 1076 1604 episcopo
1095 1563 1263 1603 impetranda
1284 1562 1414 1591 fiduciam
1435 1562 1533 1591 habere
1548 1563 1597 1601 ju-

853 1613 907 1641 bet.
924 1613 1069 1649 Postquam
1083 1620 1147 1639 vero
1163 1609 1197 1638 de
1211 1616 1295 1638 morte
1308 1619 1360 1637 nou
1374 1608 1492 1637 timenda
1506 1608 1595 1637 disse-

853 1657 917 1691 ruit,
931 1656 1061 1685 adversus
1072 1657 1226 1694 juramenta
1240 1665 1290 1694 pro
1307 1665 1380 1682 more
1392 1654 1525 1692 loquitur.

894 1703 1011 1732 Homilia
1024 1703 1135 1741 septima
1154 1701 1199 1729 die
1211 1700 1339 1738 sequenti,
1357 1707 1386 1728 ut
1400 1700 1494 1728 multis
1507 1710 1541 1728 ex
1555 1700 1596 1728 lo-

855 1750 892 1778 cis
912 1757 937 1778 et
951 1749 1020 1777 notis
1035 1748 1171 1786 liquidum
1190 1755 1238 1781 est,
1254 1747 1363 1775 habita:
1381 1747 1499 1775 Etenim
1511 1749 1596 1785 quin-

855 1804 914 1825 tam
924 1796 1010 1829 diem,
1022 1794 1107 1833 inquit
1116 1794 1334 1833 Chrysostomus‚
1343 1794 1456 1831 agimus
1464 1799 1595 1820 vestram

856 1843 1038 1871 consolantes
1054 1843 1217 1869 caritatem.
1239 1839 1340 1875 Quinta
1361 1848 1442 1877 porro
1461 1837 1518 1866 dies
1541 1837 1598 1865 haec

855 1895 1009 1917 numeratur
1025 1886 1176 1925 incipiendo
1188 1896 1201 1913 a
1218 1884 1370 1918 Dominica,
1383 1884 1419 1911 ita
1431 1889 1460 1911 ut
1473 1883 1506 1911 de
1517 1883 1597 1921 quin-

855 1942 880 1963 ta
897 1933 1073 1963 hebdomadis
1084 1933 1128 1961 die
1140 1933 1275 1970 loquatur.
1290 1930 1390 1968 Agitur
1400 1929 1445 1957 hic
1456 1929 1490 1957 de
1502 1929 1599 1967 primis

855 1983 988 2010 Geueseos
1001 1980 1091 2009 verbis
1112 1992 1119 2008 z
1137 1981 1174 2008 In
1191 1980 1332 2017 principio
1344 1978 1417 2015 fecit
1434 1977 1513 2005 Deus
1535 1987 1593 2005 cce-

855 2028 915 2055 Ζιιιη
927 2034 953 2055 et
966 2034 1089 2059 terram,-
1102 2025 1254 2062 diciturque
1265 2025 1362 2059 Deum,
1376 2033 1428 2050 non
1442 2022 1521 2051 modo
1533 2033 1594 2051 cum

854 2073 993 2107 benefacit,
1005 2071 1051 2100 sed
1064 2072 1144 2099 etiam
1160 2080 1220 2098 cum
1236 2069 1356 2107 castigat,
1374 2068 1476 2096 bonnm
1489 2079 1555 2103 csse,
1570 2075 1596 2097 et

849 2121 1001 2159 juramenta
1016 2118 1126 2147 vitanda
1141 2127 1197 2145 esse
1209 2126 1258 2155 pro
1273 2125 1346 2143 more
1358 2114 1434 2143 dicit.

894 2164 1039 2193 Homiliam
1054 2170 1174 2191 octavam
1189 2167 1266 2200 putat
1280 2160 1470 2189 Tillemontius
1484 2159 1529 2188 die
1548 2171 1594 2189 se-

852 2212 964 2251 ptimam
978 2209 1117 2238 homiliam
1133 2214 1266 2245 sequente,
1280 2206 1308 2235 id
1320 2213 1368 2241 est,
1383 2206 1449 2235 feria
1463 2213 1536 2235 sexta
1550 2206 1595 2235 di-

851 2264 919 2286 ctam
940 2255 1030 2284 fuisse.
1049 2256 1150 2283 Verum
1165 2252 1292 2281 reclamat
1309 2252 1530 2291 Chrysostomus‚
1547 2252 1594 2290 qui

851 2303 1009 2332 testificatur
1019 2301 1095 2329 initio
1105 2311 1132 2328 se
1141 2299 1348 2338 repq'rqvstzuper,
1360 2309 1412 2327 non
1423 2305 1512 2327 autem
1522 2299 1594 2338 χθές,

851 2350 923 2383 lam-i,
936 2348 961 2375 in
973 2346 1051 2381 illud,
1067 2348 1101 2373 In
1112 2346 1334 2384 principiosecit
1349 2345 1430 2373 Deus
1445 2345 1549 2373 crelam
1566 2352 1593 2374 el

852 2403 971 2431 terram,
985 2394 1067 2423 verba
1079 2393 1180 2428 fecisse,
1195 2392 1268 2430 quod
1281 2392 1352 2420 haud
1364 2392 1446 2420 dubie
1457 2392 1491 2420 ad
1505 2392 1592 2421 homi-

850 2443 915 2470 lia'm
930 2441 1070 2480 septimam
1090 2439 1212 2479 pertinet.
1234 2437 1283 2467 Est
1305 2439 1389 2477 igitur
1406 2439 1432 2466 in
1451 2439 1592 2467 sabbatum

852 2486 1027 2524 conserenda;
1040 2486 1112 2525 quod
1126 2485 1206 2514 etiam
1222 2485 1300 2514 nobis
1314 2484 1426 2513 suadent
1438 2484 1493 2513 hacc
1507 2484 1590 2513 verba

851 2535 940 2563 statim
956 2540 1014 2573 post
1036 2532 1154 2567 initium,
1174 2532 1214 2560 ad
1223 2532 1313 2570 finem
1337 2533 1418 2559 nohis
1432 2534 1515 2559 venit
1536 2531 1588 2558 Ῐιε-

852 2582 981 2609 bdomas.
1003 2581 1201 2617 Argumentum
1215 2576 1332 2605 homiliae
1347 2582 1485 2604 mutuatur
1500 2575 1534 2604 ab
1548 2575 1593 2604 his

851 2626 940 2656 verbis
953 2638 958 2653 :
975 2624 1193 2655 Deambulalmt
1206 2623 1285 2652 Deus
1299 2626 1329 2651 in
1337 2623 1477 2662 paradiso
1490 2624 1520 2650 in
1532 2632 1592 2651 me·-
