1910 2907
628 222 716 245 Nttxc
739 221 866 245 vntum}
896 221 1090 246 AnonN,tr.t.

95 283 234 312 'theodoto
245 282 355 312 diacono
367 285 465 322 gratias
480 294 569 323 agens,
581 285 653 323 quod
663 285 702 313 sui
717 285 835 313 invisen—

95 330 124 358 di
139 340 216 358 causa
228 330 321 367 jamin
334 331 573 369 asperrimaliieme
584 332 708 365 venisset,
721 339 745 360 et
758 331 831 369 quod

94 373 210 402 secundo
231 374 386 403 Arabissum
411 382 538 403 venturus
552 375 662 411 fuisset,
680 375 730 404 nisi
748 375 834 404 Isauri

94 418 152 446 vias
172 419 426 457 praeclusisse1u‚se
449 420 558 458 quidem
576 431 671 459 magna
696 423 785 458 quiete
808 428 834 449 et

94 464 147 493 otio
162 465 215 492 frui
229 465 277 501 ait,
292 472 432 503 tamenque
447 466 615 495 obsidionem
628 467 653 494 in
670 466 726 495 dies
746 468 832 504 ingra-

94 520 207 539 vescere.
221 523 234 537 ιι
248 512 310 540 Jam
324 533 331 547 ‚
349 524 362 537 n
381 512 485 550 inquit,
499 524 512 539 «
525 513 611 541 media
638 519 713 541 nocte
738 520 833 552 praetcr

93 567 198 586 omnem
227 558 451 597 exspectationem
479 566 656 588 trecentorum
680 560 832 587 Isaurorum

93 612 187 640 agmen
202 603 331 642 oppidum
346 605 651 644 perei11·savit‚peneque
666 615 711 633 nos
725 604 804 643 cepit.
818 617 832 630 n

94 649 187 676 Grzeca
208 649 246 677 sic
264 649 381 678 liabent:
397 649 448 684 ἤδη
468 654 529 689 γοῦν
553 651 599 679 καὶ
622 651 707 688 μέσων
732 652 831 678 νυκτῶν

91 696 154 734 παρ’
161 695 254 724 ἐλπίδα
265 701 352 724 πᾶσαν
364 696 408 725 καὶ
421 697 590 734 προσδοκίαν,
603 701 692 735 στῖφος
704 695 830 735 Ἰσαύρων

91 741 249 781 τριακοσίων
268 741 315 776 τὴν
332 742 408 771 πόλιν
423 743 588 781 κατέδραμον
600 765 607 778 ,
619 743 663 771 καὶ
687 744 779 781 μικροῦ
801 741 831 769 ἂν

92 787 136 815 καὶ
152 789 221 824 ἡμᾶς
234 783 309 816 εἶλον.
325 788 405 815 Putat
417 798 444 816 v.
454 788 488 817 cl.
500 788 689 816 Tillemontius
701 786 833 825 hissigni-

91 832 167 861 ficari
182 833 336 862 Isaurorum
350 833 418 862 illud
431 844 525 871 agmen
540 834 567 862 in
582 833 711 872 oppidum
726 833 832 871 ingres-

91 889 151 907 sum
166 879 260 915 fuisse3
272 879 344 917 quod
359 886 446 908 tamen
466 890 516 907 non
540 878 646 907 videtur
658 880 773 908 Joannes
788 878 830 906 liis

90 925 180 952 verbis
203 925 360 963 significare.
387 927 459 960 Imo,
477 925 499 953 si
525 924 552 953 in
569 924 700 963 oppidum
718 924 831 962 ingressi

91 969 210 1006 fuissent,
220 970 304 999 caedes
315 970 390 999 baud
403 970 485 998 dubie
495 992 504 1004 ,
518 969 680 1009 direptiones
694 991 701 1005 ‚
724 970 830 1007 aliaque

90 1016 161 1044 mala
185 1016 353 1051 intulissent,
371 1027 430 1054 quae
447 1016 655 1054 Clirysostomus
678 1016 829 1045 describere

90 1072 142 1090 non
159 1062 328 1101 neglexisset.

129 1109 160 1136 In
178 1108 289 1147 epistola
305 1119 368 1137 vero
379 1109 418 1138 70
427 1109 463 1137 ait
478 1119 505 1137 se
526 1119 586 1136 cum
611 1109 687 1147 gravi
710 1108 830 1147 corporis

89 1153 246 1192 a³gritudine
260 1154 458 1183 conflictari.At
472 1154 498 1182 in
514 1154 624 1193 epistola
638 1156 688 1182 131
701 1155 734 1183 ad
748 1154 829 1193 Elpi-

88 1199 164 1227 dium
179 1210 289 1238 gravem
302 1199 368 1228 dicit
383 1201 521 1229 accessisse
535 1200 670 1233 morbum,
684 1201 760 1239 cujus
775 1200 827 1228 ad-

90 1244 143 1272 huc
157 1245 283 1283 reliquias
296 1246 498 1274 circumferebat
515 1257 522 1274 ε
539 1246 610 1284 quod
625 1247 713 1284 ipsum
727 1247 826 1275 dicitiu

86 1290 199 1329 epistola
216 1291 282 1320 158.
301 1291 345 1320 Ad
361 1291 553 1331 Olympiadem
567 1303 630 1321 vero
643 1293 760 1321 scribens
772 1292 828 1332 epi-

88 1337 183 1365 stolam
199 1337 234 1365 15
248 1337 302 1371 ait,
319 1348 346 1365 se
361 1348 374 1365 c
390 1337 549 1376 gravissimo
564 1339 700 1367 emersisse
713 1338 806 1367 morbo
819 1361 826 1374 ,

88 1382 133 1410 sed
149 1383 234 1411 morbi
255 1383 380 1421 reliquias
392 1383 481 1412 adhuc
496 1385 666 1413 circumferre
680 1397 685 1412 :
699 1392 725 1413 et
736 1385 828 1414 adesse

87 1430 137 1458 sibi
150 1430 258 1468 quidem
270 1430 386 1459 medicos
401 1431 515 1470 optimos
529 1454 536 1467 ‚
558 1431 601 1460 sed
619 1433 826 1461 necessariarum

85 1486 173 1503 rerum
189 1476 315 1515 inopiam,
330 1477 467 1505 medicina}
484 1478 625 1506 utilitatem
641 1479 824 1517 labefactare3

85 1531 133 1549 nce
148 1521 228 1550 modo
251 1521 342 1550 abesse
365 1522 557 1551 medicamenta
583 1531 742 1562 caeterasque
764 1536 804 1553 res
816 1548 824 1563 ,

85 1578 178 1596 verum
193 1568 273 1596 etiam
288 1569 384 1597 famem
395 1575 420 1597 et
435 1576 534 1607 pestem
548 1569 703 1607 imminerc3
718 1570 826 1609 haecque

84 1613 154 1641 mala
171 1614 324 1642 Isaurorum
338 1614 502 1643 incursiones
517 1616 659 1654 parturire,
673 1616 719 1654 qui
735 1627 825 1645 omnes

83 1659 141 1687 vias
153 1660 358 1689 intercluderent
374 1684 380 1694 ‚
394 1661 510 1699 hincque
530 1661 681 1700 periculum
696 1663 778 1691 creari
792 1663 825 1691 iis

84 1705 128 1743 qui
145 1706 194 1734 iter
202 1706 329 1735 facerent.
344 1707 530 1736 Andronicum
544 1707 615 1735 enim
626 1708 769 1746 quemdam
787 1709 827 1737 ait

82 1752 109 1779 in
122 1751 231 1780 illorum
239 1763 333 1781 manus
344 1752 478 1790 incidisse,
489 1760 569 1792 atque
579 1754 613 1782 ab
624 1754 655 1783 iis
667 1755 821 1793 spoliatum,

87 1799 124 1827 sic
139 1799 245 1828 salvum
261 1807 347 1828 tamen
357 1800 482 1829 evasisse.

122 1846 182 1874 Non
204 1846 254 1885 ipsi
269 1857 372 1885 semper
387 1854 483 1885 praesto
496 1848 568 1875 suere
582 1847 679 1876 medici
693 1860 699 1875 :
715 1859 777 1877 nam
796 1849 823 1878 in

82 1891 192 1930 epistola
208 1893 263 1920 105
279 1892 314 1920 ad
329 1892 496 1921 Chalcidiam
508 1893 545 1921 ait
557 1904 583 1922 se
598 1894 764 1923 medicorum
777 1906 825 1935 pe-

82 1938 158 1966 nuria
170 1938 299 1966 laborare.
315 1938 377 1966 Haec
392 1949 455 1968 vero
467 1939 608 1968 Chalcidia
621 1940 720 1969 virtute
734 1941 825 1980 siugu-

81 1984 131 2012 lari
154 1984 276 2023 praedita,
288 1995 349 2023 qua:
373 1995 483 2023 magnas
504 1996 552 2024 per
565 1986 649 2014 vitam
665 1997 740 2015 suain
753 1998 824 2015 aeru-

81 2040 156 2058 mnas
172 2040 247 2069 passa
266 2031 363 2067 suerat,
375 2031 402 2058 in
419 2030 539 2059 omnium
561 2031 748 2070 gravissimam
762 2039 825 2062 tunc

81 2075 221 2105 inciderat.
235 2075 312 2104 Illam
325 2087 388 2104 vero
398 2076 500 2104 solatur
515 2076 734 2116 Chrysostomus,
750 2079 824 2108 fluxa

81 2132 136 2150 esse
150 2122 288 2161 praesentia
300 2129 357 2150 tum
370 2123 439 2150 bona
454 2129 512 2151 tum
522 2123 591 2150 mala
601 2123 702 2158 dicens,
715 2130 739 2152 et
752 2134 824 2152 :eru-

80 2179 154 2196 mnas
180 2175 279 2206 quanto
302 2168 439 2207 graviores
457 2175 528 2205 sunt,
543 2175 614 2197 tanto
637 2170 737 2208 majora
757 2181 824 2208 prae-

81 2214 136 2242 mia
147 2221 172 2242 et
182 2225 292 2243 coronas
305 2214 537 2243 concilim-aliane
553 2226 614 2244 vero
624 2226 722 2244 novam
737 2216 822 2244 Chal-

82 2260 159 2288 cidiae
171 2270 315 2288 aerumnam
332 2272 386 2289 csse
396 2271 471 2299 posse
490 2261 615 2300 opinatur
630 2261 821 2291 Tillemoutius

37 2329 41 2334 .
81 2306 227 2334 Constantii
239 2306 386 2344 presbyteri
396 2307 446 2334 sibi
454 2307 666 2345 conjunctissimi
677 2315 702 2336 et
714 2308 821 2337 Chalei-

48 2361 52 2365 ·
81 2350 132 2379 diae
146 2350 247 2378 addicti
259 2361 348 2379 casum
358 2352 500 2390 illum,qui
510 2364 523 2380 a
537 2353 657 2381 Palladio
669 2361 793 2382 narratur
812 2366 818 2382 ε

82 2406 143 2424 cum
150 2396 274 2425 videlicet
281 2397 448 2436 Porphyrius
457 2398 643 2434 Antiochenus,
651 2409 720 2437 segre
728 2399 822 2428 videus

63 2442 158 2481 ‘illum
174 2442 207 2470 ob
223 2442 385 2480 singularem
408 2443 531 2481 pietatem
548 2444 574 2471 iu
597 2445 681 2482 pretio
705 2445 797 2473 baberi
813 2468 819 2480 ,

22 2492 23 2504 ³
46 2506 52 2512 -
81 2489 201 2528 pecuniis
216 2488 365 2527 impetravit
386 2489 572 2527 Imperatorias
585 2490 822 2528 literas,queisille

82 2534 210 2573 utpopuli
223 2534 393 2572 perturbator
405 2534 430 2562 in
445 2535 537 2562 Oasim
550 2535 726 2574 relegabatur.
741 2537 820 2572 Quod

84 2587 112 2608 ut
134 2580 242 2609 rescivit
267 2580 455 2618 Constantius,
472 2581 619 2610 amicorum
645 2582 767 2612 subsidio
795 2584 821 2612 iu

85 2627 204 2665 Cyprum
218 2626 332 2664 aufugit.

1560 214 1627 249 205

931 285 1086 313 Theodotus
1108 295 1170 314 vero
1193 284 1321 314 diaconus
1339 285 1529 325 Clirysostomo
1550 286 1631 315 addi-

890 331 1076 366 ‹·tissinuis,de
1090 342 1143 369 quo
1155 342 1236 371 supra
1248 332 1433 370 loquebamur,
1447 332 1473 360 in
1483 332 1629 371 asperrima

889 375 984 415 hyeme
998 376 1087 415 ipsum
1103 377 1240 406 invisurus
1252 377 1408 406 Arabissum
1422 385 1540 412 venerat,
1551 385 1629 416 atque

886 421 984 450 iterum
1001 429 1128 451 venturus
1144 431 1210 460 erat,
1227 424 1277 452 nisi
1296 423 1381 452 Isauri
1401 423 1460 452 vias
1480 423 1631 462 praeclusis-

884 474 950 495 sent.
981 467 1082 496 Eodem
1107 469 1212 497 circiter
1240 476 1357 508 tempore
1380 475 1405 497 et
1429 469 1539 497 sortasse
1568 480 1629 497 cum

886 512 1026 542 Theodoto
1037 514 1158 551 diacono,
1169 514 1201 543 ad
1217 515 1441 554 Chrysostomum
1453 516 1527 543 venit
1537 515 1630 544 Theo-

884 557 964 586 dotus
976 560 1042 588 alter
1056 560 1228 597 lecim-‚filius
1240 561 1375 589 Theodoti
1385 572 1419 590 ex
1430 562 1627 598 consularibus,

884 614 961 641 quem
978 612 1050 643 pater
1064 606 1173 634 miserat
1187 606 1221 634 ad
1242 606 1465 645 Chrysostomum
1476 630 1483 641 ,
1497 614 1525 635 ut
1541 607 1626 647 ipsius

884 649 1006 678 doctriua
1028 657 1053 678 et
1072 651 1195 690 exemplo
1212 651 1239 679 in
1262 662 1324 680 vera
1348 652 1518 691 philosophia
1530 675 1537 687 ,
1549 664 1629 691 quam

885 695 1080 733 profitebatur,
1097 697 1199 724 radices
1222 707 1319 735 ponere
1342 697 1458 731 valeret;
1484 698 1629 736 eodemque

884 745 1004 778 tempore
1025 741 1180 770 Theodotus
1203 749 1277 780 pater
1306 752 1416 770 munera
1439 743 1629 782 Clirysostouio

883 784 966 820 misit,
981 786 1194 824 precabaturque
1209 786 1285 814 illum
1296 809 1303 822 ,
1319 794 1346 814 ut
1361 787 1448 815 tilium
1460 799 1537 817 suum
1553 791 1629 828 apud

883 841 910 859 se
925 831 1056 860 retineret.
1071 832 1218 870 Respondit
1231 843 1293 861 vero
1305 834 1420 862 Joannes
1434 841 1522 862 noster
1533 846 1560 862 se
1572 836 1629 873 jain

882 887 896 904 a
914 877 1054 905 Theodoto
1074 884 1177 906 tantum
1193 888 1289 906 munus
1301 879 1449 917 accepisse,
1463 890 1524 907 cum
1540 881 1628 909 filium

882 931 961 949 suum
977 928 1048 950 tanta
1061 921 1161 951 virtute
1179 922 1323 962 praeditum
1336 923 1388 950 sibi
1401 923 1492 961 misit,
1507 931 1536 952 ut
1550 935 1628 953 sum-

881 979 989 1007 mopere
1004 969 1136 1005 miretur,
1153 970 1226 1008 quod
1240 970 1300 998 aliis
1310 981 1416 1009 quoque
1427 982 1454 999 se
1469 972 1626 1001 muneribus

880 1015 1017 1044 cumulare
1029 1016 1141 1044 voluerit
1158 1028 1163 1044 :
1175 1023 1335 1055 quapropter
1349 1027 1457 1045 munera
1473 1017 1563 1046 istliaec
1577 1018 1627 1057 ipsi

881 1061 996 1096 reinisit;
1014 1062 1100 1090 filium
1120 1073 1182 1090 vero
1198 1063 1255 1101 ejus
1273 1073 1301 1091 se
1316 1062 1492 1091 libentissime
1510 1071 1629 1092 retentu-

882 1117 941 1133 rum
957 1106 1038 1135 tuisse
1060 1106 1208 1142 dixit,sed
1225 1108 1288 1145 quia
1308 1108 1394 1136 Isauri
1415 1108 1505 1136 omnia
1526 1110 1626 1138 circum

881 1154 949 1182 serro
965 1154 1079 1193 igneque
1093 1156 1292 1194 populabantur
1304 1178 1312 1190 ,
1332 1155 1441 1194 ipseque
1457 1156 1575 1194 quotidie
1587 1168 1626 1185 se—

881 1200 927 1229 des
942 1209 1045 1230 mutare
1068 1203 1230 1241 cogebatur,
1247 1202 1307 1231 idco
1331 1213 1358 1230 se
1382 1203 1626 1234 illumr'slieodoto

880 1248 992 1277 diacono
1018 1249 1137 1287 misisse,
1154 1249 1344 1288 mandasseque
1366 1249 1407 1277 illi
1438 1257 1465 1278 ut
1491 1251 1625 1279 Theodoti

881 1293 987 1322 lectoris
1011 1295 1117 1323 assidue
1141 1306 1233 1323 curam
1249 1302 1365 1333 gereret,
1381 1295 1408 1323 in
1423 1295 1504 1333 idque
1529 1307 1626 1335 magno

880 1339 969 1368 studio
981 1347 1006 1368 et
1021 1340 1161 1379 diligentia
1177 1341 1351 1370 incumberet.

920 1386 1075 1414 Theodotus
1096 1394 1184 1415 autem
1209 1387 1291 1415 lector
1312 1394 1401 1425 postea
1415 1387 1487 1427 apud
1503 1387 1624 1427 Chryso-

880 1438 995 1460 stomum
1020 1443 1075 1461 sese
1095 1433 1234 1462 excusavit
1252 1432 1323 1471 quod
1339 1434 1373 1462 ab
1392 1434 1440 1462 illo
1455 1435 1601 1463 secessisset
1617 1447 1622 1462 :

879 1478 1013 1507 discessus
1031 1489 1092 1507 vero
1108 1490 1215 1507 causam
1233 1479 1313 1507 fuisse
1329 1480 1454 1516 dicebat,
1473 1487 1530 1508 tum
1551 1481 1622 1519 quod

879 1525 1019 1553 oculorum
1036 1525 1191 1553 infirmitate
1201 1525 1343 1561 laboraret,
1356 1532 1411 1554 tum
1423 1526 1494 1563 quod
1507 1527 1622 1556 nimium

878 1570 963 1608 frigus
983 1570 1165 1599 extimesceret
1183 1581 1189 1598 ε
1214 1570 1320 1599 dicebat
1343 1571 1425 1600 etiam
1442 1572 1547 1610 aliquos
1569 1583 1624 1602 csse

879 1618 924 1654 qui
939 1618 991 1646 sibi
1005 1618 1115 1646 insidias
1126 1625 1269 1653 struerent,
1280 1618 1309 1646 id
1325 1625 1375 1655 est,
1389 1625 1418 1647 ut
1433 1630 1466 1648 ex
1481 1620 1623 1658 sequenti-

879 1663 928 1691 bus
939 1664 1021 1702 liquet
1035 1686 1042 1699 ,
1060 1664 1105 1702 qui
1122 1671 1224 1703 patrem
1237 1674 1316 1692 suum
1329 1663 1470 1693 adversum
1487 1676 1514 1693 se
1529 1666 1619 1694 conci-

877 1715 971 1738 tarent.
990 1710 1105 1749 Repouit
1118 1709 1325 1749 Chrysostomus
1337 1711 1364 1738 in
1381 1710 1492 1750 epistola
1506 1712 1575 1748 136,
1591 1723 1618 1740 se

878 1756 1050 1785 Theodotum
1062 1757 1137 1794 quasi
1150 1763 1305 1795 praesentem
1321 1766 1427 1795 semper
1444 1757 1542 1785 habere
1556 1778 1564 1794 ,
1579 1764 1619 1786 at—

877 1812 929 1840 que
947 1802 1035 1830 animo
1050 1801 1189 1840 complecti
1202 1813 1209 1836 3
1225 1802 1400 1839 hortaturque
1411 1802 1488 1830 illum
1503 1809 1531 1830 ut
1547 1803 1617 1831 mala

878 1858 990 1886 quaeque
1001 1849 1141 1887 praeseutia
1152 1855 1267 1886 spernat,
1280 1854 1372 1886 utpote
1384 1848 1467 1883 fluxa,
1479 1858 1539 1885 quae
1552 1859 1621 1876 sem-

877 1905 926 1934 per
940 1894 1109 1922 manentibus
1124 1893 1243 1932 praemiis
1257 1900 1479 1932 compensentur,
1496 1901 1575 1931 atque
1592 1900 1621 1922 ut

878 1940 983 1967 assidue
1007 1939 1174 1977 §cripturam
1199 1949 1300 1966 sacram
1320 1939 1389 1977 legat
1403 1961 1410 1973 ‚
1427 1946 1556 1977 quantiun
1572 1950 1620 1978 per

878 1986 1016 2014 oculorum
1030 1985 1241 2013 imbecillitatem
1254 1984 1353 2012 licebit.
1372 1985 1442 2012 Cum
1456 1995 1536 2023 porro
1553 1995 1621 2013 moe-

878 2032 945 2060 roris
957 2042 1041 2059 causae
1057 2030 1196 2058 Theodoto
1207 2030 1297 2058 lectori
1312 2040 1416 2069 semper
1429 2030 1617 2068 increscerent,

879 2077 962 2116 patris
976 2083 1003 2104 ut
1016 2076 1122 2105 videtur
1135 2082 1306 2114 exasperatus
1321 2075 1425 2103 animus
1441 2083 1466 2104 et
1478 2076 1619 2105 oculorum

879 2123 1062 2159 imbecillitas,
1079 2122 1119 2149 liis
1132 2121 1166 2150 de
1173 2122 1260 2150 causis
1273 2121 1307 2150 ad
1319 2122 1540 2161 Clirysostomum
1554 2123 1620 2152 scri-

878 2171 930 2209 psit
949 2182 954 2197 :
972 2170 1017 2207 qui
1034 2180 1062 2196 ea
1081 2179 1134 2206 qua
1152 2175 1271 2206 parerat
1288 2178 1366 2196 conso
1380 2168 1467 2196 atione
1491 2169 1567 2197 illum
1581 2180 1620 2198 re-

879 2216 978 2244 creavit
996 2215 1022 2242 in
1038 2213 1147 2252 epistola
1164 2213 1314 2242 102:circa
1333 2214 1473 2242 oculorum
1485 2214 1620 2243 invaletu-

877 2262 968 2290 dinem
990 2261 1111 2288 bortatur
1129 2260 1206 2287 illum
1222 2266 1250 2287 ut
1265 2260 1381 2288 medicos
1402 2260 1532 2294 consulat,
1545 2267 1570 2289 ct
1585 2260 1619 2289 ad

878 2319 932 2336 rem
946 2315 1045 2336 tantam
1063 2306 1201 2345 advigilet.
1222 2306 1294 2334 Patri
1314 2306 1389 2335 haud.
1408 2306 1491 2335 dubie
1511 2308 1619 2346 scripsit

878 2355 1085 2393 Clirysostomus
1096 2375 1105 2389 ,
1123 2359 1151 2380 ut
1165 2353 1242 2380 illum
1256 2363 1316 2380 cum
1335 2352 1392 2381 filio
1407 2353 1529 2392 pacatius
1541 2364 1620 2392 agere

877 2406 991 2428 curaret.
1009 2399 1075 2433 Quae
1089 2409 1130 2426 res
1145 2408 1178 2426 ex
1193 2405 1256 2427 voto
1273 2398 1349 2426 cessit
1361 2398 1400 2426 illi
1415 2421 1422 2432 ,
1437 2406 1464 2427 ut
1481 2399 1563 2437 liquet
1581 2411 1614 2428 ex

877 2444 986 2483 epistola
1002 2445 1215 2472 141.Νι1ηιειηι1
1229 2443 1384 2472 Theodotus
1394 2444 1477 2472 lector
1493 2445 1614 2484 Chryso-

878 2498 962 2519 stomo
977 2490 1122 2528 scripsisset
1134 2500 1160 2518 se
1182 2500 1197 2517 a
1222 2496 1297 2528 patre
1313 2489 1460 2518 honorifice
1472 2498 1615 2529 exceptum

878 2537 1032 2572 suisse;ille
1048 2536 1187 2564 Theodoto
1203 2536 1371 2565 exconsulari
1387 2536 1457 2575 patri
1474 2537 1620 2575 rescripsit,

879 2583 978 2621 gratias
990 2593 1069 2622 agens
1081 2582 1152 2620 quod
1168 2593 1222 2611 rem
1233 2583 1269 2611 ita
1280 2583 1471 2621 composuerit,
1487 2582 1622 2611 hortatui·-

880 2640 929 2667 que
944 2629 1018 2657 illum
1034 2636 1061 2657 ut
1084 2639 1143 2657 cum
1160 2629 1216 2667 pari
1236 2629 1330 2656 assectu
1347 2628 1471 2666 deinceps
1486 2627 1617 2667 procedat.

1643 534 1714 562 Epist.
1744 537 1783 559 6¹.

1667 1415 1780 1437 Tliesitlnri

1639 1449 1725 1468 lecturis
1747 1448 1780 1467 lii·

1640 1480 1716 1500 stoi-ia.
