1884 2922
725 206 827 229 INDEX
854 205 969 229 RERUM
976 221 982 227 .

86 275 190 299 v.6:27.
206 281 232 300 c.
258 272 353 300 Luxus
376 270 492 298 vestium
512 270 717 309 reprehenditur
735 276 760 298 et
772 268 820 297 da-

83 320 264 343 mnatur.VII.
277 319 401 342 70N111.
418 318 482 342 181.
500 324 526 342 ε.
542 318 606 342 368.
624 325 651 343 Α.
662 315 780 343 maxime
794 314 821 342 in

84 357 254 386 mulieribus.
276 364 323 386 Π.
342 362 405 385 441.
431 358 526 386 Luxus
547 357 691 386 mulierum
708 365 822 396 quantus

84 407 203 440 tempore
223 401 417 440 Chrysostomi.
440 408 484 429 It.
508 406 572 432 484.
590 414 617 431 A.
638 409 695 431 VII.
711 408 775 431 401.
792 415 818 431 A.

85 444 152 479 que
167 445 235 472 mala
254 444 316 472 hinc
333 445 464 472 oriantur.
483 452 540 473 vll.
563 450 628 474 944.
650 450 714 474 945.
738 446 823 474 Curas

85 488 164 526 parit.
181 492 274 516 1.391.
286 498 312 516 Ε.
328 488 544 527 Reprehenditur
554 495 579 516 et
591 488 746 517 damnatur.
763 496 821 519 VII.

85 535 149 560 257.
172 541 198 559 B.
225 536 289 560 295.
312 542 340 559 Ι).
362 537 427 560 401.
453 542 480 562 A.
502 539 572 560 VIII.
591 537 655 561 421-
674 544 701 560 Β.
717 538 780 562 471.
795 544 821 561 c.

84 575 180 603 Luxus
194 574 221 602 in
240 575 373 603 conviviis
387 581 513 613 quantus.
531 582 577 604 XI.
598 580 661 604 376.
680 587 705 605 E.
725 577 821 605 Luxus

85 618 232 647 inaurium.
252 625 310 648 VII.
328 623 393 647 945.
410 629 436 647 ε.
455 619 566 647 Luxum
583 619 732 648 calceorum
748 620 825 649 rebe*

85 668 188 690 menter
201 662 319 700 exagitat
332 662 550 701 Chrysostomus.
569 669 626 691 VII.
649 668 713 692 574.
731 664 825 694 Luxus

85 713 112 734 et
125 706 208 735 fastus
223 706 481 745 redarguuntur-‚XL
497 710 562 735 321.
581 718 607 734 Α.
635 707 674 735 De
690 707 755 736 luxu
772 719 826 747 pu-

85 749 171 778 denda
186 750 318 788 quaedam.
335 757 381 780 XI.
400 755 462 779 436.
483 761 507 779 ε.

824 921 873 955 M.

126 1133 286 1162 nuceium
305 1129 332 1157 in
353 1128 455 1168 psalmo
478 1134 558 1157 XLIII
578 1127 771 1166 praedicuutur.
795 1135 827 1155 v.

90 1182 154 1207 170.
171 1187 195 1203 Β.
211 1173 425 1203 Maccahaeorum
439 1182 480 1200 res
501 1171 551 1200 sub
563 1171 634 1200 Juda
652 1178 678 1200 et
692 1171 802 1200 Simone
816 1182 831 1199 a

85 1220 198 1251 Daniele
210 1218 376 1256 significatae.
395 1224 416 1245 I.
433 1221 496 1244 781.
508 1215 605 1243 Matris
622 1225 715 1243 eorum
733 1222 832 1253 quanta

85 1265 182 1294 virtus.
201 1270 234 1291 II.
252 1266 316 1290 745.
330 1272 358 1289 n.
376 1264 442 1289 747.
465 1270 490 1288 Β.
514 1260 601 1287 Mater
614 1259 831 1287 Maccahaeorum

88 1315 187 1348 septem
196 1305 298 1345 peperit
308 1304 388 1338 filios,
401 1303 449 1332 sed
456 1301 560 1330 nullum
571 1308 658 1336 terrae,
669 1313 760 1331 omnes
769 1303 834 1331 caelo

89 1352 202 1392 peperit.
222 1358 253 1378 II.
272 1353 336 1378 748.
357 1348 423 1376 min
437 1345 569 1385 supplicio
584 1345 751 1384 singulorum
770 1357 835 1384 gra-

88 1396 178 1424 viores
190 1394 252 1422 tulit
260 1392 365 1421 dolores
378 1414 385 1427 .,
397 1401 478 1428 quam
487 1389 605 1428 ipsifilii.
626 1397 645 1418 I.
656 1394 721 1419 745.
732 1394 832 1420 ,4.746.

89 1450 156 1468 c.1›.
173 1445 232 1467 XII.
250 1441 314 1465 495.
339 1447 365 1466 B,
388 1433 558 1472 ,adjungebat
579 1440 604 1461 et
625 1433 834 1462 cohortationem

89 1489 173 1511 mater
192 1491 254 1519 erga
274 1479 361 1507 lilium
383 1484 556 1516 postremum.
581 1484 615 1506 ΙΙ.
638 1481 702 1506 751.
731 1489 756 1505 Α.
783 1478 837 1507 Hic

89 1527 184 1555 fratres
208 1535 261 1553 non
285 1522 381 1551 habuit
405 1527 563 1559 spectatores
575 1543 582 1555 ‚
608 1520 655 1548 sed
679 1521 835 1559 praeclarius

89 1570 237 1602 theatrum,
254 1566 378 1595 videlicet
393 1564 484 1593 oculos
499 1564 600 1593 matris,
610 1572 640 1593 II.
660 1569 725 1593 750.
739 1575 763 1593 1³.
776 1566 836 1593 Ma-

90 1625 140 1642 nus
151 1612 308 1642 carnificum
320 1621 371 1638 non
384 1608 559 1648 exspectavit,
575 1608 707 1646 siquidem
723 1609 832 1647 tyranni

88 1657 257 1688 clementiam
267 1653 467 1683 reformidabat.
484 1659 515 1680 11.
529 1656 595 1680 751.
608 1663 635 1680 E.
648 1651 783 1690 Supplicii
797 1652 833 1679 il-

90 1703 180 1731 lorum
191 1699 345 1737 descriptio.
358 1704 392 1726 II.
407 1701 470 1725 747.
485 1706 509 1723 Β.
526 1695 738 1723 Maccahaeorum
752 1701 836 1724 mater

90 1747 207 1775 futuram
226 1742 446 1772 resurrectionem
476 1738 642 1767 testificatur.
667 1746 710 1767 VI.
725 1743 788 1768 360.
807 1743 834 1768 1¹

92 1790 147 1819 col.
160 1788 223 1817 Ideo
238 1784 383 1814 Maccabcei
394 1782 567 1812 admirationi
581 1782 698 1816 fuerunt,
713 1783 774 1820 quia
788 1793 836 1822 pro

89 1833 156 1871 legis
177 1830 366 1860 observatione
383 1828 453 1866 passi
476 1833 549 1855 sunt.
565 1833 622 1855 vn.
639 1831 703 1856 463.
721 1837 746 1856 Β.
760 1829 834 1855 Mac-

92 1876 243 1904 cabaeorum
259 1882 404 1909 eorumque
419 1870 511 1898 matris
524 1870 591 1898 laus.
608 1877 653 1901 VI,
672 1875 736 1900 143.
754 1881 779 1898 Β.
802 1871 835 1899 In

91 1920 141 1949 SS.
156 1917 322 1947 Maccabaeos
334 1922 359 1944 et
373 1915 400 1943 in
414 1922 524 1942 matrem
537 1925 629 1942 eorum
642 1914 760 1942 homiliae
774 1915 834 1943 duae

91 1973 153 1992 cum
170 1963 320 1999 fragmento
336 1959 361 1987 in
377 1960 405 1988 S.
420 1959 522 1988 Joanne
541 1959 707 1986 Damasceno
722 1965 834 1997 reperto.

92 2015 126 2038 11.
146 2009 285 2036 743-756.
304 2005 346 2032 De
364 2002 408 2030 die.
430 2002 489 2030 sesti
509 2012 602 2030 eorum
620 2002 720 2030 mentio
738 2003 804 2032 sacta
820 2014 835 2031 a

91 2053 294 2092 chrysostomo.
318 2056 376 2078 XII.
399 2052 463 2077 546.
483 2059 509 2076 Α.
525 2057 550 2076 13.
572 2048 648 2086 Ipsos
664 2059 712 2087 pro
727 2049 835 2078 Christo

91 2107 183 2136 passos
198 2106 253 2124 esse
267 2093 407 2133 probatur.
427 2099 484 2120 XII.
505 2096 570 2121 548.
588 2102 614 2120 Β.

130 2141 304 2168 Macrnosns
324 2135 467 2164 Christiani
493 2134 629 2163 mirabiles
650 2145 697 2170 eo,
716 2135 788 2173 quod
803 2145 836 2163 cx

93 2189 250 2223 paupertate
261 2180 456 2219 largiebantur.
475 2185 531 2207 VII.
545 2183 611 2207 723.

133 2227 316 2255 micum-11.
333 2230 354 2252 I.
373 2227 438 2251 559.
456 2232 481 2250 e.
499 2221 663 2250 Macedoniae
678 2221 837 2250 orthodoxis

94 2268 227 2309 episcopis
241 2266 336 2295 scribit
351 2265 569 2304 Chrysostomus.
588 2273 634 2295 ΙΙΙ.
652 2269 715 2294 836.
729 2276 756 2294 A.

136 2313 308 2341 Mamm-111
334 2309 458 2337 monachi
480 2308 584 2337 dictum
609 2309 708 2338 fiducia
727 2309 837 2348 plenum

95 2367 145 2396 pro
159 2352 329 2384 Antiochenis
343 2352 437 2380 timore
452 2353 580 2391 correptis
594 2359 655 2391 post
667 2362 771 2381 eversas
785 2359 838 2380 sta-

97 2408 168 2429 tuas.
191 2405 225 2426 It.
242 2401 305 2425 203.
318 2407 346 2424 D.
365 2396 435 2423 Vide
447 2401 546 2424 notam
556 2395 580 2424 *.

137 2444 332 2472 Macenosics
347 2439 482 2467 paracleto
498 2438 601 2467 bellum
619 2439 714 2473 infert,
733 2438 839 2467 divini-

100 2493 181 2515 tatem
195 2486 251 2524 ejus
267 2493 372 2522 negans.
389 2490 420 2510 11.
436 2487 503 2511 739.
518 2493 548 2511 D.

139 2531 347 2558 Mnemon-1151
359 2526 560 2565 impugnantur.
575 2533 635 2555 XII.
650 2530 714 2554 572.
728 2535 758 2554 D.
771 2526 838 2554 Ma<

103 2573 257 2603 cedonianz'
269 2581 288 2599 η
302 2570 488 2599 Macedonio.
505 2576 551 2599 VI.
569 2574 632 2599 560.
648 2581 676 2599 1-:.
692 2576 760 2598 VIII.
774 2574 838 2600 901.

263 2634 335 2652 TOM.
361 2634 412 2651 xnI

1551 194 1616 229 305

914 269 1059 295 Limon-ss
1073 275 1121 294 cur
1136 265 1263 304 suspicati
1277 272 1337 294 sunt
1350 265 1464 294 Paulum
1477 275 1534 295 esse
1545 268 1618 296 Mer-

874 311 991 340 curium.
1008 317 1027 339 I.
1047 315 1109 339 504.
1125 321 1155 339 n.

916 356 1036 384 checsx
1052 367 1058 382 :
1076 354 1114 383 ibi
1128 355 1251 383 Socrates
1265 353 1430 384 morabatur.
1449 361 1469 383 I.
1487 360 1533 383 80.
1551 366 1576 384 ε.

917 400 1082 427 [γεω-κω
1098 404 1141 426 est.
1155 399 1225 427 solis
1240 408 1369 426 occasus.
1386 405 1418 428 v.
1436 403 1501 426 891.
1518 409 1545 427 Ε.

918 443 1070 471 Lxccncrs
1088 443 1167 480 jussit
1190 442 1309 480 virgines
1325 442 1410 471 nudas
1432 443 1459 471 in
1475 448 1619 482 conspectu

877 489 996 516 virorum
1012 493 1170 515 concertare.
1187 493 1232 515 XI.
1251 491 1313 514 828.
1329 497 1354 514 Β.

916 531 1016 559 erffi
1036 529 1177 569 discipulae
1199 530 1338 558 humilitas
1357 537 1383 558 et
1403 530 1542 569 sapientia.
1569 537 1616 559 IX.

878 578 943 604 298,
959 584 985 601 1³.

913 617 1028 645 Lx'sTnIs
1047 617 1131 646 Paulo
1150 623 1176 645 et
1192 617 1323 646 Barnabae
1339 617 1478 646 immolare
1493 617 1620 647 volebant

877 671 910 689 ex
924 660 1024 689 diaboli
1040 660 1165 699 nequitia.
1183 667 1216 690 II.
1236 665 1280 689 13.

886 1141 911 1156 A.
924 1129 1073 1167 Quomodo
1087 1140 1190 1158 verum
1199 1140 1316 1159 sensum
1326 1130 1540 1168 Scripturarum
1551 1131 1631 1160 adul-

886 1176 1018 1201 terarint.
1042 1180 1088 1202 111.
1104 1178 1168 1202 972.
1186 1185 1211 1202 E.
1228 1184 1254 1203 A.
1277 1174 1491 1213 Argumentum
1507 1175 1625 1204 illorum

887 1223 988 1243 contra
1001 1217 1185 1245 divinitatem
1200 1217 1323 1254 Spiritus
1338 1221 1434 1246 sancti
1447 1229 1483 1246 ea:
1501 1219 1631 1257 Scriptu-

887 1261 926 1287 νίς
942 1260 1083 1288 deductae.
1100 1260 1170 1288 Ibid.
1187 1267 1211 1288 et
1224 1265 1289 1289 973.
1310 1263 1472 1299 Responsio
1487 1263 1527 1290 ad
1541 1263 1629 1291 illud.

889 1310 934 1331 ΙΙΙ.
949 1307 1013 1331 973.
1027 1313 1053 1331 c.
1073 1314 1102 1332 n.
1125 1303 1237 1333 Ariani
1257 1307 1414 1343 reprobant
1435 1306 1545 1334 Christi
1562 1307 1629 1345 glo—

887 1348 981 1382 riam;
1007 1348 1219 1376 stlacedoniani
1242 1359 1313 1376 vero
1338 1349 1462 1386 Spiritus
1492 1350 1632 1378 divinita-

889 1397 945 1418 tem
963 1391 1142 1419 contumeliis
1162 1392 1310 1431 afficiunt.
1336 1399 1382 1420 ΙΙΙ.
1405 1397 1469 1421 976.
1492 1403 1520 1421 A.
1547 1394 1632 1421 Nulli·

888 1434 1104 1462 Macedoniano
1115 1435 1288 1473 persuadere
1297 1436 1436 1473 possibile
1447 1436 1507 1473 suit
1521 1444 1550 1464 ut
1564 1447 1630 1464 con-

889 1478 1076 1506 substantiali
1100 1480 1261 1507 subscribat
1291 1480 1450 1507 sectandum
1480 1481 1632 1508 Nicoenam

889 1522 1045 1558 synodum,
1059 1526 1169 1560 quare?
1184 1530 1230 1551 111.
1240 1527 1304 1551 977.
1318 1533 1342 1550 ιι.
1355 1523 1478 1551 Illorum
1494 1525 1628 1562 objectio,

890 1575 926 1593 ex
945 1566 989 1593 his
1011 1566 1106 1593 verbis
1122 1566 1157 1593 tle
1171 1565 1278 1603 Spiritu
1294 1573 1407 1599 sancto,
1423 1568 1501 1605 quod
1520 1577 1571 1595 non
1587 1567 1632 1595 lo-

889 1615 986 1646 quetur
1000 1619 1015 1636 a
1029 1609 1132 1648 seipso,
1152 1610 1288 1638 solvitur.
1307 1617 1353 1638 III.
1375 1615 1439 1639 978.
1456 1622 1480 1640 B.
1498 1612 1633 1639 Macedo-

890 1655 971 1681 niani
992 1656 1209 1692 impugnantur.
1232 1661 1278 1682 III.
1300 1658 1363 1682 966.
1387 1665 1415 1682 E.
1435 1665 1463 1684 A.
1488 1656 1635 1684 Dicebant

890 1707 1004 1736 quoque
1028 1698 1123 1726 Deum
1146 1707 1284 1736 magnum
1309 1704 1336 1725 et
1359 1708 1480 1736 parvum
1494 1721 1501 1733 ,
1521 1709 1633 1727 necnon

889 1747 1029 1770 creatum.
1054 1748 1074 1770 I.
1100 1745 1180 1769 1024.
1206 1751 1233 1768 A.
1257 1741 1337 1769 Deus
1359 1744 1474 1779 sapiens
1496 1752 1560 1770 cum
1583 1745 1632 1778 sit,

887 1787 1018 1822 permisit
1042 1791 1074 1812 ut
1087 1785 1209 1812 haereses
1233 1795 1337 1812 nomen
1363 1785 1503 1813 haberent
1529 1796 1546 1813 a
1574 1788 1634 1815 suis·

890 1829 1065 1856 auctoribus.
1084 1835 1128 1856 VI.
1145 1832 1210 1857 560.
1225 1838 1251 1855 e.
1267 1834 1339 1856 VIII.
1355 1833 1420 1856 901.
1435 1840 1462 1858 A.

928 1873 1106 1899 Macenano.
1130 1872 1173 1899 Ex
1188 1871 1363 1899 maceratione
1383 1881 1472 1899 rerum
1487 1872 1632 1902 caelestium

887 1914 1051 1944 desiderium
1068 1915 1194 1943 nascitur.
1214 1922 1248 1944 11.
1267 1919 1311 1943 90.
1330 1926 1355 1943 c.

928 1960 1104 1988 memrffi
1116 1958 1188 1996 quod
1199 1958 1277 1986 aliter
1292 1959 1514 1997 inexpugnabiles
1521 1959 1630 1990 Judaeos

888 2009 1032 2041 putarent,
1068 2002 1185 2040 virgines
1220 2001 1352 2040 speciosas
1380 2001 1560 2031 immiserunt.
1594 2011 1628 2033 11.

890 2050 952 2074 172.
967 2055 992 2074 B.

928 2090 1039 2117 MAGIAE
1053 2095 1078 2116 et
1097 2087 1294 2127 praestigiarum
1312 2087 1385 2116 libri.
1407 2096 1452 2117 IX.
1474 2094 1537 2119 326.
1552 2100 1578 2120 ε.
1602 2103 1630 2120 Α.

929 2135 1022 2168 Mam,
1034 2142 1117 2170 reges,
1129 2131 1351 2170 philosophi‚nec
1359 2142 1410 2160 non
1423 2132 1551 2171 rhetores,
1562 2145 1630 2163 vanc

890 2177 977 2205 conati
991 2183 1053 2204 sunt
1069 2175 1283 2204 Christianorum
1297 2186 1338 2204 res
1352 2175 1496 2205 destruere.
1514 2184 1546 2206 ΙΙ.
1562 2183 1626 2208 644.

892 2231 916 2248 c.
936 2231 966 2248 n.

930 2263 1004 2301 Magi
1020 2262 1147 2301 Cambysi
1165 2262 1318 2291 succedunt.
1330 2270 1351 2291 Ι.
1365 2267 1430 2291 787.
1443 2274 1470 2292 c.

930 2307 1006 2344 Magi
1023 2306 1139 2335 Persidis
1153 2306 1283 2337 doctoreS.
1299 2313 1356 2336 VII.
1381 2311 1444 2338 139,
1462 2318 1485 2336 1³.
1502 2308 1553 2337 Per
1566 2310 1630 2338 stel-

890 2352 943 2379 lam
958 2353 1032 2378 Deus
1049 2350 1106 2388 ipse
1117 2351 1302 2380 vocavit-Vll.
1316 2355 1377 2379 104.
1393 2362 1416 2379 Β.
1429 2351 1484 2379 Cur
1495 2352 1541 2380 illa
1556 2352 1632 2382 ducti

892 2394 926 2422 ad
938 2394 1075 2421 Christum
1092 2395 1222 2422 venerint.
1231 2402 1288 2423 VII.
1299 2399 1345 2424 98.
1357 2405 1382 2422 c.
1391 2405 1420 2423 D.
1434 2400 1496 2423 104.
1509 2403 1555 2424 XI.
1565 2402 1630 2426 808.

892 2449 918 2467 c.
936 2438 1064 2466 Primitiae
1085 2445 1226 2467 vocantur.
1246 2445 1290 2467 III.
1318 2443 1382 2467 472.
1404 2449 1432 2466 A.
1462 2439 1634 2480 Philosophis

893 2488 954 2510 sunt
965 2481 1148 2521 sapientiores.
1166 2489 1224 2510 VII.
1242 2487 1306 2511 131.
1323 2494 1347 2512 Α.
1364 2483 1477 2510 Illorum
1491 2483 1573 2519 fides,
1587 2486 1635 2522 qui

893 2526 1018 2564 quamvis
1043 2525 1197 2564 alienigenae
1214 2536 1248 2555 ex
1278 2526 1388 2555 Perside
1403 2535 1588 2563 accurrerunt,
1606 2536 1635 2558 ut

896 2569 1035 2599 Christum
1058 2570 1084 2599 in
1100 2570 1210 2609 praesepi
1230 2572 1360 2609 jacentem
1382 2570 1513 2602 viderent.
1532 2579 1554 2600 1.
1569 2576 1633 2602 609.

1447 2626 1485 2653 20
