1884 2922
668 218 771 240 mom
799 217 1062 241 ALPHABETICUS.
1566 209 1635 256 '1369

137 279 223 308 Πάλιν
240 278 288 314 τὴν
311 278 457 318 προθυμίαν
481 280 565 308 αὐτῶν
592 280 712 319 διεγείρει
737 279 780 308 διά
791 303 798 316 ,
810 279 836 308 in

98 325 150 365 Ep.
166 328 184 354 2
195 324 229 353 ad
242 324 366 353 Corinth.
381 324 462 354 Hom.
479 328 524 355 10.
540 331 560 353 t.
577 328 622 355 10.
638 337 664 365 p.
678 328 744 355 505.

136 370 262 409 Πάλιντῇ
275 370 411 411 παρρησία
425 374 470 399 τοῦ
485 371 559 409 ἁγίου
571 371 735 409 Πνεύματος,
747 378 837 400 contra

97 416 252 452 Hmreticos,
270 422 288 444 t.
302 418 318 446 8
341 418 373 444 in
383 417 504 453 Spurit's,
518 428 546 456 p.
562 420 630 448 ²238.

138 462 225 490 Πάλιν
251 462 294 490 τὸν
323 462 392 491 Θεὸν
415 463 593 501 μαρτύρεται,
605 465 655 503 πρὸ
681 467 783 503 μακροῦ
794 486 800 501 ,
813 465 839 493 in

97 509 151 547 Ep.
166 507 224 537 lad
240 507 362 537 Timoth.
377 508 457 537 Hom.
476 512 523 539 13.
543 516 561 538 t.
584 514 628 539 11.
647 521 672 549 p.
688 511 756 540 653.

137 553 224 582 Πάλιν
240 555 283 582 τὸν
302 554 364 593 περὶ
387 554 492 592 ἀγάπης
513 560 579 584 κινεῖ
593 557 686 594 λόγον,
698 556 726 584 in
747 555 800 596 Ep.
823 559 841 585 2

97 599 133 628 ad
149 599 272 627 Corinth.
290 600 369 628 Hom.
386 601 431 630 14.
444 608 463 628 t.
479 605 525 631 10.
539 613 568 641 p.
584 604 651 632 537.

138 645 225 674 Πάλιν
239 648 276 685 τῷ
296 648 367 685 αὐτῷ
387 647 561 685 ὑποδείγματι
583 648 712 687 κέχρηται
724 671 731 684 ,
743 648 771 676 in
786 648 839 687 Ep.

98 691 133 719 ad
148 693 225 720 Rom.
238 692 316 720 Hom.
334 695 381 722 21.
395 700 412 721 t.
430 695 458 722 9.
474 704 499 732 p.
515 695 580 724 663.

139 737 225 766 Πάλιν
237 740 306 775 ὑμᾶς
321 739 364 767 ἐπὶ
378 739 426 774 τὴν
442 740 539 775 συνήθη
551 740 682 780 τράπεζαν
694 763 702 777 ,
711 740 738 768 in
751 740 842 769 Gene-

99 783 150 812 sim
165 784 245 812 Hom.
265 784 312 813 49.
325 791 345 812 t.
361 785 388 814 4.
401 796 429 824 p.
445 786 511 815 491.

138 831 225 860 Πάλιν
239 834 349 870 ὑψοῦται
364 833 484 872 σταυρός,
495 833 521 861 in
537 833 735 862 Exaltationem
744 832 843 868 crucis,

99 879 198 916 spuria
212 889 246 906 ac
261 880 466 916 proelermissa.
479 879 586 907 Dicitur
601 889 656 907 esse
670 879 840 907 pantaleonis

100 924 224 952 monachi
246 925 276 953 C.
297 925 328 953 P.
349 925 430 954 *Sub
450 927 526 964 cujus
544 925 652 953 nomine
671 935 729 954 eam
758 924 843 953 edidit

100 969 186 999 Savil.
202 976 221 998 t.
237 972 265 999 7.
281 981 309 1008 p.
327 971 397 1000 661.

139 1015 225 1044 Πάλιν
239 1021 324 1055 χαρᾶς
335 1016 484 1055 εὐαγγέλια,
496 1017 576 1045 πάλιν
588 1016 744 1055 ἐλευθερίας,
754 1016 780 1045 in
794 1019 845 1045 An-

100 1062 294 1090 nuntiationem
310 1061 440 1101 Deiparae‚
453 1068 472 1090 t.
490 1064 516 1091 2.
528 1073 554 1102 p.
570 1064 637 1098 797,
652 1064 763 1101 spuria.

139 1107 226 1136 Πάλιν
241 1108 318 1147 χρεία
329 1120 368 1140 τις
382 1109 515 1147 ἀναγκαία
534 1109 578 1137 καὶ
591 1109 783 1147 κατεπείγουσα
795 1131 802 1144 ,
818 1109 844 1137 iu

100 1164 145 1182 eos
155 1153 239 1192 quiin
252 1154 339 1193 primo
350 1154 450 1182 Pascha
460 1155 592 1194 jejunant,
601 1162 652 1183 ete.
664 1161 683 1184 t.
698 1159 724 1184 1.
737 1166 764 1194 p.
778 1156 846 1185 606.

141 1199 227 1228 Πάλιν
243 1200 295 1240 χρὴ
312 1201 547 1239 μεταχειρίσασθαι
563 1205 652 1239 ἡμᾶς,
668 1200 702 1229 de
718 1201 846 1240 fugienda

107 1246 232 1274 simulata
243 1245 351 1285 Specie,
363 1251 472 1285 spuria,
487 1254 508 1277 t.
527 1250 552 1276 1.
567 1258 594 1286 p.
607 1250 674 1277 815.

143 1292 278 1331 Παναγίαι
294 1294 320 1321 αἱ
330 1293 497 1332 παραινέσεις
508 1296 553 1322 τοῦ
566 1294 698 1333 μακαρίου
707 1295 742 1324 Π.
750 1317 757 1330 ,
769 1296 846 1323 Asce—

102 1343 158 1365 tam
172 1338 273 1367 facetiis
291 1339 330 1367 uti
347 1349 398 1367 non
414 1339 518 1375 debere,
531 1343 645 1378 spuria,
658 1347 676 1370 t.
692 1344 758 1379 1.p.
777 1343 845 1370 808.

143 1384 237 1412 Πάντα
251 1386 298 1422 μὲν
311 1379 354 1413 οἶν
369 1386 453 1423 ἄτιμα
467 1386 499 1414 τὰ
514 1386 586 1421 πάθη
601 1386 730 1424 μάλιστα,
744 1386 778 1415 ad
794 1388 847 1415 RO-

102 1440 176 1458 man.
188 1430 266 1459 Hom.
280 1431 306 1460 4.
322 1439 341 1460 t.
356 1434 385 1461 9.
399 1443 424 1470 p.
438 1432 503 1461 454.

144 1476 237 1506 Ποίντα
257 1477 303 1515 μὲν
318 1477 420 1516 φεύγειν
442 1478 538 1516 ὁμοίως
555 1481 620 1518 ἡμῖν
641 1480 782 1517 ἀναγκαῖον
796 1503 803 1516 ,
820 1480 847 1508 in

102 1523 181 1552 Joan.
195 1523 274 1552 Hom.
290 1525 337 1554 69.
354 1531 372 1553 t.
388 1527 415 1554 8.
430 1536 457 1564 p.
476 1525 544 1555 408.

140 1569 236 1599 Πάντα
249 1570 283 1599 τὰ
293 1571 379 1609 ἀγαθὰ
389 1571 449 1600 τότε
464 1571 520 1611 ἔχει
535 1571 578 1600 τὸν
605 1572 696 1610 μισθόν
707 1593 714 1607 ,
727 1572 754 1601 in
765 1573 844 1603 Joan.

102 1615 184 1644 Hom.
202 1618 250 1645 77.
267 1623 288 1644 t.
306 1619 333 1646 S.
347 1627 376 1656 p.
393 1617 461 1647 451.

143 1660 288 1699 Πανταχοῧ
300 1662 316 1690 ἦ
331 1661 418 1696 πλάνη
432 1663 512 1701 ἑαυτῇ
527 1662 692 1701 περιπίπτει,
706 1662 733 1691 in
745 1662 842 1692 Matth.

106 1705 244 1736 Hom.90.
261 1712 280 1735 t.
302 1708 328 1735 7.
345 1717 369 1745 p.
383 1709 451 1736 831.

144 1752 288 1790 Πανταχοῧ
301 1751 346 1790 μὲν
360 1753 484 1786 εὐλαὲοὔς
494 1754 609 1787 διανοίας
620 1755 667 1790 δεῖ,
684 1754 810 1793 μάλιστα,
821 1755 847 1784 in

109 1797 163 1837 Ep.
181 1798 216 1827 ad
233 1799 314 1828 Hehr.
325 1799 403 1829 Hom.
416 1802 445 1829 2.
459 1807 478 1828 t.
495 1803 582 1840 12.p.
601 1803 646 1831 13.

143 1844 286 1884 Πανταχοῧ
300 1845 346 1883 μὲν
356 1846 401 1874 καὶ
412 1847 456 1875 ε’πὶ
465 1846 570 1877 πάντων
583 1849 618 1880 ὡς
633 1848 725 1885 εἰπεῖν,
739 1848 766 1877 in
783 1849 847 1879 Job.

108 1889 188 1918 Hom.
203 1890 232 1926 4,
243 1893 351 1930 spuria,
363 1899 381 1920 t.
397 1893 425 1921 6.
439 1903 466 1931 p.
484 1895 552 1923 593.

144 1936 288 1975 Πανταχοῧ
296 1936 410 1970 πίστεως
421 1940 486 1975 ἡμῖν
499 1939 554 1974 δεῖ,
570 1939 718 1977 ἀγαπητοί,
730 1940 758 1969 in
772 1941 850 1970 Joan.

104 1983 185 2011 Hom.
199 1983 246 2012 33.
259 1989 278 2010 t.
296 1985 323 2012 8.
339 1994 365 2022 p.
382 1985 446 2013 189.

146 2028 288 2067 Πανταχοῧ
310 2028 358 2063 τὴν
378 2029 474 2067 ἄφατον
498 2031 568 2059 Θεοῦ
595 2032 808 2071 φιλανθρωπίαν,
823 2032 850 2060 in

112 2072 166 2112 Ep.
182 2073 218 2102 ad
232 2073 330 2113 Ephes.
342 2075 421 2104 Hom.
433 2078 489 2105 2.t.
508 2079 553 2106 11.
572 2088 599 2116 p.
612 2079 641 2106 9.

145 2119 288 2158 Πανταχοῦ
305 2123 353 2156 τῆς
365 2123 436 2160 ἱερᾶς
451 2121 548 2157 ταύτης
568 2123 665 2161 ἀγελης
680 2124 827 2163 περιφέρων
841 2148 847 2161 ,

105 2162 133 2191 in
145 2163 173 2192 S.
184 2164 334 2202 Meletium‚
347 2173 366 2195 t.
377 2169 405 2196 2.
422 2178 448 2206 p.
462 2169 529 2197 518.

145 2210 290 2249 Πανταχοῧ
311 2212 447 2251 φαίνονται
466 2209 536 2242 οὗτοι
560 2215 661 2250 πολλὴν
685 2215 789 2255 ἔχοντες
799 2239 808 2252 ,
825 2217 852 2245 in

111 2256 176 2283 Acta
194 2259 284 2295 Apost.
295 2258 376 2288 Hom.
394 2262 421 2289 8.
436 2266 454 2288 t.
467 2262 496 2290 9.
508 2271 537 2300 p.
557 2263 604 2291 63-

148 2303 251 2336 Πάντες
262 2305 312 2345 γὰρ
321 2308 372 2334 τῶν
380 2307 493 2344 δεσμῶν,
501 2309 600 2346 spuria
611 2315 639 2337 et
647 2311 855 2348 prcetermissa.

150 2351 253 2383 Πάντες
269 2351 316 2388 μὲν
331 2353 354 2380 οἱ
366 2352 504 2391 μαρτύρων
516 2355 627 2391 ἀγῶνες,
640 2354 668 2383 in
687 2356 717 2384 S.
738 2355 854 2394 Stepha-

106 2407 182 2432 num,
196 2403 218 2425 t.
236 2399 253 2426 8
272 2399 303 2424 ἰη
315 2397 438 2436 Spar-iis,
448 2409 475 2437 p.
490 2401 556 2429 227.

149 2442 252 2474 Πάντες
267 2444 340 2479 ὑμεῖς
357 2445 383 2472 ἐν
399 2444 510 2483 εὐθυμία
525 2445 638 2483 τήμερον
651 2457 659 2480 ;
675 2446 727 2484 ἐγὼ
750 2446 793 2484 δέ,
807 2447 854 2476 ad-

108 2499 202 2517 versus
216 2498 260 2516 eos
274 2488 321 2526 qui
333 2499 348 2516 a
360 2488 462 2518 divinis
479 2490 577 2519 absunt
590 2491 699 2528 officiis,
711 2499 735 2520 et
751 2492 784 2522 de
806 2493 856 2522 ha-

108 2535 232 2574 ptismate
243 2533 355 2571 Christi,
372 2541 392 2564 t.
405 2537 431 2564 2.
449 2546 476 2573 p.
490 2537 558 2566 367.

149 2580 237 2608 Παντί
262 2591 313 2608 που
342 2581 420 2615 δῆλον
443 2582 482 2609 ὅτι
506 2583 652 2622 προφητεία
675 2584 732 2614 ἐστὶ
754 2587 811 2621 τῆς,
826 2585 853 2614 in

110 2626 211 2655 Psalm.
229 2626 294 2655 116.
310 2632 329 2653 t.
343 2628 373 2655 5.
389 2637 416 2665 p.
431 2628 502 2659 316.

274 2675 346 2695 τοΜ.
368 2676 440 2694 xiii.

932 281 1018 309 Παντὶ
1032 283 1106 310 τοῦτο
1119 282 1240 320 προφήτῃ
1252 303 1259 317 ,
1273 281 1299 310 in
1315 281 1413 310 Psalm.
1427 284 1464 312 33
1474 304 1480 315 .
1493 284 1591 321 spuria
1608 291 1634 311 ec

892 330 1010 356 omissa.

932 373 1017 401 Παντὶ
1042 376 1079 412 τῷ
1102 375 1260 413 μεριμνῶντι
1286 374 1369 403 ἔνεστί
1395 387 1420 402 τι
1445 374 1585 413 περισσόν,
1608 375 1632 402 in

892 420 970 448 Joan.
986 419 1066 449 Hom.
1080 422 1128 448 20.
1145 426 1163 448 t.
1177 422 1203 449 8.
1221 431 1247 458 p.
1266 422 1332 449 115.

933 464 1052 493 Πάντοτε
1063 465 1131 502 μὲνὸ
1146 468 1212 498 θεῖος
1224 465 1367 499 ἀπόστολος
1382 467 1448 505 θεία,
1457 467 1490 496 de
1501 467 1618 496 Poeniten
1627 483 1637 489 -

892 510 927 538 tia
942 510 1023 538 Hom.
1041 513 1068 539 7.
1083 517 1104 540 t.
1121 513 1147 540 2.
1158 522 1185 549 p.
1199 513 1268 541 326.

933 556 1053 584 Πάντοτε
1067 556 1114 594 μὲν
1129 559 1142 585 ὁ
1155 557 1222 589 Θεὸς
1241 560 1276 590 ὡς
1290 558 1471 597 φιλάνθρωπος
1484 560 1573 598 καιρόν
1585 582 1592 595 ,
1608 559 1636 587 in

894 602 1062 631 Meretricem
1090 609 1115 631 ct
1138 602 1314 639 pharisaeum,
1339 610 1357 632 t.
1384 607 1401 634 8
1425 607 1468 642 *in
1496 605 1606 643 Spuriis
1629 627 1635 637 ,

895 658 922 686 p.
938 647 985 676 49.

934 692 1053 722 Πάντοτε
1075 694 1122 730 μὲν
1141 694 1242 733 χαίρειν
1261 695 1374 733 πάρεστι
1385 698 1418 734 τῇ
1433 698 1491 725 καθ’
1503 701 1574 735 ἡμᾶς
1587 721 1594 733 ,
1610 698 1637 725 in

896 739 1127 767 Resurrectionem
1138 740 1257 775 Domini,
1268 743 1368 779 spuria
1379 748 1405 770 et
1417 745 1534 773 omissa.

934 785 1053 814 Πάντοτε
1064 788 1088 814 οἱ
1097 787 1121 813 ἐν
1137 786 1230 818 εὐδίοις
1248 787 1352 824 λιμέσιν
1363 788 1538 826 ὁρμιζόμενοι,
1546 789 1640 818 Theo-

895 831 954 860 dori
968 831 1037 871 lapsi
1051 842 1207 871 responsum
1222 832 1426 872 Chrysostomo,
1436 836 1599 872 spurium‚t.
1615 839 1639 863 l.

896 889 922 918 p.
939 880 1006 908 801.

937 924 1049 952 Πάντων
1064 925 1116 952 τῶν
1129 924 1217 953 καλῶν
1230 925 1327 963 κρηπίς
1341 927 1410 954 ἐστιν
1425 929 1441 961 ἦ
1459 926 1620 964 μακαριότης
1634 948 1641 960 ,

898 971 925 998 iu
941 970 1039 999 Psalm.
1058 974 1083 1005 1,
1098 972 1197 1009 spuria
1211 977 1239 999 et
1250 973 1367 1002 omissa,

938 1016 1106 1056 Παραινέσας
1118 1017 1285 1056 εὐχαρίστους
1302 1013 1431 1053 εἶναι,καὶ
1444 1018 1491 1053 τὴν
1508 1018 1566 1047 ὁδὸν
1588 1019 1643 1047 δεί-

899 1074 986 1098 κνυσι,
1001 1062 1028 1090 in
1044 1062 1096 1101 Ep.
1112 1062 1146 1091 ad
1161 1062 1262 1091 Coloss.
1274 1063 1353 1092 Hom.
1370 1066 1397 1093 9.
1413 1071 1432 1092 t.
1452 1068 1498 1093 11.
1513 1076 1539 1104 p.
1553 1067 1621 1095 390.

939 1110 1093 1147 Παρακαλῶ
1108 1112 1187 1147 ὑμᾶς,
1205 1109 1320 1148 ἀδελφοὶ,
1337 1109 1373 1147 μὴ
1396 1110 1486 1148 μόνον,
1509 1110 1543 1139 de
1558 1111 1643 1139 Com-

900 1155 1042 1194 punetione
1059 1162 1084 1183 et
1096 1155 1238 1194 patientia,
1254 1155 1354 1194 Ecloga
1370 1156 1416 1185 44.
1432 1163 1453 1185 t.
1472 1159 1518 1186 12.
1532 1168 1560 1197 p.
1575 1159 1642 1187 751.

940 1202 960 1239 †
982 1202 1206 1240 Παραλειπόμενα
1234 1203 1353 1230 καλεῖται
1369 1225 1375 1237 ,
1400 1203 1531 1242 Synopsis
1555 1203 1642 1232 Paral.

899 1247 946 1276 lib.
962 1251 988 1277 1.
1004 1254 1024 1276 t.
1039 1249 1067 1276 6.
1082 1258 1109 1286 p.
1122 1249 1189 1278 361.

941 1294 1207 1333 Παραμυθησοίμενος
1222 1295 1251 1322 ἐκ
1266 1296 1310 1322 τοῦ
1321 1294 1442 1333 χάρισμα
1453 1290 1518 1324 εἶναι
1531 1296 1560 1324 τὸ
1570 1296 1644 1324 διδό-

902 1351 992 1377 μενον,
1002 1340 1029 1367 in
1045 1339 1097 1378 Ep.
1107 1343 1118 1368 1
1130 1339 1164 1368 ad
1176 1339 1386 1368 Corinthflom.
1396 1343 1442 1371 30.
1453 1348 1471 1370 t.
1486 1343 1644 1380 10.p.268.

942 1385 1142 1424 Παραπλησίως
1168 1390 1222 1417 τοῖς
1252 1387 1389 1425 προτέροις
1419 1387 1466 1416 καὶ
1491 1383 1565 1421 οἶτος
1580 1411 1588 1423 ,
1616 1388 1643 1416 in

902 1431 1001 1460 Psalm.
1019 1432 1084 1467 106,
1095 1433 1194 1470 spuria
1205 1437 1233 1459 et
1243 1434 1362 1460 omissa.

941 1478 1127 1518 Παρελήλυθεν
1145 1480 1161 1512 ἡ
1179 1478 1286 1507 Παύλου
1309 1478 1456 1517 πανήγυρις
1468 1502 1475 1515 ,
1489 1479 1517 1507 in
1531 1480 1561 1508 S.
1575 1480 1645 1508 Pau-

900 1523 969 1560 lum,
983 1525 1084 1562 spuria
1098 1529 1125 1551 et
1139 1527 1256 1552 omissa.

940 1571 1081 1608 Παρῆλθεν
1101 1572 1117 1605 ἡ
1130 1569 1238 1604 νηστεία
1254 1571 1305 1598 τῶν
1323 1569 1467 1598 Ἷουόαίωψ
1486 1572 1585 1608 μᾶλλον
1603 1571 1642 1608 δέ,

901 1623 991 1645 contra
1006 1615 1115 1645 Judaeos
1126 1615 1220 1644 Sermo
1232 1618 1260 1645 8.
1277 1622 1296 1644 t.
1314 1620 1338 1645 1.
1353 1627 1382 1655 p.
1396 1618 1463 1647 673.

943 1663 964 1700 †
986 1662 1134 1701 Παροιμίαι
1149 1663 1338 1700 Σολομῶντος,
1355 1663 1486 1702 Synopsis
1514 1663 1644 1692 Proverb.

900 1716 919 1738 t.
949 1711 976 1739 6.
992 1720 1020 1748 p.
1047 1710 1113 1738 375.

940 1757 1022 1785 Πᾶσα
1032 1753 1119 1794 γραφὴ
1137 1753 1304 1786 θεόπνευστος
1316 1754 1360 1782 καὶ
1375 1755 1516 1793 ὠφέλιμος,
1529 1755 1563 1783 de
1580 1753 1646 1783 Fide

901 1810 926 1832 et
942 1802 970 1831 in
984 1803 1083 1840 Legem
1098 1800 1256 1835 naturalem,
1273 1802 1384 1838 spuria,
1401 1807 1421 1828 t.
1439 1804 1463 1829 1.
1480 1811 1508 1840 p.
1526 1802 1592 1830 825.

941 1850 1023 1878 Πᾶσα
1045 1847 1133 1886 γραφὴ
1158 1847 1326 1878 θεόπνευστος
1349 1846 1418 1874 κατὰ
1447 1847 1490 1876 τὸν
1515 1847 1645 1886 μακάριον

903 1895 1013 1929 &nde-c„
1029 1892 1193 1922 Prooemium
1205 1892 1231 1920 in
1247 1891 1346 1920 Psalm.
1362 1899 1380 1919 t.
1392 1894 1419 1921 5.
1432 1903 1460 1931 p.
1475 1895 1499 1921 1.

942 1942 1023 1970 Πᾶσα
1035 1940 1118 1971 ἔνθεος
1131 1937 1288 1967 διδασκαλία
1303 1938 1424 1975 συνάγειν
1437 1938 1511 1966 εἴωθε
1520 1960 1528 1973 ,
1542 1938 1570 1966 in
1589 1939 1646 1966 La-

904 1996 995 2014 zarum
1011 1989 1037 2021 1,
1048 1986 1158 2023 spuria,
1171 1990 1189 2012 t.
1208 1986 1253 2012 ll.
1270 1994 1296 2022 p.
1310 1983 1376 2013 846.
1395 1983 1408 1996 *
1421 1983 1488 2013 Vid.
1506 1989 1581 2013 πᾶσα
1596 1984 1644 2022 μὲν

904 2032 931 2060 ἓν
945 2033 1008 2070 Θεῷ
1025 2029 1192 2059 διδασκαλία.

944 2079 1025 2106 Πᾶσα
1040 2076 1171 2108 εὖσείῗείας
1181 2074 1301 2108 ὑπόθεσις
1314 2076 1366 2103 τῶν
1381 2076 1471 2113 ψυχῶν
1483 2097 1491 2111 ,
1508 2075 1648 2104 Severiani

905 2125 932 2153 in
946 2124 1130 2152 Hexaemeron
1142 2121 1220 2149 Hom.
1236 2125 1261 2149 1.
1277 2127 1295 2148 t.
1309 2122 1338 2150 6.
1352 2131 1380 2159 p.
1398 2120 1464 2150 436.

945 2171 1037 2198 Πᾶσαι
1058 2167 1104 2205 μὲν
1121 2166 1194 2205 ἅγιαι
1212 2167 1238 2194 αἱ
1253 2165 1390 2194 ἐπιστολαὶ
1407 2166 1512 2195 Παύλου
1524 2189 1532 2202 ,
1545 2166 1572 2194 in
1590 2167 1645 2206 Ep.

906 2215 941 2244 ad
954 2215 1054 2243 Coloss.
1067 2213 1147 2241 Hom.
1165 2216 1191 2241 1.
1203 2218 1221 2240 t.
1237 2215 1281 2240 11.
1293 2222 1319 2251 p.
1337 2214 1404 2241 322.

947 2262 1038 2289 Πᾶσαι
1051 2259 1097 2297 μὲν
1114 2258 1185 2297 ἅγιαι
1199 2260 1226 2286 αἱ
1238 2260 1306 2286 θεῖαι
1321 2257 1435 2296 Γραφαί,
1449 2259 1646 2297 Argumentum

907 2307 932 2335 in
946 2306 1055 2339 psalm,
1070 2306 1209 2343 spurium,
1226 2310 1245 2331 t.
1259 2305 1286 2333 5.
1302 2314 1330 2342 p.
1351 2303 1418 2333 542.

948 2353 1039 2381 Πᾶσαι
1056 2351 1102 2389 μὲν
1126 2352 1152 2378 αἱ
1179 2349 1340 2389 μαρτυρικαὶ
1365 2350 1525 2389 πανηγύρεις
1535 2373 1542 2387 ,
1561 2351 1589 2380 in
1613 2352 1645 2382 B.

907 2398 1049 2436 Virginem
1061 2395 1189 2433 Mariam,
1203 2402 1220 2423 t.
1236 2397 1253 2425 8
1271 2397 1302 2423 in
1313 2395 1438 2434 spuriis,
1451 2407 1477 2436 p.
1494 2399 1562 2427 236.
1577 2398 1589 2411 *
1602 2398 1650 2427 Est

907 2444 997 2473 Procli
1009 2442 1174 2472 Constantin.
1184 2441 1490 2471 C0n1befis.ssib1ioth.t.
1503 2447 1526 2472 l.
1539 2455 1567 2483 p.
1581 2447 1648 2475 339.

949 2493 1029 2520 Πᾶσα
1048 2490 1093 2528 μὲν
1108 2488 1188 2528 ἀρετὴ
1202 2489 1290 2524 καλὸν,
1301 2489 1418 2525 μάλιστα
1433 2489 1459 2518 δὲ
1468 2489 1608 2527 ἐπιείκεια,
1620 2491 1648 2518 in

908 2540 985 2568 Joan.
998 2537 1080 2565 Hom.
1096 2537 1144 2565 61.
1157 2542 1176 2564 t.
1193 2537 1221 2564 8.
1236 2546 1262 2574 p.
1277 2537 1343 2565 361.

948 2585 1028 2612 Πᾶσα
1043 2582 1090 2621 μὲν
1105 2583 1212 2620 γλῶσσα
1227 2581 1377 2620 ἀνθρωπίνη
1393 2583 1442 2620 οὐχ
1461 2581 1539 2611 ἱκανή
1551 2605 1559 2618 ,
1572 2581 1599 2610 in
1617 2582 1651 2610 il-

906 2629 964 2667 lud,
974 2630 1061 2658 Jesus
1069 2628 1213 2667 fatigatus
1230 2627 1365 2661 sedebat;
1376 2630 1480 2694 spurga!
1491 2633 1517 2655 el
1529 2630 1648 2657 omissa.

1466 2681 1483 2694 ¹4
