1884 2922
692 189 794 212 mmlx
824 190 950 213 RERUM.

54 252 94 282 cic
107 252 236 289 (δοκήσει)
249 258 352 280 tantum
362 262 455 291 passus
468 259 516 280 est.
529 259 586 281 vu.
604 256 668 282 517.
679 263 707 281 n.
720 252 799 281 Chri-

55 296 88 325 sti
106 297 196 335 passio
215 307 230 325 a
255 296 330 325 mille
352 296 431 325 malis
446 296 567 325 homines
586 296 721 325 liberavit.
744 303 799 325 ΠΙ.

56 345 121 369 859.
140 351 164 369 c.

97 385 221 413 Christus
236 385 261 413 in
273 395 345 413 coena
362 385 499 424 proprium
513 385 668 424 sanguinein
684 385 742 425 ipse
756 385 801 413 bi-

57 428 108 459 bit.
124 435 182 457 vlt.
200 434 263 458 884.
281 440 305 457 n.
324 431 414 465 Quare
427 429 496 458 circa
511 429 607 457 festum
623 429 732 457 Paschae
745 440 802 457 cor·

56 472 129 511 poris
143 473 184 500 sui
199 474 358 512 mysterium
375 472 559 502 celebraverit.
575 477 637 501 882.
650 485 675 501 Α.
694 477 758 501 883.
778 484 800 501 n.

97 516 220 545 Christus
233 528 279 545 cur
289 517 383 545 exierit
394 524 453 555 post
464 527 565 545 coenam
577 516 603 545 in
616 523 733 545 montem
742 517 802 545 Oli-

57 560 121 588 veti.
140 568 199 590 Vll.
216 566 280 590 885.
298 573 322 589 Β.
341 563 370 590 ln
386 561 494 590 Christo
507 568 609 589 naturae
623 561 746 589 humanae
766 561 801 589 il-

55 603 105 632 lud
120 611 175 633 est:
186 606 216 634 Si
225 606 361 643 possibile
371 612 426 641 est,
440 612 489 634 etc.
502 613 523 634 1.
538 610 601 634 624.
617 610 738 634 625.111.
754 609 787 633 23

57 647 165 677 Lubens
185 650 302 678 traditus
321 656 370 677 est.
390 657 424 678 11.
443 654 507 678 461.
531 649 598 687 Ejus
619 660 680 687 erga
701 647 801 678 Judam

56 692 206 721 clementia.
231 698 296 722 860.
316 704 380 733 sqq.
398 694 438 722 Ne
458 694 645 722 contristemur
665 692 801 721 audientes

56 736 195 765 Christum
217 738 355 776 proditum
376 748 441 766 esse.
460 742 524 766 445.
545 748 608 777 sqq.
627 736 727 767 Judam
749 747 800 765 non

56 787 147 819 aperte
162 780 327 820 proditorem
342 781 460 810 dixerat.
481 788 550 809 viti.
566 785 630 809 484.
646 782 709 810 Vox
721 781 802 809 Chri-

56 825 89 852 sti
105 825 212 854 Judaeos
228 832 254 854 et
268 826 366 854 milites
382 826 537 864 prostravit.
556 833 601 854 111.
618 830 679 853 152.
693 825 800 853 Christo

56 869 183 897 Malclius
195 869 296 897 inflixit
311 869 426 907 alapam.
445 875 516 896 Vllt.
535 873 599 899 559.
617 879 641 896 Β.

98 912 197 941 Christi
211 912 337 950 flagellati
353 912 477 940 columna
490 912 577 950 lignea
589 918 722 951 superstes
734 918 800 940 tem-

57 956 150 995 poreS
161 956 368 995 .Chrysostomi.
384 963 430 984 tx.
443 961 487 984 26.
501 967 525 983 c.

98 999 221 1028 Christus
245 1011 258 1028 a
281 1010 358 1028 servo
387 1000 520 1038 pontificis
545 1000 622 1039 alapa
656 1010 747 1030 caesus.
775 1008 796 1030 1.

57 1048 159 1073 5522.
171 1055 200 1074 A.
210 1045 276 1083 Ejus
286 1044 422 1073 silentium
436 1044 463 1072 in
479 1044 609 1083 passione.
620 1049 711 1073 t.688.
726 1056 753 1074 n.
771 1056 796 1074 E.

57 1093 122 1118 689.
135 1088 196 1123 Quo
211 1099 288 1117 sensu
301 1099 328 1116 se
339 1098 427 1126 regem
438 1087 520 1116 dicat.
534 1095 592 1116 Vll.
610 1092 674 1116 916.
690 1100 714 1118 Α.
727 1089 799 1124 Quo-

57 1132 137 1161 modo
158 1143 272 1171 regnum
293 1133 350 1171 ejus
370 1142 422 1160 non
435 1131 469 1160 sit
484 1131 518 1160 de
532 1131 583 1160 hoc
598 1132 710 1160 mundo.
726 1140 796 1162 vltt.

57 1181 121 1204 565.
147 1176 271 1204 Barrabas
292 1175 472 1215 postponitur.
497 1180 560 1204 918.
579 1175 634 1204 Cur
648 1176 799 1213 flagellatus

55 1227 94 1248 est
114 1221 199 1249 Jesus.
216 1225 280 1249 919.
300 1231 329 1248 a.
344 1221 433 1254 Quam
449 1219 581 1248 mirabilis
592 1220 649 1258 ejus
659 1220 795 1259 patientia.

57 1271 90 1292 11.
104 1268 168 1292 842.

97 1308 222 1337 Christus
245 1317 328 1345 quare
351 1314 426 1336 extra
451 1314 556 1346 portam
577 1318 671 1347 passus
694 1315 741 1338 est.
761 1317 794 1339 11.

56 1356 122 1380 487.
143 1361 172 1380 D.
195 1352 292 1379 Factus
313 1357 351 1379 est
370 1361 420 1390 pro
441 1350 518 1379 nobis
540 1350 724 1381 maledictum.
748 1360 795 1382 tv.

56 1399 103 1424 25.
122 1395 235 1423 Crucem
247 1395 374 1434 suscepit,
391 1401 421 1422 ut
434 1405 481 1423 nos
501 1405 515 1423 a
536 1395 680 1424 maledicto
698 1396 798 1425 libera-

55 1446 106 1468 ret.
130 1444 174 1468 24.
191 1449 217 1467 c.
235 1445 267 1467 V.
284 1444 347 1467 199.
364 1449 392 1467 E.
409 1440 440 1468 In
455 1449 533 1467 cruce
546 1439 665 1478 pendens
680 1440 797 1469 maledi-

55 1483 170 1511 ctionem
190 1481 377 1510 maledictione
400 1483 586 1512 commutavit.
611 1490 656 1512 VI.
677 1489 741 1512 395.
765 1495 795 1517 D.

56 1527 167 1555 Tiberio
184 1526 331 1565 imperante
349 1527 424 1555 cruci
440 1526 540 1555 affixus
560 1534 610 1555 est.
628 1534 673 1556 111.
695 1533 756 1557 115.
772 1540 794 1558 c.

96 1571 220 1599 Christus
245 1570 392 1598 crucifixus
412 1577 450 1599 est
471 1577 557 1599 tamen
575 1571 742 1601 Altissimus.
761 1579 795 1601 V.

55 1620 108 1644 227
144 1627 172 1644 a.
190 1615 245 1643 L‘bi
265 1614 412 1642 crucifixus
433 1621 483 1649 est,
509 1614 546 1642 ibi
570 1614 708 1643 adoratur.
733 1621 796 1645 391.

55 1660 111 1689 Cur
133 1658 167 1687 de
192 1669 269 1687 cruce
292 1669 344 1687 non
369 1658 544 1688 descenderit.
568 1664 631 1688 229.
658 1672 683 1689 n.
708 1661 797 1695 Quare

53 1714 130 1743 opem
142 1703 194 1731 sibi
205 1710 269 1731 tunc
284 1713 335 1731 non
348 1702 447 1731 tulerit.
460 1710 493 1732 X.
511 1708 595 1734 2813.
608 1715 634 1732 a.
652 1704 753 1733 Christi
769 1706 796 1735 in

54 1758 132 1777 cruce
144 1755 268 1787 potestas.
287 1755 344 1777 ΥΠ.
362 1752 425 1775 860.
440 1758 470 1775 n.
489 1747 520 1776 In
535 1758 614 1776 cruce
627 1747 728 1777 vindex
741 1760 797 1778 esse

53 1793 150 1821 noluit.
168 1800 189 1821 Ι.
207 1797 271 1821 802.
290 1803 315 1819 c.
332 1793 363 1820 In
379 1802 457 1820 cruce
470 1791 602 1822 vincebat.
620 1799 653 1821 11.
669 1797 731 1822 842.
747 1794 797 1822 Per

53 1847 159 1865 crucem
173 1836 312 1864 diabolum
327 1835 481 1864 debellavit.
500 1842 546 1866 111.
565 1840 630 1864 907.
645 1846 670 1865 c.

96 1880 220 1908 Christus
237 1880 370 1907 latronem
390 1879 474 1907 verbo
493 1879 520 1907 in
535 1879 691 1918 paradisum
707 1881 797 1910 intro-

53 1924 138 1953 ducit.
161 1931 183 1953 1.
206 1928 270 1952 645.
295 1934 323 1952 E.
340 1923 394 1951 Cur
406 1930 518 1951 matrem
534 1923 702 1952 commendat
712 1925 795 1953 disci-

54 1968 130 2008 pulo.
147 1975 216 1996 Ytll.
232 1972 296 1996 576.
311 1978 337 1996 c.
357 1967 408 1996 Cui
424 1967 485 1995 usui
501 1967 581 1995 fuerit
593 1968 680 1996 crucis
691 1968 795 1998 titulus.

55 2017 119 2041 575.
138 2023 166 2040 A.
183 2011 272 2041 Verba
287 2011 387 2040 Christi
403 2011 430 2039 in
444 2021 521 2039 cruce
534 2011 726 2050 benignitatem
739 2013 796 2052 ejus

53 2056 205 2085 ostendunt.
234 2063 266 2084 11.
290 2059 355 2084 482.
375 2066 403 2083 D.
427 2067 450 2084 Α,
471 2055 549 2085 Solus
571 2055 716 2085 derelictus
736 2064 796 2085 ante

52 2108 176 2130 mortem.
197 2107 218 2128 1.
236 2104 299 2128 696.
315 2110 342 2128 a.

93 2144 218 2173 Christus
240 2144 322 2172 habet
347 2150 503 2183 potestatem
528 2144 643 2184 ponendi
669 2152 693 2173 et
714 2155 793 2173 resu-

52 2188 143 2217 mendi
161 2188 297 2224 animam,
319 2189 462 2227 quomodo.
489 2196 556 2218 thl.
581 2194 643 2218 406.
664 2190 793 2218 Debitum

52 2232 145 2261 mortis
157 2243 206 2272 pro
221 2232 322 2260 Adamo
338 2233 428 2261 solvit.
447 2240 491 2262 111.
506 2238 570 2262 910.
591 2246 615 2262 a.
627 2233 718 2271 Longe
731 2234 794 2273 plu-

52 2286 83 2304 ra
99 2287 180 2313 quam
194 2275 358 2304 debebamus
371 2287 421 2315 pro
432 2277 508 2305 nobis
516 2277 642 2305 exsolvit.
662 2284 709 2305 tx.
727 2282 792 2306 574.

52 2320 169 2357 Sanguis
185 2320 241 2358 ejus
259 2327 426 2358 peccatorum
448 2321 631 2349 remissionem
652 2328 790 2360 operatur.

53 2371 87 2392 Χ.
109 2369 136 2391 8.
154 2375 180 2392 F.
198 2376 223 2392 Α.

93 2407 228 2444 Christus,
244 2407 305 2436 licet
316 2409 388 2446 juste
400 2408 476 2437 nohis
488 2408 665 2441 irascebatur,
678 2415 792 2437 attamen

54 2461 104 2489 pro
119 2451 197 2479 nobis
212 2451 330 2489 seipsum
344 2451 419 2479 dedit
437 2451 625 2480 occidendum.
651 2459 710 2480 ΥΠ.
727 2456 790 2480 249.

55 2494 187 2523 Miracula
210 2494 313 2523 Christi
337 2495 363 2522 in
380 2502 474 2524 morte.
497 2503 541 2524 111.
562 2500 606 2526 21.
626 2506 653 2523 Ε.
674 2506 702 2524 A.
721 2506 745 2524 Β.
763 2496 792 2524 In

56 2548 116 2566 aere
129 2544 251 2566 mortuus
264 2545 312 2573 est,
326 2545 353 2566 ut
368 2548 455 2567 aerem
471 2546 604 2578 purgaret.
620 2547 651 2568 11.
665 2545 730 2569 477.

99 2581 222 2610 Christus
240 2588 361 2610 mortuus
377 2589 415 2610 cst
432 2592 479 2620 pro
494 2582 620 2620 inimicis,
639 2594 685 2623 pro
703 2591 792 2623 tyran·

1528 179 1595 215 205

855 252 906 287 nis,
927 263 975 292 pro
994 251 1246 292 praestigiatorihus‚
1259 262 1308 292 pro
1328 252 1556 291 crucifigentibus.
1573 261 1594 283 1.

855 301 918 325 847.
942 307 969 326 n.
986 307 1012 326 Ε.
1030 307 1079 336 pro
1087 296 1243 335 gentilibus.
1257 303 1304 327 XI.
1318 301 1382 325 660.
1396 308 1414 326 E
1438 303 1464 325 ct
1478 307 1526 336 pro
1538 298 1598 326 uni-

855 350 931 368 verso
944 340 1017 368 urbe.
1034 348 1091 369 ΧΗ.
1106 345 1151 369 59.
1171 351 1199 368 n.
1219 352 1244 368 A.
1255 339 1419 379 Sanguinem
1433 352 1512 370 suum
1527 342 1598 371 fudit

855 393 903 422 pro
921 383 976 412 illis
991 385 1038 422 qui
1054 384 1142 423 ipsum
1157 383 1341 412 effundebant.
1356 391 1389 413 11.
1402 389 1466 413 466.
1485 396 1512 414 A.

895 428 970 455 Mors
985 427 1088 455 Christi
1102 438 1173 456 mors
1185 434 1232 461 est,
1245 438 1315 455 mors
1327 435 1482 457 coeterorum
1493 429 1598 458 dormi·-

856 470 902 505 tio,
915 482 945 499 ex
963 472 1057 506 Paulo,
1073 471 1216 509 quomodo.
1229 479 1247 500 1.
1261 476 1326 500 935.
1341 483 1364 499 c.
1378 483 1405 501 ι).
1424 474 1499 501 Mors
1514 473 1598 501 Chri—

855 514 888 542 sti
903 525 973 543 mors
989 515 1080 543 mortis
1095 522 1145 543 est.
1162 523 1209 544 tx.
1229 520 1292 544 585.
1313 527 1338 544 A.
1354 517 1416 552 Quo
1432 524 1508 555 pacto
1523 528 1599 546 mot·-

856 565 908 586 tem
923 559 1016 587 vicerit
1033 559 1169 588 Christus.
1192 567 1226 588 11.
1244 565 1309 588 471.
1325 571 1352 590 A.
1370 561 1499 590 Christus
1514 569 1599 590 morte

856 610 970 631 mortem
984 604 1101 631 sustulit.
1115 611 1160 632 XI.
1180 608 1244 632 426.

895 646 996 675 Christi
1017 658 1088 675 mors
1104 648 1243 676 translatio
1255 655 1304 679 est.
1321 656 1392 678 vul.
1415 654 1479 678 532.
1497 660 1523 679 C.
1545 661 1597 679 non

854 690 1024 719 contumelia.
1041 696 1106 719 578.
1126 702 1149 719 Β.
1168 702 1194 720 c.
1210 692 1270 720 Non
1287 693 1375 721 obfuit
1386 694 1531 731 quominus
1543 705 1598 722 ma-

855 741 928 762 neret
940 734 966 762 in
981 739 1195 764 aete1·num.464.
1212 746 1236 764 n.
1252 735 1380 764 Christus
1390 747 1438 775 pei·
1448 737 1598 776 passionem

854 788 930 805 suam
953 785 1065 806 mortem
1092 778 1268 817 expugnavit.
1291 786 1337 807 XI.
1355 785 1419 808 734.
1444 782 1517 809 Mors
1540 792 1598 820 ejus

854 821 985 850 interfecit
996 821 1162 850 inimicitias.
1176 827 1220 850 41.
1237 833 1260 849 Β.
1273 823 1431 852 Pereuntem
1444 824 1534 852 orbem
1544 835 1598 853 ser-

854 866 940 894 vavit.
957 871 1022 894 716.
1044 877 1072 894 E.
1087 866 1179 894 Terra:
1194 866 1288 894 caelum
1300 867 1412 905 junxity
1427 868 1598 907 tyrannidem

853 909 955 938 diaboli
969 910 1061 945 solvit,
1083 909 1205 938 homines
1217 910 1326 948 angelos
1337 911 1399 939 fecit
1412 918 1436 939 et
1450 912 1499 940 Dei
1516 912 1596 941 filios.

854 959 918 982 717.
930 954 1056 982 Christus
1068 953 1111 982 vel
1126 960 1249 982 mortuus
1263 955 1381 983 maxime
1392 955 1509 984 ostendit
1519 967 1596 985 suam

855 997 880 1025 in
896 1004 1008 1026 mortem
1024 997 1184 1037 potentiam.
1200 1005 1230 1026 V.
1245 1002 1308 1027 227.
1329 1010 1355 1026 Α.

895 1042 997 1070 Christi
1017 1052 1106 1070 necem
1125 1043 1198 1070 Deus
1218 1041 1357 1080 indignius
1378 1044 1496 1082 portavit
1515 1055 1595 1082 quam

854 1085 934 1114 vituli
949 1086 1023 1114 aurei
1037 1085 1232 1114 adorationem.
1250 1093 1270 1114 1.
1291 1091 1355 1115 801.
1372 1097 1396 1114 c.
1412 1087 1482 1116 Hinc
1495 1088 1597 1118 Judaeis

853 1141 932 1158 causa
948 1130 1091 1159 malorum.
1110 1137 1131 1158 1.
1152 1134 1218 1158 797.
1238 1139 1265 1157 n.
1280 1130 1419 1159 Christum
1435 1132 1595 1168 occidentes,

854 1185 1005 1202 mensuram
1021 1174 1213 1213 impleverunt.
1232 1180 1276 1202 Vl.
1294 1180 1358 1203 198.
1376 1186 1402 1202 A.
1418 1186 1442 1204 n.
1463 1178 1519 1205 Cur
1533 1184 1595 1207 tunc

853 1218 943 1247 velum
955 1219 1047 1258 templi
1059 1218 1170 1247 scissum
1184 1225 1230 1246 est.
1245 1227 1277 1249 11.
1292 1224 1356 1247 473.
1373 1230 1397 1247 a.

893 1262 995 1290 Christi
1014 1272 1081 1291 crux
1099 1273 1114 1290 a
1132 1262 1272 1302 prophetis
1288 1262 1426 1302 praedicta.
1448 1270 1469 1293 1.
1487 1269 1550 1294 685.
1567 1277 1593 1294 A.

852 1305 896 1334 Illi
916 1306 1036 1334 sciebant
1059 1307 1200 1335 Christum
1221 1317 1277 1336 esse
1294 1307 1516 1345 crucifigendum.
1535 1316 1594 1338 VH.

852 1354 915 1378 462.
937 1350 1189 1379 Praenuntiaverunt
1210 1351 1267 1390 ejus
1292 1350 1470 1389 sepulturam.
1488 1359 1507 1380 1.
1531 1356 1594 1382 689.

853 1404 881 1422 Β.
896 1404 922 1422 e.
947 1401 971 1422 et
994 1394 1027 1422 ad
1043 1395 1141 1423 inferos
1156 1394 1324 1423 descensum.
1342 1401 1362 1424 1.
1383 1400 1448 1425 689.
1462 1406 1491 1426 1).
1504 1401 1568 1426 690.

893 1437 995 1466 Christi
1011 1448 1044 1466 ex
1057 1437 1139 1466 latere
1153 1445 1244 1477 aperto
1258 1438 1326 1467 sacta
1346 1445 1385 1467 est
1400 1438 1530 1468 Ecclesia.
1545 1448 1592 1470 111.

851 1486 918 1511 258.
942 1492 970 1510 n.
992 1481 1036 1510 Ex
1059 1482 1186 1520 sanguine
1209 1489 1233 1511 et
1250 1493 1315 1520 aq-ua
1339 1482 1402 1511 hinc
1424 1485 1595 1514 manantibus

852 1532 904 1554 tota
920 1532 1022 1554 constat
1044 1526 1175 1556 Ecclesia.
1188 1527 1233 1556 ΙΙ).
1248 1537 1274 1555 e.
1292 1535 1316 1555 et
1325 1537 1373 1555 nos
1389 1527 1441 1566 ipsi
1456 1529 1594 1558 nascimur

851 1576 877 1598 et
886 1569 994 1598 alimur.
1011 1577 1056 1598 111.
1075 1575 1141 1599 258.
1160 1580 1187 1597 D.
1203 1577 1274 1600 VIII.
1295 1575 1360 1600 578.
1375 1582 1403 1600 D.
1421 1583 1449 1602 E.

892 1614 1017 1643 Christus
1033 1615 1180 1654 sepulturae
1191 1615 1332 1644 mandatus
1348 1626 1399 1644 non
1416 1627 1431 1645 a
1444 1617 1501 1645 suis
1512 1617 1594 1646 disci-

851 1657 934 1697 pulis,
958 1668 1004 1686 nec
1029 1669 1043 1686 a
1070 1657 1238 1697 propinquis.
1263 1665 1308 1687 111.
1325 1663 1389 1687 641.
1412 1662 1470 1688 Cur
1490 1660 1518 1689 in
1544 1672 1595 1690 no-

850 1713 885 1731 vo
902 1709 1085 1731 monumento.
1101 1709 1171 1731 vttt.
1200 1706 1262 1730 579.
1289 1713 1317 1732 A.
1339 1713 1362 1731 n.
1380 1703 1484 1732 Christi
1504 1705 1594 1744 sepul-

852 1746 946 1775 chrum
956 1747 1093 1785 perstabat
1107 1754 1226 1785 tempore
1242 1747 1438 1786 Chrysostomi.
1454 1754 1591 1779 1X.26.c.

890 1791 1015 1820 Christus
1040 1792 1128 1819 omnia
1151 1791 1296 1819 inferorum
1319 1791 1376 1820 loca
1399 1793 1533 1822 circuivit.
1556 1802 1590 1823 11.

850 1841 915 1865 470.
943 1846 970 1864 E.
998 1836 1065 1871 Quae
1090 1833 1214 1874 prodigia
1235 1834 1274 1863 ibi
1293 1835 1395 1864 fecerit.
1415 1843 1449 1867 V.
1474 1841 1540 1867 227.
1566 1849 1592 1867 c.

850 1884 914 1908 228.
933 1890 959 1907 D.

890 1923 992 1952 Christi
1008 1922 1092 1962 gloria
1105 1932 1171 1951 crux
1184 1930 1230 1951 est.
1246 1930 1292 1953 ΙΙΙ.
1306 1928 1352 1953 24.
1366 1935 1390 1953 13.
1407 1925 1479 1961 Quot
1491 1925 1592 1954 benefi-

849 1968 888 1996 cia
902 1979 935 1996 ex
947 1967 1048 1996 Christi
1063 1973 1148 1995 morte
1163 1967 1308 1996 manantia.
1324 1975 1344 1997 1.
1359 1973 1423 1997 696.
1437 1974 1502 1998 697.
1516 1970 1591 1999 Mors

848 2012 933 2041 deleta
944 2034 952 2048 ,
966 2011 1090 2050 perfracti
1106 2011 1183 2039 inferi
1196 2034 1203 2047 ,
1221 2012 1315 2040 caelum
1329 2019 1422 2051 patens
1434 2036 1441 2049 ,
1455 2014 1590 2043 obstructa

849 2066 895 2084 ora
910 2055 1088 2087 daemonibus,
1104 2062 1155 2086 ete.
1174 2062 1205 2084 v.
1222 2060 1286 2084 178.
1305 2067 1330 2084 A.
1347 2057 1446 2085 Omnes
1458 2064 1483 2086 et
1500 2058 1590 2087 omnia

849 2099 1010 2128 crucifixum
1023 2098 1179 2137 praedicant.
1195 2105 1214 2126 1.
1232 2103 1297 2127 696.
1314 2110 1340 2128 Β.

889 2142 990 2171 Christi
1005 2142 1162 2170 resurrectio
1172 2142 1298 2170 asseritur
1309 2149 1399 2171 contra
1410 2143 1530 2173 Jndaeos.
1543 2152 1590 2175 111.

850 2193 911 2216 110.
928 2192 989 2215 111.
1007 2190 1070 2216 112.
1089 2187 1146 2214 Cur
1157 2185 1285 2214 miracula
1297 2187 1398 2226 majora
1410 2187 1501 2217 fecerit
1511 2188 1589 2217 Chri-

847 2238 903 2259 stus
916 2237 975 2270 post
990 2230 1152 2269 passionem,
1169 2240 1248 2267 quam
1262 2229 1328 2259 dum
1342 2231 1455 2260 viveret.
1475 2238 1538 2261 111.
1557 2243 1575 2262 1)

848 2274 1078 2303 Resurrectionem
1087 2283 1161 2301 suam
1175 2273 1402 2304 subindicaverat.
1414 2283 1471 2305 Vll.
1482 2281 1548 2308 757.
1560 2289 1587 2306 A.

888 2319 1015 2348 Christus
1029 2328 1076 2346 cur
1089 2317 1191 2347 Judaeis
1204 2328 1255 2346 non
1268 2320 1421 2358 apparuerit
1431 2328 1490 2360 post
1502 2332 1591 2350 resur-

848 2364 1000 2393 rectionem.
1026 2369 1072 2391 111.
1095 2367 1157 2392 108.
1186 2374 1209 2391 n.
1234 2373 1259 2392 c.
1285 2371 1332 2392 aut
1351 2364 1432 2393 etiam
1451 2365 1586 2394 omnibus.

848 2415 892 2436 tx.
912 2412 939 2436 8.
960 2418 988 2435 r..
1009 2407 1070 2442 Quo
1090 2406 1169 2434 modo
1194 2407 1322 2446 apostolis
1339 2409 1502 2447 apparuerit.
1523 2413 1587 2438 924.

847 2463 874 2480 n.
899 2462 924 2480 F.
946 2450 1135 2490 Apparitiones
1155 2450 1213 2488 ejus
1234 2458 1419 2481 numerantur.
1442 2457 1508 2484 925,
1533 2455 1590 2481 Cur

847 2496 966 2534 primum
981 2494 1136 2533 apparuerit
1150 2495 1237 2524 Petro.
1252 2502 1285 2524 X.
1301 2500 1364 2524 413.
1380 2507 1406 2525 A.
1420 2507 1446 2524 Β.
1459 2496 1549 2530 Quare
1563 2497 1590 2525 in

848 2550 955 2578 vespera
965 2538 1107 2577 discipulis
1117 2539 1282 2577 apparuerit.
1293 2546 1361 2568 vui.
1373 2544 1435 2568 587.
1453 2540 1591 2569 1.Τί1011131

848 2594 894 2612 cur
910 2589 967 2622 post
983 2582 1038 2611 dics
1052 2589 1110 2611 octo
1124 2583 1289 2622 apparuerit.
1305 2588 1368 2612 591.
1382 2595 1408 2612 c.
1426 2589 1489 2614 592.
1505 2585 1592 2614 Maria
