<?xml version="1.0" encoding="UTF-8"?>
<!DOCTYPE html PUBLIC "-//W3C//DTD XHTML 1.0 Transitional//EN"
    "http://www.w3.org/TR/xhtml1/DTD/xhtml1-transitional.dtd">
<html xmlns="http://www.w3.org/1999/xhtml" xml:lang="en" lang="en">
 <head>
  <title>
</title>
<meta http-equiv="Content-Type" content="text/html;charset=utf-8" />
  <meta name='ocr-system' content='tesseract 3.04.00' />
  <meta name='ocr-capabilities' content='ocr_page ocr_carea ocr_par ocr_line ocrx_word'/>
</head>
<body>
  <div class='ocr_page' id='page_1' title='image "./operaomniaquaeex13johnuoft_0151.png"; bbox 0 0 1910 2907; ppageno 0'>
   <div class='ocr_carea' id='block_1_1' title="bbox 5 277 58 310">
    <p class='ocr_par' dir='ltr' id='par_1_1' title="bbox 5 277 58 310">
     <span class='ocr_line' id='line_1_1' title="bbox 5 277 58 310; baseline 0 -9"><span class='ocrx_word' id='word_1_1' title='bbox 5 277 58 310; x_wconf 74' lang='lat'>387.</span> 
     </span>
    </p>
   </div>
   <div class='ocr_carea' id='block_1_2' title="bbox 618 204 1090 229">
    <p class='ocr_par' dir='ltr' id='par_1_2' title="bbox 618 204 1090 229">
     <span class='ocr_line' id='line_1_2' title="bbox 618 204 1090 229; baseline 0.002 -1"><span class='ocrx_word' id='word_1_2' title='bbox 618 206 706 228; x_wconf 64' lang='lat' dir='ltr'>NUNC</span> <span class='ocrx_word' id='word_1_3' title='bbox 734 204 865 228; x_wconf 52' lang='lat' dir='ltr'>Primum</span> <span class='ocrx_word' id='word_1_4' title='bbox 893 204 1090 229; x_wconf 71' lang='lat' dir='ltr'>ADORNATA.</span> 
     </span>
    </p>
   </div>
   <div class='ocr_carea' id='block_1_3' title="bbox 72 267 819 1007">
    <p class='ocr_par' dir='ltr' id='par_1_3' title="bbox 72 267 816 777">
     <span class='ocr_line' id='line_1_3' title="bbox 74 267 813 307; baseline -0.009 -5"><span class='ocrx_word' id='word_1_5' title='bbox 74 271 176 302; x_wconf 87' lang='lat' dir='ltr'>Meletii</span> <span class='ocrx_word' id='word_1_6' title='bbox 186 269 400 300; x_wconf 81' lang='lat' dir='ltr'>communionem</span> <span class='ocrx_word' id='word_1_7' title='bbox 408 292 415 305; x_wconf 85' lang='lat'>‚</span> <span class='ocrx_word' id='word_1_8' title='bbox 428 267 500 307; x_wconf 87' lang='lat' dir='ltr'>quod</span> <span class='ocrx_word' id='word_1_9' title='bbox 510 268 545 296; x_wconf 89' lang='lat' dir='ltr'>ab</span> <span class='ocrx_word' id='word_1_10' title='bbox 555 268 662 296; x_wconf 81' lang='lat' dir='ltr'>Arianis</span> <span class='ocrx_word' id='word_1_11' title='bbox 672 268 698 297; x_wconf 84' lang='lat' dir='ltr'>in</span> <span class='ocrx_word' id='word_1_12' title='bbox 710 267 813 307; x_wconf 86' lang='lat' dir='ltr'>episco-</span> 
     </span>
     <span class='ocr_line' id='line_1_4' title="bbox 74 315 814 360; baseline -0.008 -11"><span class='ocrx_word' id='word_1_13' title='bbox 74 330 140 360; x_wconf 89' lang='lat' dir='ltr'>pum</span> <span class='ocrx_word' id='word_1_14' title='bbox 150 324 288 357; x_wconf 82' lang='lat' dir='ltr'>cooptatus</span> <span class='ocrx_word' id='word_1_15' title='bbox 299 316 390 345; x_wconf 90' lang='lat' dir='ltr'>suisset</span> <span class='ocrx_word' id='word_1_16' title='bbox 399 339 407 352; x_wconf 91' lang='lat'><em>‚</em></span> <span class='ocrx_word' id='word_1_17' title='bbox 417 315 590 354; x_wconf 81' lang='lat' dir='ltr'>1·espuebant;</span> <span class='ocrx_word' id='word_1_18' title='bbox 604 315 719 344; x_wconf 85' lang='lat' dir='ltr'>secunda</span> <span class='ocrx_word' id='word_1_19' title='bbox 732 315 814 344; x_wconf 85' lang='lat' dir='ltr'>Mele-</span> 
     </span>
     <span class='ocr_line' id='line_1_5' title="bbox 74 363 813 402; baseline -0.008 -6"><span class='ocrx_word' id='word_1_20' title='bbox 74 367 207 396; x_wconf 86' lang='lat' dir='ltr'>tianorum</span> <span class='ocrx_word' id='word_1_21' title='bbox 219 388 227 402; x_wconf 88' lang='lat'>‚</span> <span class='ocrx_word' id='word_1_22' title='bbox 242 365 344 394; x_wconf 85' lang='lat' dir='ltr'>scilicet</span> <span class='ocrx_word' id='word_1_23' title='bbox 358 363 558 392; x_wconf 86' lang='lat' dir='ltr'>Catholicorum</span> <span class='ocrx_word' id='word_1_24' title='bbox 568 385 576 399; x_wconf 90' lang='lat'><em>‚</em></span> <span class='ocrx_word' id='word_1_25' title='bbox 591 363 637 401; x_wconf 87' lang='lat' dir='ltr'>qui</span> <span class='ocrx_word' id='word_1_26' title='bbox 652 363 791 391; x_wconf 86' lang='lat' dir='ltr'>Meletium</span> <span class='ocrx_word' id='word_1_27' title='bbox 804 385 813 399; x_wconf 85' lang='lat'>,</span> 
     </span>
     <span class='ocr_line' id='line_1_6' title="bbox 72 409 813 449; baseline -0.008 -6"><span class='ocrx_word' id='word_1_28' title='bbox 72 413 121 443; x_wconf 85' lang='lat' dir='ltr'>etsi</span> <span class='ocrx_word' id='word_1_29' title='bbox 141 413 176 442; x_wconf 90' lang='lat' dir='ltr'>ab</span> <span class='ocrx_word' id='word_1_30' title='bbox 198 411 305 441; x_wconf 87' lang='lat' dir='ltr'>Arianis</span> <span class='ocrx_word' id='word_1_31' title='bbox 326 410 499 445; x_wconf 85' lang='lat' dir='ltr'>ordinatum,</span> <span class='ocrx_word' id='word_1_32' title='bbox 528 416 619 449; x_wconf 79' lang='lat' dir='ltr'>utpote</span> <span class='ocrx_word' id='word_1_33' title='bbox 642 409 813 438; x_wconf 85' lang='lat' dir='ltr'>Catholicum</span> 
     </span>
     <span class='ocr_line' id='line_1_7' title="bbox 72 456 814 497; baseline -0.009 -7"><span class='ocrx_word' id='word_1_34' title='bbox 72 460 322 497; x_wconf 89' lang='lat' dir='ltr'>sanctissimumque</span> <span class='ocrx_word' id='word_1_35' title='bbox 330 458 420 486; x_wconf 83' lang='lat' dir='ltr'>virum</span> <span class='ocrx_word' id='word_1_36' title='bbox 427 479 434 493; x_wconf 90' lang='lat'>‚</span> <span class='ocrx_word' id='word_1_37' title='bbox 444 456 640 494; x_wconf 86' lang='lat' dir='ltr'>sequebantur:</span> <span class='ocrx_word' id='word_1_38' title='bbox 651 456 728 484; x_wconf 83' lang='lat' dir='ltr'>tertia</span> <span class='ocrx_word' id='word_1_39' title='bbox 737 456 814 484; x_wconf 86' lang='lat' dir='ltr'>Aria-</span> 
     </span>
     <span class='ocr_line' id='line_1_8' title="bbox 72 502 816 544; baseline -0.009 -8"><span class='ocrx_word' id='word_1_40' title='bbox 72 518 179 542; x_wconf 84' lang='lat' dir='ltr'>norum,</span> <span class='ocrx_word' id='word_1_41' title='bbox 190 506 237 544; x_wconf 90' lang='lat' dir='ltr'>qui</span> <span class='ocrx_word' id='word_1_42' title='bbox 248 516 309 534; x_wconf 88' lang='lat' dir='ltr'>cum</span> <span class='ocrx_word' id='word_1_43' title='bbox 320 503 420 533; x_wconf 87' lang='lat' dir='ltr'>Euzoio</span> <span class='ocrx_word' id='word_1_44' title='bbox 431 509 576 531; x_wconf 75' lang='lat' dir='ltr'>conventus</span> <span class='ocrx_word' id='word_1_45' title='bbox 586 502 709 540; x_wconf 77' lang='lat' dir='ltr'>agebam.</span> <span class='ocrx_word' id='word_1_46' title='bbox 722 502 816 530; x_wconf 89' lang='lat' dir='ltr'>Hacte-</span> 
     </span>
     <span class='ocr_line' id='line_1_9' title="bbox 72 548 813 588; baseline -0.009 -6"><span class='ocrx_word' id='word_1_47' title='bbox 72 564 123 582; x_wconf 88' lang='lat' dir='ltr'>nus</span> <span class='ocrx_word' id='word_1_48' title='bbox 137 560 226 582; x_wconf 82' lang='lat' dir='ltr'>tamen</span> <span class='ocrx_word' id='word_1_49' title='bbox 238 550 343 580; x_wconf 90' lang='lat' dir='ltr'>nonnisi</span> <span class='ocrx_word' id='word_1_50' title='bbox 354 549 409 578; x_wconf 90' lang='lat' dir='ltr'>duo</span> <span class='ocrx_word' id='word_1_51' title='bbox 422 548 539 588; x_wconf 75' lang='lat' dir='ltr'><strong>episcopi</strong></span> <span class='ocrx_word' id='word_1_52' title='bbox 556 548 706 577; x_wconf 57' lang='lat' dir='ltr'>Antiochia}</span> <span class='ocrx_word' id='word_1_53' title='bbox 721 554 813 582; x_wconf 83' lang='lat' dir='ltr'>erant,</span> 
     </span>
     <span class='ocr_line' id='line_1_10' title="bbox 72 594 814 636; baseline -0.009 -8"><span class='ocrx_word' id='word_1_54' title='bbox 72 599 201 628; x_wconf 83' lang='lat' dir='ltr'>nimirum</span> <span class='ocrx_word' id='word_1_55' title='bbox 225 607 260 626; x_wconf 79' lang='lat' dir='ltr'>ex</span> <span class='ocrx_word' id='word_1_56' title='bbox 285 603 359 636; x_wconf 85' lang='lat' dir='ltr'>parte</span> <span class='ocrx_word' id='word_1_57' title='bbox 378 595 580 624; x_wconf 88' lang='lat' dir='ltr'>Catholicorum</span> <span class='ocrx_word' id='word_1_58' title='bbox 605 594 753 631; x_wconf 82' lang='lat' dir='ltr'>Meletius;</span> <span class='ocrx_word' id='word_1_59' title='bbox 780 603 814 621; x_wconf 79' lang='lat' dir='ltr'>ex</span> 
     </span>
     <span class='ocr_line' id='line_1_11' title="bbox 73 641 815 681; baseline -0.008 -7"><span class='ocrx_word' id='word_1_60' title='bbox 73 645 235 674; x_wconf 87' lang='lat' dir='ltr'>Arianorum</span> <span class='ocrx_word' id='word_1_61' title='bbox 260 653 324 672; x_wconf 88' lang='lat' dir='ltr'>vero</span> <span class='ocrx_word' id='word_1_62' title='bbox 352 647 427 681; x_wconf 86' lang='lat' dir='ltr'>parte</span> <span class='ocrx_word' id='word_1_63' title='bbox 454 641 571 669; x_wconf 86' lang='lat' dir='ltr'>Euzoius</span> <span class='ocrx_word' id='word_1_64' title='bbox 594 653 600 669; x_wconf 68' lang='grc' dir='ltr'><strong>ι</strong></span> <span class='ocrx_word' id='word_1_65' title='bbox 624 651 686 668; x_wconf 84' lang='grc'><strong>113111</strong></span> <span class='ocrx_word' id='word_1_66' title='bbox 713 641 815 669; x_wconf 82' lang='lat' dir='ltr'>Eusta-</span> 
     </span>
     <span class='ocr_line' id='line_1_12' title="bbox 72 687 816 727; baseline -0.007 -7"><span class='ocrx_word' id='word_1_67' title='bbox 72 692 159 720; x_wconf 90' lang='lat' dir='ltr'>thiani</span> <span class='ocrx_word' id='word_1_68' title='bbox 174 701 236 720; x_wconf 87' lang='lat' dir='ltr'>cum</span> <span class='ocrx_word' id='word_1_69' title='bbox 252 689 367 720; x_wconf 83' lang='lat' dir='ltr'>Paulino</span> <span class='ocrx_word' id='word_1_70' title='bbox 389 688 545 727; x_wconf 84' lang='lat' dir='ltr'>presbytero</span> <span class='ocrx_word' id='word_1_71' title='bbox 569 688 679 716; x_wconf 82' lang='lat' dir='ltr'>seorsim</span> <span class='ocrx_word' id='word_1_72' title='bbox 693 687 816 716; x_wconf 85' lang='lat' dir='ltr'>collectas</span> 
     </span>
     <span class='ocr_line' id='line_1_13' title="bbox 73 738 198 777; baseline 0 -11"><span class='ocrx_word' id='word_1_73' title='bbox 73 738 198 777; x_wconf 85' lang='lat' dir='ltr'>agebant.</span> 
     </span>
    </p>

    <p class='ocr_par' dir='ltr' id='par_1_4' title="bbox 72 778 819 1007">
     <span class='ocr_line' id='line_1_14' title="bbox 113 778 817 820; baseline -0.01 -7"><span class='ocrx_word' id='word_1_74' title='bbox 113 783 298 820; x_wconf 73' lang='lat' dir='ltr'>Quamobrem</span> <span class='ocrx_word' id='word_1_75' title='bbox 312 781 473 810; x_wconf 78' lang='lat' dir='ltr'>Athanasius</span> <span class='ocrx_word' id='word_1_76' title='bbox 488 781 515 808; x_wconf 88' lang='grc'>111</span> <span class='ocrx_word' id='word_1_77' title='bbox 526 779 636 819; x_wconf 80' lang='lat' dir='ltr'>Synodo</span> <span class='ocrx_word' id='word_1_78' title='bbox 651 778 817 807; x_wconf 78' lang='lat' dir='ltr'>Alexandri-</span> 
     </span>
     <span class='ocr_line' id='line_1_15' title="bbox 72 824 818 866; baseline -0.009 -8"><span class='ocrx_word' id='word_1_79' title='bbox 72 840 124 866; x_wconf 88' lang='lat' dir='ltr'>na,</span> <span class='ocrx_word' id='word_1_80' title='bbox 138 839 207 858; x_wconf 88' lang='lat' dir='ltr'>anno</span> <span class='ocrx_word' id='word_1_81' title='bbox 221 830 295 863; x_wconf 64' lang='lat'>502,</span> <span class='ocrx_word' id='word_1_82' title='bbox 317 827 378 856; x_wconf 87' lang='lat' dir='ltr'>totis</span> <span class='ocrx_word' id='word_1_83' title='bbox 397 826 503 855; x_wconf 79' lang='lat' dir='ltr'>viribus</span> <span class='ocrx_word' id='word_1_84' title='bbox 521 825 656 854; x_wconf 85' lang='lat' dir='ltr'>nitebatur</span> <span class='ocrx_word' id='word_1_85' title='bbox 673 831 703 852; x_wconf 90' lang='lat' dir='ltr'>ut</span> <span class='ocrx_word' id='word_1_86' title='bbox 720 824 818 852; x_wconf 88' lang='lat' dir='ltr'>Eusta-</span> 
     </span>
     <span class='ocr_line' id='line_1_16' title="bbox 72 871 818 913; baseline -0.011 -7"><span class='ocrx_word' id='word_1_87' title='bbox 72 877 162 906; x_wconf 84' lang='lat' dir='ltr'>thiani</span> <span class='ocrx_word' id='word_1_88' title='bbox 178 876 331 906; x_wconf 87' lang='lat' dir='ltr'>Meletianis</span> <span class='ocrx_word' id='word_1_89' title='bbox 346 875 538 913; x_wconf 79' lang='lat' dir='ltr'>jungerentur,</span> <span class='ocrx_word' id='word_1_90' title='bbox 553 880 697 910; x_wconf 84' lang='lat' dir='ltr'>omnesque</span> <span class='ocrx_word' id='word_1_91' title='bbox 718 871 818 900; x_wconf 89' lang='lat' dir='ltr'>Catho-</span> 
     </span>
     <span class='ocr_line' id='line_1_17' title="bbox 75 915 818 958; baseline -0.011 -6"><span class='ocrx_word' id='word_1_92' title='bbox 75 923 120 952; x_wconf 91' lang='lat' dir='ltr'>lici</span> <span class='ocrx_word' id='word_1_93' title='bbox 135 933 220 951; x_wconf 91' lang='lat' dir='ltr'>unum</span> <span class='ocrx_word' id='word_1_94' title='bbox 242 921 383 950; x_wconf 80' lang='lat' dir='ltr'>Meletium</span> <span class='ocrx_word' id='word_1_95' title='bbox 397 920 553 958; x_wconf 84' lang='lat' dir='ltr'>episcopum</span> <span class='ocrx_word' id='word_1_96' title='bbox 576 923 766 956; x_wconf 81' lang='lat' dir='ltr'>agnoscerent,</span> <span class='ocrx_word' id='word_1_97' title='bbox 784 915 818 944; x_wconf 89' lang='lat' dir='ltr'>ad</span> 
     </span>
     <span class='ocr_line' id='line_1_18' title="bbox 74 963 819 1007; baseline -0.011 -9"><span class='ocrx_word' id='word_1_98' title='bbox 74 979 185 1007; x_wconf 85' lang='lat' dir='ltr'>eamque</span> <span class='ocrx_word' id='word_1_99' title='bbox 196 979 252 996; x_wconf 89' lang='lat' dir='ltr'>rem</span> <span class='ocrx_word' id='word_1_100' title='bbox 263 967 363 1005; x_wconf 85' lang='lat' dir='ltr'>legatos</span> <span class='ocrx_word' id='word_1_101' title='bbox 377 966 445 994; x_wconf 88' lang='lat' dir='ltr'>duos</span> <span class='ocrx_word' id='word_1_102' title='bbox 458 964 608 993; x_wconf 86' lang='lat' dir='ltr'>Eusebium</span> <span class='ocrx_word' id='word_1_103' title='bbox 621 963 819 993; x_wconf 67' lang='lat' dir='ltr'>Vercellensem</span> 
     </span>
    </p>
   </div>
   <div class='ocr_carea' id='block_1_4' title="bbox 1542 212 1606 245">
    <p class='ocr_par' dir='ltr' id='par_1_5' title="bbox 1542 212 1606 245">
     <span class='ocr_line' id='line_1_19' title="bbox 1542 212 1606 245; baseline 0.016 -13"><span class='ocrx_word' id='word_1_104' title='bbox 1542 212 1606 245; x_wconf 65' lang='lat'>110</span> 
     </span>
    </p>
   </div>
   <div class='ocr_carea' id='block_1_5' title="bbox 868 266 1615 999">
    <p class='ocr_par' dir='ltr' id='par_1_6' title="bbox 869 266 1609 449">
     <span class='ocr_line' id='line_1_20' title="bbox 869 266 1607 309; baseline 0.007 -14"><span class='ocrx_word' id='word_1_105' title='bbox 869 266 929 296; x_wconf 82' lang='lat' dir='ltr'>dela</span> <span class='ocrx_word' id='word_1_106' title='bbox 944 278 1066 307; x_wconf 81' lang='lat' dir='ltr'>vanaque</span> <span class='ocrx_word' id='word_1_107' title='bbox 1085 269 1190 298; x_wconf 81' lang='lat' dir='ltr'>fallacia</span> <span class='ocrx_word' id='word_1_108' title='bbox 1204 269 1232 298; x_wconf 90' lang='lat' dir='ltr'>iu</span> <span class='ocrx_word' id='word_1_109' title='bbox 1249 270 1414 309; x_wconf 82' lang='lat' dir='ltr'>profundum</span> <span class='ocrx_word' id='word_1_110' title='bbox 1429 272 1503 300; x_wconf 81' lang='lat' dir='ltr'>exitii</span> <span class='ocrx_word' id='word_1_111' title='bbox 1516 272 1607 300; x_wconf 84' lang='lat' dir='ltr'>abdu-</span> 
     </span>
     <span class='ocr_line' id='line_1_21' title="bbox 869 313 1608 357; baseline 0.007 -15"><span class='ocrx_word' id='word_1_112' title='bbox 869 313 921 350; x_wconf 83' lang='lat' dir='ltr'>cit;</span> <span class='ocrx_word' id='word_1_113' title='bbox 935 314 1048 353; x_wconf 89' lang='lat' dir='ltr'>ideoque</span> <span class='ocrx_word' id='word_1_114' title='bbox 1057 326 1072 344; x_wconf 90' lang='lat' dir='ltr'>a</span> <span class='ocrx_word' id='word_1_115' title='bbox 1084 316 1210 345; x_wconf 89' lang='lat' dir='ltr'>Patribus</span> <span class='ocrx_word' id='word_1_116' title='bbox 1221 317 1319 355; x_wconf 88' lang='lat' dir='ltr'>ejectus</span> <span class='ocrx_word' id='word_1_117' title='bbox 1329 325 1383 353; x_wconf 82' lang='lat' dir='ltr'>est,</span> <span class='ocrx_word' id='word_1_118' title='bbox 1400 318 1517 347; x_wconf 80' lang='lat' dir='ltr'>maxime</span> <span class='ocrx_word' id='word_1_119' title='bbox 1527 319 1608 357; x_wconf 83' lang='lat' dir='ltr'>hujus</span> 
     </span>
     <span class='ocr_line' id='line_1_22' title="bbox 869 361 1609 402; baseline 0.008 -14"><span class='ocrx_word' id='word_1_120' title='bbox 869 361 997 399; x_wconf 74' lang='lat' dir='ltr'>magister</span> <span class='ocrx_word' id='word_1_121' title='bbox 1010 385 1018 399; x_wconf 87' lang='lat'>‚</span> <span class='ocrx_word' id='word_1_122' title='bbox 1034 363 1078 400; x_wconf 87' lang='lat' dir='ltr'>qui</span> <span class='ocrx_word' id='word_1_123' title='bbox 1092 370 1196 402; x_wconf 86' lang='lat' dir='ltr'>partem</span> <span class='ocrx_word' id='word_1_124' title='bbox 1213 364 1340 393; x_wconf 82' lang='lat' dir='ltr'>Ecclesiae</span> <span class='ocrx_word' id='word_1_125' title='bbox 1359 365 1475 394; x_wconf 73' lang='lat' dir='ltr'>abscidit</span> <span class='ocrx_word' id='word_1_126' title='bbox 1491 377 1497 393; x_wconf 78' lang='lat' dir='ltr'>z</span> <span class='ocrx_word' id='word_1_127' title='bbox 1514 366 1552 394; x_wconf 87' lang='lat' dir='ltr'>sie</span> <span class='ocrx_word' id='word_1_128' title='bbox 1562 373 1609 394; x_wconf 86' lang='lat' dir='ltr'>aut</span> 
     </span>
     <span class='ocr_line' id='line_1_23' title="bbox 869 406 1477 449; baseline 0.01 -15"><span class='ocrx_word' id='word_1_129' title='bbox 869 406 1013 435; x_wconf 86' lang='lat' dir='ltr'>Paulinum</span> <span class='ocrx_word' id='word_1_130' title='bbox 1025 415 1071 436; x_wconf 86' lang='lat' dir='ltr'>ant</span> <span class='ocrx_word' id='word_1_131' title='bbox 1084 409 1282 448; x_wconf 78' lang='lat' dir='ltr'>Apollinarium</span> <span class='ocrx_word' id='word_1_132' title='bbox 1297 410 1447 449; x_wconf 81' lang='lat' dir='ltr'>designant.</span> <span class='ocrx_word' id='word_1_133' title='bbox 1463 424 1477 437; x_wconf 87' lang='lat'>»</span> 
     </span>
    </p>

    <p class='ocr_par' dir='ltr' id='par_1_7' title="bbox 868 454 1615 999">
     <span class='ocr_line' id='line_1_24' title="bbox 908 454 1609 496; baseline 0.009 -14"><span class='ocrx_word' id='word_1_134' title='bbox 908 454 970 483; x_wconf 76' lang='lat' dir='ltr'>Haec</span> <span class='ocrx_word' id='word_1_135' title='bbox 986 456 1064 484; x_wconf 80' lang='lat' dir='ltr'>refert</span> <span class='ocrx_word' id='word_1_136' title='bbox 1075 456 1284 496; x_wconf 80' lang='lat' dir='ltr'>Chrysostomus</span> <span class='ocrx_word' id='word_1_137' title='bbox 1297 465 1326 486; x_wconf 89' lang='lat' dir='ltr'>ut</span> <span class='ocrx_word' id='word_1_138' title='bbox 1338 458 1372 486; x_wconf 90' lang='lat' dir='ltr'>ab</span> <span class='ocrx_word' id='word_1_139' title='bbox 1383 459 1519 488; x_wconf 86' lang='lat' dir='ltr'>incondita</span> <span class='ocrx_word' id='word_1_140' title='bbox 1530 460 1609 488; x_wconf 81' lang='lat' dir='ltr'>turba</span> 
     </span>
     <span class='ocr_line' id='line_1_25' title="bbox 868 502 1609 545; baseline 0.009 -17"><span class='ocrx_word' id='word_1_141' title='bbox 868 511 921 529; x_wconf 89' lang='lat' dir='ltr'>nou</span> <span class='ocrx_word' id='word_1_142' title='bbox 933 502 970 529; x_wconf 91' lang='lat' dir='ltr'>ita</span> <span class='ocrx_word' id='word_1_143' title='bbox 981 509 1104 531; x_wconf 85' lang='lat' dir='ltr'>accurate</span> <span class='ocrx_word' id='word_1_144' title='bbox 1114 503 1291 536; x_wconf 84' lang='lat' dir='ltr'>dicebantur:</span> <span class='ocrx_word' id='word_1_145' title='bbox 1303 512 1328 534; x_wconf 89' lang='lat' dir='ltr'>et</span> <span class='ocrx_word' id='word_1_146' title='bbox 1339 506 1401 544; x_wconf 88' lang='lat' dir='ltr'>quia</span> <span class='ocrx_word' id='word_1_147' title='bbox 1414 516 1466 534; x_wconf 90' lang='lat' dir='ltr'>non</span> <span class='ocrx_word' id='word_1_148' title='bbox 1479 517 1539 534; x_wconf 89' lang='lat' dir='ltr'>raro</span> <span class='ocrx_word' id='word_1_149' title='bbox 1552 507 1609 545; x_wconf 90' lang='lat' dir='ltr'>ple-</span> 
     </span>
     <span class='ocr_line' id='line_1_26' title="bbox 868 546 1609 592; baseline 0.009 -18"><span class='ocrx_word' id='word_1_150' title='bbox 868 546 927 575; x_wconf 90' lang='lat' dir='ltr'>beia</span> <span class='ocrx_word' id='word_1_151' title='bbox 955 547 1113 586; x_wconf 84' lang='lat' dir='ltr'>hujusmodi</span> <span class='ocrx_word' id='word_1_152' title='bbox 1141 550 1261 579; x_wconf 84' lang='lat' dir='ltr'>convicia</span> <span class='ocrx_word' id='word_1_153' title='bbox 1289 558 1314 580; x_wconf 87' lang='lat' dir='ltr'>et</span> <span class='ocrx_word' id='word_1_154' title='bbox 1340 552 1412 580; x_wconf 87' lang='lat' dir='ltr'>dicta</span> <span class='ocrx_word' id='word_1_155' title='bbox 1438 553 1609 592; x_wconf 77' lang='lat' dir='ltr'>peregrinum</span> 
     </span>
     <span class='ocr_line' id='line_1_27' title="bbox 869 593 1610 634; baseline 0.007 -13"><span class='ocrx_word' id='word_1_156' title='bbox 869 593 990 622; x_wconf 75' lang='lat' dir='ltr'>sonantia</span> <span class='ocrx_word' id='word_1_157' title='bbox 1003 595 1116 623; x_wconf 88' lang='lat' dir='ltr'>orationi</span> <span class='ocrx_word' id='word_1_158' title='bbox 1129 596 1359 634; x_wconf 76' lang='lat' dir='ltr'>intermiscentur,</span> <span class='ocrx_word' id='word_1_159' title='bbox 1372 598 1429 626; x_wconf 84' lang='lat' dir='ltr'>haec</span> <span class='ocrx_word' id='word_1_160' title='bbox 1438 599 1530 626; x_wconf 89' lang='lat' dir='ltr'>concio</span> <span class='ocrx_word' id='word_1_161' title='bbox 1540 599 1610 626; x_wconf 90' lang='lat' dir='ltr'>mul-</span> 
     </span>
     <span class='ocr_line' id='line_1_28' title="bbox 871 639 1610 682; baseline 0.008 -16"><span class='ocrx_word' id='word_1_162' title='bbox 871 639 905 667; x_wconf 87' lang='lat' dir='ltr'>tis</span> <span class='ocrx_word' id='word_1_163' title='bbox 916 639 943 667; x_wconf 91' lang='grc'>111</span> <span class='ocrx_word' id='word_1_164' title='bbox 958 639 1023 667; x_wconf 91' lang='grc'><strong>10015</strong></span> <span class='ocrx_word' id='word_1_165' title='bbox 1038 651 1090 668; x_wconf 88' lang='grc'><strong>11011</strong></span> <span class='ocrx_word' id='word_1_166' title='bbox 1105 641 1163 679; x_wconf 87' lang='lat' dir='ltr'>pari</span> <span class='ocrx_word' id='word_1_167' title='bbox 1179 649 1258 679; x_wconf 88' lang='lat' dir='ltr'>atque</span> <span class='ocrx_word' id='word_1_168' title='bbox 1276 650 1375 672; x_wconf 78' lang='lat' dir='ltr'>caeterae</span> <span class='ocrx_word' id='word_1_169' title='bbox 1390 644 1519 682; x_wconf 76' lang='lat' dir='ltr'>elegantia</span> <span class='ocrx_word' id='word_1_170' title='bbox 1539 644 1610 672; x_wconf 79' lang='lat' dir='ltr'>(licta</span> 
     </span>
     <span class='ocr_line' id='line_1_29' title="bbox 871 685 1611 726; baseline 0.008 -13"><span class='ocrx_word' id='word_1_171' title='bbox 871 685 987 714; x_wconf 81' lang='lat' dir='ltr'>videtur.</span> <span class='ocrx_word' id='word_1_172' title='bbox 998 686 1073 714; x_wconf 88' lang='lat' dir='ltr'>Hanc</span> <span class='ocrx_word' id='word_1_173' title='bbox 1082 697 1142 715; x_wconf 88' lang='lat' dir='ltr'>cum</span> <span class='ocrx_word' id='word_1_174' title='bbox 1153 688 1268 716; x_wconf 84' lang='lat' dir='ltr'>Baronio</span> <span class='ocrx_word' id='word_1_175' title='bbox 1276 696 1301 717; x_wconf 88' lang='lat' dir='ltr'>et</span> <span class='ocrx_word' id='word_1_176' title='bbox 1311 689 1467 718; x_wconf 83' lang='lat' dir='ltr'>Hermantio</span> <span class='ocrx_word' id='word_1_177' title='bbox 1476 713 1483 726; x_wconf 86' lang='lat'>,</span> <span class='ocrx_word' id='word_1_178' title='bbox 1494 697 1611 719; x_wconf 79' lang='lat' dir='ltr'>vertente</span> 
     </span>
     <span class='ocr_line' id='line_1_30' title="bbox 871 731 1612 773; baseline 0.009 -14"><span class='ocrx_word' id='word_1_179' title='bbox 871 741 940 759; x_wconf 87' lang='lat' dir='ltr'>anno</span> <span class='ocrx_word' id='word_1_180' title='bbox 957 731 1016 761; x_wconf 83' lang='lat'>586</span> <span class='ocrx_word' id='word_1_181' title='bbox 1031 732 1131 761; x_wconf 89' lang='lat' dir='ltr'>dictam</span> <span class='ocrx_word' id='word_1_182' title='bbox 1149 741 1274 772; x_wconf 85' lang='lat' dir='ltr'>putamus</span> <span class='ocrx_word' id='word_1_183' title='bbox 1286 757 1294 771; x_wconf 90' lang='lat'>,</span> <span class='ocrx_word' id='word_1_184' title='bbox 1311 746 1405 773; x_wconf 83' lang='lat' dir='ltr'>resque</span> <span class='ocrx_word' id='word_1_185' title='bbox 1420 737 1528 765; x_wconf 88' lang='lat' dir='ltr'>omnino</span> <span class='ocrx_word' id='word_1_186' title='bbox 1542 744 1612 765; x_wconf 79' lang='lat' dir='ltr'>certa</span> 
     </span>
     <span class='ocr_line' id='line_1_31' title="bbox 872 777 1614 812; baseline 0.011 -8"><span class='ocrx_word' id='word_1_187' title='bbox 872 777 989 806; x_wconf 78' lang='lat' dir='ltr'>videtur.</span> <span class='ocrx_word' id='word_1_188' title='bbox 1016 778 1207 807; x_wconf 86' lang='lat' dir='ltr'>Tillernontius</span> <span class='ocrx_word' id='word_1_189' title='bbox 1231 787 1319 809; x_wconf 88' lang='lat' dir='ltr'>tamen</span> <span class='ocrx_word' id='word_1_190' title='bbox 1341 792 1375 810; x_wconf 85' lang='lat' dir='ltr'>ex</span> <span class='ocrx_word' id='word_1_191' title='bbox 1396 783 1465 811; x_wconf 87' lang='lat' dir='ltr'>male</span> <span class='ocrx_word' id='word_1_192' title='bbox 1487 784 1568 812; x_wconf 90' lang='lat' dir='ltr'>allato</span> <span class='ocrx_word' id='word_1_193' title='bbox 1588 790 1614 811; x_wconf 85' lang='lat' dir='ltr'>et</span> 
     </span>
     <span class='ocr_line' id='line_1_32' title="bbox 873 822 1614 866; baseline 0.011 -16"><span class='ocrx_word' id='word_1_194' title='bbox 873 822 1007 851; x_wconf 91' lang='lat' dir='ltr'>intellecto</span> <span class='ocrx_word' id='word_1_195' title='bbox 1018 823 1100 862; x_wconf 87' lang='lat' dir='ltr'>hujus</span> <span class='ocrx_word' id='word_1_196' title='bbox 1114 825 1232 854; x_wconf 64' lang='grc'><strong>1101111113·</strong></span> <span class='ocrx_word' id='word_1_197' title='bbox 1246 826 1318 861; x_wconf 80' lang='lat' dir='ltr'>loco,</span> <span class='ocrx_word' id='word_1_198' title='bbox 1333 835 1409 866; x_wconf 87' lang='lat' dir='ltr'>putat</span> <span class='ocrx_word' id='word_1_199' title='bbox 1422 839 1480 857; x_wconf 85' lang='lat' dir='ltr'>eam</span> <span class='ocrx_word' id='word_1_200' title='bbox 1492 829 1614 857; x_wconf 76' lang='lat' dir='ltr'>habitam</span> 
     </span>
     <span class='ocr_line' id='line_1_33' title="bbox 872 868 1615 913; baseline 0.011 -17"><span class='ocrx_word' id='word_1_201' title='bbox 872 868 953 897; x_wconf 77' lang='lat' dir='ltr'>fuisse</span> <span class='ocrx_word' id='word_1_202' title='bbox 969 876 1028 908; x_wconf 81' lang='lat' dir='ltr'>post</span> <span class='ocrx_word' id='word_1_203' title='bbox 1043 870 1147 899; x_wconf 82' lang='lat' dir='ltr'>Paulini</span> <span class='ocrx_word' id='word_1_204' title='bbox 1172 879 1284 900; x_wconf 88' lang='lat' dir='ltr'>mortem</span> <span class='ocrx_word' id='word_1_205' title='bbox 1298 895 1304 909; x_wconf 90' lang='lat'>,</span> <span class='ocrx_word' id='word_1_206' title='bbox 1328 881 1387 913; x_wconf 86' lang='lat' dir='ltr'>post</span> <span class='ocrx_word' id='word_1_207' title='bbox 1401 885 1500 903; x_wconf 86' lang='lat' dir='ltr'>annum</span> <span class='ocrx_word' id='word_1_208' title='bbox 1515 876 1615 904; x_wconf 86' lang='lat' dir='ltr'>scilicet</span> 
     </span>
     <span class='ocr_line' id='line_1_34' title="bbox 873 914 1615 962; baseline 0.012 -20"><span class='ocrx_word' id='word_1_209' title='bbox 873 914 940 943; x_wconf 70' lang='lat'>558.</span> <span class='ocrx_word' id='word_1_210' title='bbox 960 915 1032 945; x_wconf 63' lang='lat' dir='ltr'>Vide</span> <span class='ocrx_word' id='word_1_211' title='bbox 1048 917 1183 944; x_wconf 86' lang='lat' dir='ltr'>Monitum</span> <span class='ocrx_word' id='word_1_212' title='bbox 1198 925 1337 954; x_wconf 85' lang='lat' dir='ltr'>nostrum,</span> <span class='ocrx_word' id='word_1_213' title='bbox 1357 920 1403 948; x_wconf 86' lang='lat' dir='ltr'>ubi</span> <span class='ocrx_word' id='word_1_214' title='bbox 1417 921 1544 950; x_wconf 87' lang='lat' dir='ltr'>sententia</span> <span class='ocrx_word' id='word_1_215' title='bbox 1558 923 1615 962; x_wconf 81' lang='lat' dir='ltr'>ejus</span> 
     </span>
     <span class='ocr_line' id='line_1_35' title="bbox 873 961 1363 999; baseline 0.01 -10"><span class='ocrx_word' id='word_1_216' title='bbox 873 961 1036 999; x_wconf 90' lang='lat' dir='ltr'>clarissime,</span> <span class='ocrx_word' id='word_1_217' title='bbox 1052 962 1079 990; x_wconf 90' lang='lat' dir='ltr'>ni</span> <span class='ocrx_word' id='word_1_218' title='bbox 1093 963 1188 999; x_wconf 82' lang='lat' dir='ltr'>fallor,</span> <span class='ocrx_word' id='word_1_219' title='bbox 1205 965 1363 994; x_wconf 85' lang='lat' dir='ltr'>confutatur.</span> 
     </span>
    </p>
   </div>
   <div class='ocr_carea' id='block_1_6' title="bbox 74 1009 820 1190">
    <p class='ocr_par' dir='ltr' id='par_1_8' title="bbox 74 1009 820 1190">
     <span class='ocr_line' id='line_1_36' title="bbox 74 1009 820 1052; baseline -0.008 -9"><span class='ocrx_word' id='word_1_220' title='bbox 74 1022 99 1043; x_wconf 88' lang='lat' dir='ltr'>et</span> <span class='ocrx_word' id='word_1_221' title='bbox 110 1014 246 1043; x_wconf 81' lang='lat' dir='ltr'>Asterium</span> <span class='ocrx_word' id='word_1_222' title='bbox 257 1013 395 1052; x_wconf 84' lang='lat' dir='ltr'>episcopos</span> <span class='ocrx_word' id='word_1_223' title='bbox 407 1022 421 1039; x_wconf 91' lang='grc'><strong>3</strong></span> <span class='ocrx_word' id='word_1_224' title='bbox 433 1010 546 1050; x_wconf 83' lang='lat' dir='ltr'>Synodo</span> <span class='ocrx_word' id='word_1_225' title='bbox 558 1009 740 1039; x_wconf 77' lang='lat' dir='ltr'>Alexandrina</span> <span class='ocrx_word' id='word_1_226' title='bbox 751 1009 820 1037; x_wconf 89' lang='lat' dir='ltr'>mitti</span> 
     </span>
     <span class='ocr_line' id='line_1_37' title="bbox 74 1056 819 1095; baseline -0.008 -6"><span class='ocrx_word' id='word_1_227' title='bbox 74 1060 189 1089; x_wconf 85' lang='lat' dir='ltr'>curavit.</span> <span class='ocrx_word' id='word_1_228' title='bbox 205 1061 307 1089; x_wconf 74' lang='lat' dir='ltr'>Verum</span> <span class='ocrx_word' id='word_1_229' title='bbox 320 1058 428 1086; x_wconf 79' lang='lat' dir='ltr'>interim</span> <span class='ocrx_word' id='word_1_230' title='bbox 440 1079 446 1093; x_wconf 89' lang='lat'>‚</span> <span class='ocrx_word' id='word_1_231' title='bbox 460 1057 527 1085; x_wconf 89' lang='lat' dir='ltr'>dum</span> <span class='ocrx_word' id='word_1_232' title='bbox 538 1056 618 1095; x_wconf 85' lang='lat' dir='ltr'>legati</span> <span class='ocrx_word' id='word_1_233' title='bbox 631 1056 682 1084; x_wconf 86' lang='lat' dir='ltr'>iter</span> <span class='ocrx_word' id='word_1_234' title='bbox 696 1062 819 1093; x_wconf 75' lang='lat' dir='ltr'>agerent,</span> 
     </span>
     <span class='ocr_line' id='line_1_38' title="bbox 74 1100 820 1142; baseline -0.009 -6"><span class='ocrx_word' id='word_1_235' title='bbox 74 1106 183 1136; x_wconf 85' lang='lat' dir='ltr'>Lucifer</span> <span class='ocrx_word' id='word_1_236' title='bbox 202 1105 371 1134; x_wconf 78' lang='lat' dir='ltr'>Calaritanus</span> <span class='ocrx_word' id='word_1_237' title='bbox 390 1104 467 1142; x_wconf 90' lang='lat' dir='ltr'>pium</span> <span class='ocrx_word' id='word_1_238' title='bbox 490 1102 631 1131; x_wconf 75' lang='lat' dir='ltr'>Athanasii</span> <span class='ocrx_word' id='word_1_239' title='bbox 654 1100 820 1130; x_wconf 75' lang='lat' dir='ltr'>Alexandri—</span> 
     </span>
     <span class='ocr_line' id='line_1_39' title="bbox 74 1147 820 1190; baseline -0.009 -9"><span class='ocrx_word' id='word_1_240' title='bbox 74 1162 166 1190; x_wconf 78' lang='lat' dir='ltr'>naeque</span> <span class='ocrx_word' id='word_1_241' title='bbox 179 1150 282 1190; x_wconf 80' lang='lat' dir='ltr'>Synodi</span> <span class='ocrx_word' id='word_1_242' title='bbox 295 1149 440 1179; x_wconf 90' lang='lat' dir='ltr'>consilium</span> <span class='ocrx_word' id='word_1_243' title='bbox 454 1147 652 1177; x_wconf 74' lang='lat' dir='ltr'>inter-turbavit</span> <span class='ocrx_word' id='word_1_244' title='bbox 664 1169 670 1182; x_wconf 94' lang='lat'>‚</span> <span class='ocrx_word' id='word_1_245' title='bbox 689 1147 734 1185; x_wconf 87' lang='lat' dir='ltr'>qui</span> <span class='ocrx_word' id='word_1_246' title='bbox 751 1147 820 1175; x_wconf 86' lang='lat' dir='ltr'>Pau-</span> 
     </span>
    </p>
   </div>
   <div class='ocr_carea' id='block_1_7' title="bbox 874 1007 1769 1180">
    <p class='ocr_par' dir='ltr' id='par_1_9' title="bbox 874 1007 1769 1180">
     <span class='ocr_line' id='line_1_40' title="bbox 915 1007 1767 1052; baseline 0.007 -18"><span class='ocrx_word' id='word_1_247' title='bbox 915 1007 1042 1045; x_wconf 88' lang='lat' dir='ltr'>Quinque</span> <span class='ocrx_word' id='word_1_248' title='bbox 1064 1007 1159 1037; x_wconf 87' lang='lat' dir='ltr'>diebus</span> <span class='ocrx_word' id='word_1_249' title='bbox 1182 1017 1242 1048; x_wconf 86' lang='lat' dir='ltr'>post</span> <span class='ocrx_word' id='word_1_250' title='bbox 1257 1010 1377 1039; x_wconf 80' lang='lat' dir='ltr'>habitam</span> <span class='ocrx_word' id='word_1_251' title='bbox 1392 1011 1418 1040; x_wconf 92' lang='lat' dir='ltr'>in</span> <span class='ocrx_word' id='word_1_252' title='bbox 1435 1012 1463 1040; x_wconf 80' lang='lat' dir='ltr'>S.</span> <span class='ocrx_word' id='word_1_253' title='bbox 1486 1013 1617 1052; x_wconf 82' lang='lat' dir='ltr'>Philogo-</span> <span class='ocrx_word' id='word_1_254' title='bbox 1654 1022 1679 1041; x_wconf 77' lang='lat' dir='ltr'>ln</span> <span class='ocrx_word' id='word_1_255' title='bbox 1697 1021 1767 1041; x_wconf 50' lang='lat' dir='ltr'>Natat.</span> 
     </span>
     <span class='ocr_line' id='line_1_41' title="bbox 874 1053 1758 1103; baseline 0.008 -22"><span class='ocrx_word' id='word_1_256' title='bbox 874 1053 950 1082; x_wconf 86' lang='lat' dir='ltr'>nium</span> <span class='ocrx_word' id='word_1_257' title='bbox 965 1053 1105 1083; x_wconf 83' lang='lat' dir='ltr'>homiliam</span> <span class='ocrx_word' id='word_1_258' title='bbox 1119 1078 1126 1091; x_wconf 93' lang='lat'>,</span> <span class='ocrx_word' id='word_1_259' title='bbox 1144 1055 1173 1083; x_wconf 88' lang='lat' dir='ltr'>id</span> <span class='ocrx_word' id='word_1_260' title='bbox 1192 1063 1229 1084; x_wconf 89' lang='lat' dir='ltr'>est</span> <span class='ocrx_word' id='word_1_261' title='bbox 1243 1057 1372 1095; x_wconf 74' lang='lat' dir='ltr'>vigesima</span> <span class='ocrx_word' id='word_1_262' title='bbox 1391 1058 1482 1095; x_wconf 85' lang='lat' dir='ltr'>quinta</span> <span class='ocrx_word' id='word_1_263' title='bbox 1504 1060 1613 1087; x_wconf 80' lang='lat' dir='ltr'>Decem·</span> <span class='ocrx_word' id='word_1_264' title='bbox 1628 1053 1711 1103; x_wconf 37' lang='lat' dir='ltr'>fflssffi&#39;</span> <span class='ocrx_word' id='word_1_265' title='bbox 1734 1091 1758 1102; x_wconf 68' lang='lat' dir='ltr'>m</span> 
     </span>
     <span class='ocr_line' id='line_1_42' title="bbox 874 1098 1769 1144; baseline 0.006 -16"><span class='ocrx_word' id='word_1_266' title='bbox 874 1100 946 1135; x_wconf 89' lang='lat' dir='ltr'>bris,</span> <span class='ocrx_word' id='word_1_267' title='bbox 970 1107 999 1129; x_wconf 89' lang='lat' dir='ltr'>ut</span> <span class='ocrx_word' id='word_1_268' title='bbox 1023 1100 1079 1139; x_wconf 83' lang='lat' dir='ltr'>ipse</span> <span class='ocrx_word' id='word_1_269' title='bbox 1099 1101 1308 1141; x_wconf 63' lang='lat' dir='ltr'>Chrysostomus</span> <span class='ocrx_word' id='word_1_270' title='bbox 1332 1104 1508 1142; x_wconf 80' lang='lat' dir='ltr'>testificatur,</span> <span class='ocrx_word' id='word_1_271' title='bbox 1530 1106 1682 1144; x_wconf 59' lang='grc'><strong>111-11113331.</strong></span> <span class='ocrx_word' id='word_1_272' title='bbox 1707 1098 1743 1135; x_wconf 49' lang='lat' dir='ltr'>im</span> <span class='ocrx_word' id='word_1_273' title='bbox 1765 1098 1769 1103; x_wconf 93' lang='lat'><em>.</em></span> 
     </span>
     <span class='ocr_line' id='line_1_43' title="bbox 874 1146 1682 1180; baseline 0.007 -5"><span class='ocrx_word' id='word_1_274' title='bbox 874 1147 934 1175; x_wconf 65' lang='lat' dir='ltr'>vice</span> <span class='ocrx_word' id='word_1_275' title='bbox 949 1146 983 1175; x_wconf 89' lang='lat' dir='ltr'>de</span> <span class='ocrx_word' id='word_1_276' title='bbox 997 1147 1042 1176; x_wconf 88' lang='lat' dir='ltr'>die</span> <span class='ocrx_word' id='word_1_277' title='bbox 1061 1148 1149 1176; x_wconf 87' lang='lat' dir='ltr'>Natali</span> <span class='ocrx_word' id='word_1_278' title='bbox 1169 1149 1271 1177; x_wconf 85' lang='lat' dir='ltr'>Christi</span> <span class='ocrx_word' id='word_1_279' title='bbox 1290 1150 1461 1179; x_wconf 82' lang='lat' dir='ltr'>concionatus</span> <span class='ocrx_word' id='word_1_280' title='bbox 1481 1159 1529 1180; x_wconf 85' lang='lat' dir='ltr'>est.</span> <span class='ocrx_word' id='word_1_281' title='bbox 1549 1153 1615 1180; x_wconf 86' lang='lat' dir='ltr'>Cum</span> <span class='ocrx_word' id='word_1_282' title='bbox 1630 1146 1682 1166; x_wconf 69' lang='lat'>”¹⁰⁴</span> 
     </span>
    </p>
   </div>
   <div class='ocr_carea' id='block_1_8' title="bbox 74 1181 1766 1236">
    <p class='ocr_par' dir='ltr' id='par_1_10' title="bbox 74 1181 1766 1236">
     <span class='ocr_line' id='line_1_44' title="bbox 1645 1181 1752 1193; baseline -0.019 0"><span class='ocrx_word' id='word_1_283' title='bbox 1645 1183 1648 1186; x_wconf 88' lang='lat'><em>-</em></span> <span class='ocrx_word' id='word_1_284' title='bbox 1664 1189 1668 1193; x_wconf 90' lang='lat'><em>.</em></span> <span class='ocrx_word' id='word_1_285' title='bbox 1732 1181 1752 1191; x_wconf 52' lang='lat' dir='ltr'>fs</span> 
     </span>
     <span class='ocr_line' id='line_1_45' title="bbox 74 1182 1766 1236; baseline -0.013 -8"><span class='ocrx_word' id='word_1_286' title='bbox 74 1200 162 1230; x_wconf 91' lang='lat' dir='ltr'>linum</span> <span class='ocrx_word' id='word_1_287' title='bbox 182 1198 209 1226; x_wconf 88' lang='lat' dir='ltr'>in</span> <span class='ocrx_word' id='word_1_288' title='bbox 227 1197 384 1236; x_wconf 88' lang='lat' dir='ltr'>episcopum</span> <span class='ocrx_word' id='word_1_289' title='bbox 398 1196 506 1234; x_wconf 78' lang='lat' dir='ltr'>allegit3</span> <span class='ocrx_word' id='word_1_290' title='bbox 524 1195 560 1223; x_wconf 85' lang='lat' dir='ltr'>ita</span> <span class='ocrx_word' id='word_1_291' title='bbox 574 1201 604 1222; x_wconf 93' lang='lat' dir='ltr'>ut</span> <span class='ocrx_word' id='word_1_292' title='bbox 619 1201 670 1222; x_wconf 86' lang='lat' dir='ltr'>tres</span> <span class='ocrx_word' id='word_1_293' title='bbox 683 1194 740 1233; x_wconf 86' lang='lat' dir='ltr'>jam</span> <span class='ocrx_word' id='word_1_294' title='bbox 758 1193 819 1232; x_wconf 84' lang='lat' dir='ltr'>epi·</span> <span class='ocrx_word' id='word_1_295' title='bbox 1630 1183 1674 1203; x_wconf 52' lang='grc' dir='ltr'>Ἧι</span> <span class='ocrx_word' id='word_1_296' title='bbox 1689 1191 1701 1210; x_wconf 75' lang='lat' dir='ltr'>r</span> <span class='ocrx_word' id='word_1_297' title='bbox 1715 1182 1766 1208; x_wconf 59' lang='lat'>3³4-</span> 
     </span>
    </p>
   </div>
   <div class='ocr_carea' id='block_1_9' title="bbox 40 2040 74 2058">
    <p class='ocr_par' dir='ltr' id='par_1_11' title="bbox 40 2040 74 2058">
     <span class='ocr_line' id='line_1_46' title="bbox 40 2040 74 2058; baseline -0.029 0"><span class='ocrx_word' id='word_1_298' title='bbox 40 2040 74 2058; x_wconf 58' lang='lat'>102</span> 
     </span>
    </p>
   </div>
   <div class='ocr_carea' id='block_1_10' title="bbox 75 1241 841 2666">
    <p class='ocr_par' dir='ltr' id='par_1_12' title="bbox 75 1241 827 1965">
     <span class='ocr_line' id='line_1_47' title="bbox 75 1241 820 1284; baseline -0.008 -10"><span class='ocrx_word' id='word_1_299' title='bbox 75 1245 150 1284; x_wconf 89' lang='lat' dir='ltr'>scopi</span> <span class='ocrx_word' id='word_1_300' title='bbox 169 1243 318 1273; x_wconf 63' lang='lat' dir='ltr'>Antiochiae</span> <span class='ocrx_word' id='word_1_301' title='bbox 340 1249 441 1277; x_wconf 86' lang='lat' dir='ltr'>essent,</span> <span class='ocrx_word' id='word_1_302' title='bbox 458 1241 513 1270; x_wconf 89' lang='lat' dir='ltr'>duo</span> <span class='ocrx_word' id='word_1_303' title='bbox 534 1241 685 1277; x_wconf 85' lang='lat' dir='ltr'>Catholici,</span> <span class='ocrx_word' id='word_1_304' title='bbox 707 1247 733 1268; x_wconf 90' lang='grc'>01</span> <span class='ocrx_word' id='word_1_305' title='bbox 752 1250 820 1268; x_wconf 89' lang='lat' dir='ltr'>unus</span> 
     </span>
     <span class='ocr_line' id='line_1_48' title="bbox 76 1286 819 1323; baseline -0.008 -3"><span class='ocrx_word' id='word_1_306' title='bbox 76 1291 201 1320; x_wconf 87' lang='lat' dir='ltr'>Arianus.</span> <span class='ocrx_word' id='word_1_307' title='bbox 220 1289 264 1318; x_wconf 75' lang='lat' dir='ltr'>Ex</span> <span class='ocrx_word' id='word_1_308' title='bbox 282 1289 335 1317; x_wconf 90' lang='lat' dir='ltr'>hoc</span> <span class='ocrx_word' id='word_1_309' title='bbox 355 1295 443 1316; x_wconf 86' lang='lat' dir='ltr'>autem</span> <span class='ocrx_word' id='word_1_310' title='bbox 463 1287 665 1316; x_wconf 87' lang='lat' dir='ltr'>Catholicorum</span> <span class='ocrx_word' id='word_1_311' title='bbox 683 1286 797 1315; x_wconf 89' lang='lat' dir='ltr'>dissidio</span> <span class='ocrx_word' id='word_1_312' title='bbox 810 1308 819 1323; x_wconf 91' lang='lat'>,</span> 
     </span>
     <span class='ocr_line' id='line_1_49' title="bbox 77 1332 821 1376; baseline -0.008 -11"><span class='ocrx_word' id='word_1_313' title='bbox 77 1336 150 1376; x_wconf 88' lang='lat' dir='ltr'>quod</span> <span class='ocrx_word' id='word_1_314' title='bbox 163 1335 239 1364; x_wconf 88' lang='lat' dir='ltr'>annis</span> <span class='ocrx_word' id='word_1_315' title='bbox 253 1335 320 1364; x_wconf 88' lang='lat' dir='ltr'>bene</span> <span class='ocrx_word' id='word_1_316' title='bbox 338 1334 432 1362; x_wconf 90' lang='lat' dir='ltr'>multis</span> <span class='ocrx_word' id='word_1_317' title='bbox 452 1333 582 1373; x_wconf 80' lang='lat' dir='ltr'>perstitit,</span> <span class='ocrx_word' id='word_1_318' title='bbox 598 1332 743 1361; x_wconf 61' lang='lat' dir='ltr'>innumerae</span> <span class='ocrx_word' id='word_1_319' title='bbox 755 1332 821 1360; x_wconf 76' lang='lat' dir='ltr'>rixae</span> 
     </span>
     <span class='ocr_line' id='line_1_50' title="bbox 77 1378 820 1419; baseline -0.009 -7"><span class='ocrx_word' id='word_1_320' title='bbox 77 1383 193 1412; x_wconf 85' lang='lat' dir='ltr'>subortae</span> <span class='ocrx_word' id='word_1_321' title='bbox 210 1388 272 1411; x_wconf 88' lang='lat' dir='ltr'>sunt</span> <span class='ocrx_word' id='word_1_322' title='bbox 282 1404 290 1419; x_wconf 82' lang='lat'>‚</span> <span class='ocrx_word' id='word_1_323' title='bbox 306 1380 473 1409; x_wconf 64' lang='lat' dir='ltr'>contumeliae</span> <span class='ocrx_word' id='word_1_324' title='bbox 486 1402 493 1416; x_wconf 87' lang='lat'>‚</span> <span class='ocrx_word' id='word_1_325' title='bbox 509 1379 621 1407; x_wconf 84' lang='lat' dir='ltr'>dicteria</span> <span class='ocrx_word' id='word_1_326' title='bbox 631 1401 638 1415; x_wconf 86' lang='lat'>,</span> <span class='ocrx_word' id='word_1_327' title='bbox 658 1378 799 1406; x_wconf 85' lang='lat' dir='ltr'>maledicta</span> <span class='ocrx_word' id='word_1_328' title='bbox 812 1400 820 1413; x_wconf 89' lang='lat'><em>‚</em></span> 
     </span>
     <span class='ocr_line' id='line_1_51' title="bbox 77 1424 823 1467; baseline -0.007 -9"><span class='ocrx_word' id='word_1_329' title='bbox 77 1429 177 1467; x_wconf 78' lang='lat' dir='ltr'>quibus</span> <span class='ocrx_word' id='word_1_330' title='bbox 191 1438 218 1457; x_wconf 88' lang='lat' dir='ltr'>se</span> <span class='ocrx_word' id='word_1_331' title='bbox 241 1433 335 1456; x_wconf 87' lang='lat' dir='ltr'>mutuo</span> <span class='ocrx_word' id='word_1_332' title='bbox 351 1426 466 1455; x_wconf 84' lang='lat' dir='ltr'>diversis</span> <span class='ocrx_word' id='word_1_333' title='bbox 485 1425 585 1454; x_wconf 82' lang='lat' dir='ltr'>addicti</span> <span class='ocrx_word' id='word_1_334' title='bbox 602 1425 723 1464; x_wconf 84' lang='lat' dir='ltr'>partibus</span> <span class='ocrx_word' id='word_1_335' title='bbox 752 1424 823 1453; x_wconf 83' lang='lat' dir='ltr'>lace-</span> 
     </span>
     <span class='ocr_line' id='line_1_52' title="bbox 78 1471 822 1512; baseline -0.008 -8"><span class='ocrx_word' id='word_1_336' title='bbox 78 1476 193 1512; x_wconf 81' lang='lat' dir='ltr'>rabant,</span> <span class='ocrx_word' id='word_1_337' title='bbox 209 1473 289 1502; x_wconf 83' lang='lat' dir='ltr'>rebus</span> <span class='ocrx_word' id='word_1_338' title='bbox 307 1473 396 1512; x_wconf 86' lang='lat' dir='ltr'>palam</span> <span class='ocrx_word' id='word_1_339' title='bbox 412 1471 582 1500; x_wconf 76' lang='lat' dir='ltr'>exulceratis.</span> <span class='ocrx_word' id='word_1_340' title='bbox 608 1471 738 1499; x_wconf 90' lang='lat' dir='ltr'>Paulinus</span> <span class='ocrx_word' id='word_1_341' title='bbox 758 1480 822 1498; x_wconf 76' lang='lat' dir='ltr'>vero</span> 
     </span>
     <span class='ocr_line' id='line_1_53' title="bbox 78 1516 824 1560; baseline -0.007 -11"><span class='ocrx_word' id='word_1_342' title='bbox 78 1520 105 1549; x_wconf 93' lang='lat' dir='ltr'>in</span> <span class='ocrx_word' id='word_1_343' title='bbox 117 1520 273 1560; x_wconf 87' lang='lat' dir='ltr'>episcopum</span> <span class='ocrx_word' id='word_1_344' title='bbox 293 1518 413 1547; x_wconf 85' lang='lat' dir='ltr'>adlectus</span> <span class='ocrx_word' id='word_1_345' title='bbox 427 1517 618 1546; x_wconf 77' lang='lat' dir='ltr'>Alexandrinae</span> <span class='ocrx_word' id='word_1_346' title='bbox 631 1516 743 1556; x_wconf 82' lang='lat' dir='ltr'>Synodo</span> <span class='ocrx_word' id='word_1_347' title='bbox 757 1516 824 1545; x_wconf 89' lang='lat' dir='ltr'>sub-</span> 
     </span>
     <span class='ocr_line' id='line_1_54' title="bbox 78 1563 823 1606; baseline -0.007 -10"><span class='ocrx_word' id='word_1_348' title='bbox 78 1566 200 1606; x_wconf 81' lang='lat' dir='ltr'>scripsit,</span> <span class='ocrx_word' id='word_1_349' title='bbox 216 1566 244 1594; x_wconf 90' lang='lat' dir='ltr'>in</span> <span class='ocrx_word' id='word_1_350' title='bbox 264 1576 318 1604; x_wconf 91' lang='lat' dir='ltr'>qua</span> <span class='ocrx_word' id='word_1_351' title='bbox 340 1564 525 1604; x_wconf 87' lang='lat' dir='ltr'>Apollinarius</span> <span class='ocrx_word' id='word_1_352' title='bbox 537 1563 719 1597; x_wconf 79' lang='lat' dir='ltr'>Laodicenus,</span> <span class='ocrx_word' id='word_1_353' title='bbox 735 1563 782 1601; x_wconf 92' lang='lat' dir='ltr'>qui</span> <span class='ocrx_word' id='word_1_354' title='bbox 793 1573 823 1591; x_wconf 90' lang='lat' dir='ltr'>eo</span> 
     </span>
     <span class='ocr_line' id='line_1_55' title="bbox 78 1609 824 1649; baseline -0.007 -7"><span class='ocrx_word' id='word_1_355' title='bbox 78 1613 222 1642; x_wconf 89' lang='lat' dir='ltr'>monachos</span> <span class='ocrx_word' id='word_1_356' title='bbox 237 1618 354 1640; x_wconf 84' lang='lat' dir='ltr'>oratores</span> <span class='ocrx_word' id='word_1_357' title='bbox 369 1621 432 1639; x_wconf 91' lang='lat' dir='ltr'>suos</span> <span class='ocrx_word' id='word_1_358' title='bbox 446 1611 571 1646; x_wconf 87' lang='lat' dir='ltr'>miserat,</span> <span class='ocrx_word' id='word_1_359' title='bbox 587 1617 616 1638; x_wconf 90' lang='lat' dir='ltr'>ut</span> <span class='ocrx_word' id='word_1_360' title='bbox 631 1609 824 1649; x_wconf 84' lang='lat' dir='ltr'>professionem</span> 
     </span>
     <span class='ocr_line' id='line_1_56' title="bbox 79 1655 825 1692; baseline -0.008 -4"><span class='ocrx_word' id='word_1_361' title='bbox 79 1659 144 1688; x_wconf 84' lang='lat' dir='ltr'>fidei</span> <span class='ocrx_word' id='word_1_362' title='bbox 165 1669 219 1688; x_wconf 79' lang='lat' dir='ltr'>suae</span> <span class='ocrx_word' id='word_1_363' title='bbox 241 1658 269 1686; x_wconf 89' lang='lat' dir='ltr'>in</span> <span class='ocrx_word' id='word_1_364' title='bbox 290 1664 358 1686; x_wconf 81' lang='lat' dir='ltr'>coetu</span> <span class='ocrx_word' id='word_1_365' title='bbox 387 1658 498 1686; x_wconf 86' lang='lat' dir='ltr'>Patrum</span> <span class='ocrx_word' id='word_1_366' title='bbox 516 1655 627 1692; x_wconf 87' lang='lat' dir='ltr'>darent,</span> <span class='ocrx_word' id='word_1_367' title='bbox 641 1655 677 1683; x_wconf 87' lang='lat' dir='ltr'>ita</span> <span class='ocrx_word' id='word_1_368' title='bbox 693 1662 780 1683; x_wconf 86' lang='lat' dir='ltr'>tamen</span> <span class='ocrx_word' id='word_1_369' title='bbox 795 1661 825 1683; x_wconf 92' lang='lat' dir='ltr'>ut</span> 
     </span>
     <span class='ocr_line' id='line_1_57' title="bbox 80 1702 825 1738; baseline -0.007 -4"><span class='ocrx_word' id='word_1_370' title='bbox 80 1715 182 1734; x_wconf 84' lang='lat' dir='ltr'>errores</span> <span class='ocrx_word' id='word_1_371' title='bbox 195 1714 257 1733; x_wconf 90' lang='lat' dir='ltr'>suos</span> <span class='ocrx_word' id='word_1_372' title='bbox 268 1703 382 1732; x_wconf 87' lang='lat' dir='ltr'>subdole</span> <span class='ocrx_word' id='word_1_373' title='bbox 393 1703 532 1731; x_wconf 86' lang='lat' dir='ltr'>reticerent</span> <span class='ocrx_word' id='word_1_374' title='bbox 543 1724 550 1738; x_wconf 92' lang='lat'>‚</span> <span class='ocrx_word' id='word_1_375' title='bbox 567 1703 594 1730; x_wconf 89' lang='lat' dir='ltr'>in</span> <span class='ocrx_word' id='word_1_376' title='bbox 609 1702 825 1731; x_wconf 86' lang='lat' dir='ltr'>communionem</span> 
     </span>
     <span class='ocr_line' id='line_1_58' title="bbox 80 1748 824 1784; baseline -0.005 -4"><span class='ocrx_word' id='word_1_377' title='bbox 80 1750 241 1782; x_wconf 79' lang='lat' dir='ltr'>admittitur,</span> <span class='ocrx_word' id='word_1_378' title='bbox 255 1750 386 1778; x_wconf 85' lang='lat' dir='ltr'>Paulinus</span> <span class='ocrx_word' id='word_1_379' title='bbox 407 1756 494 1777; x_wconf 85' lang='lat' dir='ltr'>autem</span> <span class='ocrx_word' id='word_1_380' title='bbox 506 1759 575 1777; x_wconf 90' lang='grc'><strong>311110</strong></span> <span class='ocrx_word' id='word_1_381' title='bbox 595 1748 653 1777; x_wconf 70' lang='grc'>569.</span> <span class='ocrx_word' id='word_1_382' title='bbox 667 1748 806 1776; x_wconf 82' lang='lat' dir='ltr'>ordinatus</span> <span class='ocrx_word' id='word_1_383' title='bbox 817 1771 824 1784; x_wconf 92' lang='lat'><strong>‚</strong></span> 
     </span>
     <span class='ocr_line' id='line_1_59' title="bbox 81 1794 826 1834; baseline -0.007 -8"><span class='ocrx_word' id='word_1_384' title='bbox 81 1807 150 1826; x_wconf 85' lang='lat' dir='ltr'>anno</span> <span class='ocrx_word' id='word_1_385' title='bbox 165 1797 243 1834; x_wconf 80' lang='lat'>588,</span> <span class='ocrx_word' id='word_1_386' title='bbox 263 1796 394 1830; x_wconf 71' lang='lat' dir='ltr'>v01589,</span> <span class='ocrx_word' id='word_1_387' title='bbox 416 1795 497 1823; x_wconf 86' lang='lat' dir='ltr'>finem</span> <span class='ocrx_word' id='word_1_388' title='bbox 511 1794 620 1823; x_wconf 71' lang='lat' dir='ltr'>vivendi</span> <span class='ocrx_word' id='word_1_389' title='bbox 641 1794 714 1822; x_wconf 90' lang='lat' dir='ltr'>fecit.</span> <span class='ocrx_word' id='word_1_390' title='bbox 739 1795 826 1833; x_wconf 84' lang='lat' dir='ltr'>Apol-</span> 
     </span>
     <span class='ocr_line' id='line_1_60' title="bbox 82 1840 826 1880; baseline -0.005 -8"><span class='ocrx_word' id='word_1_391' title='bbox 82 1843 195 1871; x_wconf 86' lang='lat' dir='ltr'>linarius</span> <span class='ocrx_word' id='word_1_392' title='bbox 209 1852 288 1877; x_wconf 84' lang='lat' dir='ltr'>vero,</span> <span class='ocrx_word' id='word_1_393' title='bbox 304 1842 350 1879; x_wconf 86' lang='lat' dir='ltr'>qui</span> <span class='ocrx_word' id='word_1_394' title='bbox 371 1848 430 1880; x_wconf 87' lang='lat' dir='ltr'>post</span> <span class='ocrx_word' id='word_1_395' title='bbox 454 1840 596 1880; x_wconf 80' lang='lat' dir='ltr'>Synodum</span> <span class='ocrx_word' id='word_1_396' title='bbox 614 1840 826 1869; x_wconf 75' lang='lat' dir='ltr'>Alexandrinam</span> 
     </span>
     <span class='ocr_line' id='line_1_61' title="bbox 84 1886 827 1926; baseline -0.004 -9"><span class='ocrx_word' id='word_1_397' title='bbox 84 1899 186 1917; x_wconf 84' lang='lat' dir='ltr'>errores</span> <span class='ocrx_word' id='word_1_398' title='bbox 202 1898 264 1917; x_wconf 88' lang='lat' dir='ltr'>suos</span> <span class='ocrx_word' id='word_1_399' title='bbox 275 1887 417 1926; x_wconf 79' lang='lat' dir='ltr'>spargebat</span> <span class='ocrx_word' id='word_1_400' title='bbox 432 1894 461 1915; x_wconf 92' lang='lat' dir='ltr'>ut</span> <span class='ocrx_word' id='word_1_401' title='bbox 471 1894 549 1924; x_wconf 83' lang='lat' dir='ltr'>ante,</span> <span class='ocrx_word' id='word_1_402' title='bbox 560 1887 595 1916; x_wconf 77' lang='lat' dir='ltr'>ab</span> <span class='ocrx_word' id='word_1_403' title='bbox 611 1886 754 1915; x_wconf 78' lang='lat' dir='ltr'>Athanasio</span> <span class='ocrx_word' id='word_1_404' title='bbox 767 1897 827 1915; x_wconf 84' lang='lat' dir='ltr'>con-</span> 
     </span>
     <span class='ocr_line' id='line_1_62' title="bbox 86 1934 451 1965; baseline -0.008 -1"><span class='ocrx_word' id='word_1_405' title='bbox 86 1937 185 1965; x_wconf 85' lang='lat' dir='ltr'>futatus</span> <span class='ocrx_word' id='word_1_406' title='bbox 200 1936 249 1964; x_wconf 78' lang='lat' dir='ltr'>fuit</span> <span class='ocrx_word' id='word_1_407' title='bbox 264 1941 291 1962; x_wconf 92' lang='lat' dir='ltr'>ut</span> <span class='ocrx_word' id='word_1_408' title='bbox 302 1934 451 1962; x_wconf 78' lang='lat' dir='ltr'>haereticus.</span> 
     </span>
    </p>

    <p class='ocr_par' dir='ltr' id='par_1_13' title="bbox 86 1979 841 2666">
     <span class='ocr_line' id='line_1_63' title="bbox 127 1979 827 2020; baseline -0.003 -10"><span class='ocrx_word' id='word_1_409' title='bbox 127 1981 190 2010; x_wconf 63' lang='grc' dir='ltr'><strong>111Εο</strong></span> <span class='ocrx_word' id='word_1_410' title='bbox 206 1979 389 2020; x_wconf 75' lang='lat' dir='ltr'>praelnittenda</span> <span class='ocrx_word' id='word_1_411' title='bbox 408 1986 481 2007; x_wconf 88' lang='lat' dir='ltr'>erant</span> <span class='ocrx_word' id='word_1_412' title='bbox 495 2001 502 2014; x_wconf 86' lang='lat'>‚</span> <span class='ocrx_word' id='word_1_413' title='bbox 519 1986 547 2007; x_wconf 90' lang='lat' dir='ltr'>ut</span> <span class='ocrx_word' id='word_1_414' title='bbox 566 1979 751 2018; x_wconf 80' lang='lat' dir='ltr'>Chrysostomi</span> <span class='ocrx_word' id='word_1_415' title='bbox 767 1990 827 2008; x_wconf 92' lang='grc'><strong>500-</strong></span> 
     </span>
     <span class='ocr_line' id='line_1_64' title="bbox 87 2025 830 2068; baseline -0.004 -12"><span class='ocrx_word' id='word_1_416' title='bbox 87 2038 137 2068; x_wconf 88' lang='lat' dir='ltr'>pus</span> <span class='ocrx_word' id='word_1_417' title='bbox 155 2034 181 2056; x_wconf 89' lang='lat' dir='ltr'>et</span> <span class='ocrx_word' id='word_1_418' title='bbox 202 2027 274 2055; x_wconf 85' lang='lat' dir='ltr'>dicta</span> <span class='ocrx_word' id='word_1_419' title='bbox 293 2025 514 2064; x_wconf 77' lang='lat' dir='ltr'>intelligerentur.</span> <span class='ocrx_word' id='word_1_420' title='bbox 538 2025 675 2053; x_wconf 86' lang='lat' dir='ltr'>Meletiani</span> <span class='ocrx_word' id='word_1_421' title='bbox 696 2036 758 2064; x_wconf 75' lang='lat' dir='ltr'>ergo</span> <span class='ocrx_word' id='word_1_422' title='bbox 778 2026 830 2054; x_wconf 83' lang='lat' dir='ltr'>Ca-</span> 
     </span>
     <span class='ocr_line' id='line_1_65' title="bbox 86 2070 830 2111; baseline -0.007 -7"><span class='ocrx_word' id='word_1_423' title='bbox 86 2074 197 2110; x_wconf 83' lang='lat' dir='ltr'>tholici,</span> <span class='ocrx_word' id='word_1_424' title='bbox 218 2073 251 2101; x_wconf 89' lang='lat' dir='ltr'>de</span> <span class='ocrx_word' id='word_1_425' title='bbox 272 2073 354 2111; x_wconf 75' lang='lat' dir='ltr'>vulgo</span> <span class='ocrx_word' id='word_1_426' title='bbox 377 2072 486 2109; x_wconf 82' lang='lat' dir='ltr'>loquor,</span> <span class='ocrx_word' id='word_1_427' title='bbox 510 2070 695 2099; x_wconf 80' lang='lat' dir='ltr'>Eustatliianis</span> <span class='ocrx_word' id='word_1_428' title='bbox 714 2071 830 2107; x_wconf 84' lang='lat' dir='ltr'>infensi,</span> 
     </span>
     <span class='ocr_line' id='line_1_66' title="bbox 87 2116 828 2157; baseline -0.005 -8"><span class='ocrx_word' id='word_1_429' title='bbox 87 2120 152 2149; x_wconf 86' lang='grc'><strong>111110</strong></span> <span class='ocrx_word' id='word_1_430' title='bbox 163 2119 306 2148; x_wconf 82' lang='lat' dir='ltr'>maledicta</span> <span class='ocrx_word' id='word_1_431' title='bbox 324 2116 475 2157; x_wconf 84' lang='lat' dir='ltr'>proferendi</span> <span class='ocrx_word' id='word_1_432' title='bbox 488 2116 653 2145; x_wconf 84' lang='lat' dir='ltr'>occasionem</span> <span class='ocrx_word' id='word_1_433' title='bbox 669 2118 828 2156; x_wconf 81' lang='lat' dir='ltr'>captabant,</span> 
     </span>
     <span class='ocr_line' id='line_1_67' title="bbox 89 2163 831 2205; baseline -0.003 -10"><span class='ocrx_word' id='word_1_434' title='bbox 89 2166 162 2205; x_wconf 85' lang='lat' dir='ltr'>quod</span> <span class='ocrx_word' id='word_1_435' title='bbox 185 2166 315 2194; x_wconf 88' lang='lat' dir='ltr'>Paulinus</span> <span class='ocrx_word' id='word_1_436' title='bbox 329 2164 418 2193; x_wconf 73' lang='lat' dir='ltr'>cidem</span> <span class='ocrx_word' id='word_1_437' title='bbox 434 2163 621 2192; x_wconf 58' lang='lat' dir='ltr'>Alexandrinae</span> <span class='ocrx_word' id='word_1_438' title='bbox 636 2164 747 2202; x_wconf 71' lang='lat' dir='ltr'>Synodo</span> <span class='ocrx_word' id='word_1_439' title='bbox 762 2165 831 2193; x_wconf 89' lang='lat' dir='ltr'>sub-</span> 
     </span>
     <span class='ocr_line' id='line_1_68' title="bbox 91 2210 831 2252; baseline -0.004 -11"><span class='ocrx_word' id='word_1_440' title='bbox 91 2213 252 2252; x_wconf 86' lang='lat' dir='ltr'>scripsisset,</span> <span class='ocrx_word' id='word_1_441' title='bbox 269 2212 312 2240; x_wconf 90' lang='lat' dir='ltr'>cui</span> <span class='ocrx_word' id='word_1_442' title='bbox 327 2211 519 2250; x_wconf 81' lang='lat' dir='ltr'>subscripserat</span> <span class='ocrx_word' id='word_1_443' title='bbox 545 2210 626 2239; x_wconf 84' lang='lat' dir='ltr'>ctiam</span> <span class='ocrx_word' id='word_1_444' title='bbox 648 2210 831 2249; x_wconf 78' lang='lat' dir='ltr'>Apollinarius</span> 
     </span>
     <span class='ocr_line' id='line_1_69' title="bbox 92 2256 831 2296; baseline -0.004 -9"><span class='ocrx_word' id='word_1_445' title='bbox 92 2258 285 2295; x_wconf 73' lang='lat' dir='ltr'>haeresiarcha,</span> <span class='ocrx_word' id='word_1_446' title='bbox 299 2257 411 2296; x_wconf 82' lang='lat' dir='ltr'>ideoque</span> <span class='ocrx_word' id='word_1_447' title='bbox 435 2256 632 2295; x_wconf 74' lang='lat' dir='ltr'>Apollinarium</span> <span class='ocrx_word' id='word_1_448' title='bbox 651 2256 758 2284; x_wconf 87' lang='lat' dir='ltr'>Paulini</span> <span class='ocrx_word' id='word_1_449' title='bbox 770 2267 831 2284; x_wconf 87' lang='grc'><strong>1113-</strong></span> 
     </span>
     <span class='ocr_line' id='line_1_70' title="bbox 93 2302 832 2344; baseline -0.003 -12"><span class='ocrx_word' id='word_1_450' title='bbox 93 2305 207 2344; x_wconf 85' lang='lat' dir='ltr'>gistrum</span> <span class='ocrx_word' id='word_1_451' title='bbox 217 2303 387 2332; x_wconf 80' lang='lat' dir='ltr'>dictitabant.</span> <span class='ocrx_word' id='word_1_452' title='bbox 405 2302 614 2342; x_wconf 72' lang='lat' dir='ltr'>Chrysostomus</span> <span class='ocrx_word' id='word_1_453' title='bbox 626 2313 688 2331; x_wconf 71' lang='lat' dir='ltr'>vero</span> <span class='ocrx_word' id='word_1_454' title='bbox 703 2303 749 2340; x_wconf 88' lang='lat' dir='ltr'>qui</span> <span class='ocrx_word' id='word_1_455' title='bbox 763 2313 832 2341; x_wconf 64' lang='lat' dir='ltr'>aegre</span> 
     </span>
     <span class='ocr_line' id='line_1_71' title="bbox 92 2348 832 2379; baseline -0.004 0"><span class='ocrx_word' id='word_1_456' title='bbox 92 2349 239 2379; x_wconf 78' lang='lat' dir='ltr'>admodum</span> <span class='ocrx_word' id='word_1_457' title='bbox 269 2349 377 2377; x_wconf 74' lang='lat' dir='ltr'>videbat</span> <span class='ocrx_word' id='word_1_458' title='bbox 400 2348 550 2377; x_wconf 82' lang='lat' dir='ltr'>Ecclesiam</span> <span class='ocrx_word' id='word_1_459' title='bbox 578 2349 769 2376; x_wconf 85' lang='lat' dir='ltr'>Antiochenam</span> <span class='ocrx_word' id='word_1_460' title='bbox 796 2349 832 2376; x_wconf 86' lang='lat' dir='ltr'>ita</span> 
     </span>
     <span class='ocr_line' id='line_1_72' title="bbox 93 2394 833 2430; baseline -0.003 -6"><span class='ocrx_word' id='word_1_461' title='bbox 93 2395 248 2430; x_wconf 87' lang='lat' dir='ltr'>discissam,</span> <span class='ocrx_word' id='word_1_462' title='bbox 260 2401 290 2423; x_wconf 82' lang='lat' dir='ltr'>ut</span> <span class='ocrx_word' id='word_1_463' title='bbox 301 2394 433 2423; x_wconf 86' lang='lat' dir='ltr'>Catholici</span> <span class='ocrx_word' id='word_1_464' title='bbox 442 2394 469 2422; x_wconf 92' lang='lat' dir='ltr'>in</span> <span class='ocrx_word' id='word_1_465' title='bbox 481 2394 632 2423; x_wconf 87' lang='lat' dir='ltr'>Catholicos</span> <span class='ocrx_word' id='word_1_466' title='bbox 644 2401 698 2422; x_wconf 89' lang='lat' dir='ltr'>tam</span> <span class='ocrx_word' id='word_1_467' title='bbox 709 2395 833 2422; x_wconf 84' lang='lat' dir='ltr'>atrociter</span> 
     </span>
     <span class='ocr_line' id='line_1_73' title="bbox 95 2440 834 2480; baseline -0.003 -10"><span class='ocrx_word' id='word_1_468' title='bbox 95 2442 262 2480; x_wconf 80' lang='lat' dir='ltr'>insurgerent</span> <span class='ocrx_word' id='word_1_469' title='bbox 275 2462 283 2475; x_wconf 91' lang='lat'>,</span> <span class='ocrx_word' id='word_1_470' title='bbox 307 2440 444 2468; x_wconf 86' lang='lat' dir='ltr'>auditores</span> <span class='ocrx_word' id='word_1_471' title='bbox 471 2450 532 2468; x_wconf 89' lang='lat' dir='ltr'>suos</span> <span class='ocrx_word' id='word_1_472' title='bbox 556 2440 619 2468; x_wconf 89' lang='lat' dir='ltr'>talia</span> <span class='ocrx_word' id='word_1_473' title='bbox 642 2451 719 2468; x_wconf 88' lang='lat' dir='ltr'>ausos</span> <span class='ocrx_word' id='word_1_474' title='bbox 743 2450 834 2479; x_wconf 83' lang='lat' dir='ltr'>aspere</span> 
     </span>
     <span class='ocr_line' id='line_1_74' title="bbox 96 2485 836 2527; baseline -0.004 -10"><span class='ocrx_word' id='word_1_475' title='bbox 96 2487 197 2527; x_wconf 78' lang='lat' dir='ltr'>excipit</span> <span class='ocrx_word' id='word_1_476' title='bbox 214 2498 220 2514; x_wconf 91' lang='lat'>:</span> <span class='ocrx_word' id='word_1_477' title='bbox 241 2499 254 2513; x_wconf 85' lang='grc'>11</span> <span class='ocrx_word' id='word_1_478' title='bbox 274 2485 328 2515; x_wconf 89' lang='lat' dir='ltr'>Sed</span> <span class='ocrx_word' id='word_1_479' title='bbox 349 2485 416 2524; x_wconf 90' lang='lat' dir='ltr'>quid</span> <span class='ocrx_word' id='word_1_480' title='bbox 433 2485 527 2514; x_wconf 87' lang='lat' dir='ltr'>dicunt</span> <span class='ocrx_word' id='word_1_481' title='bbox 543 2486 604 2522; x_wconf 86' lang='lat' dir='ltr'>illi,</span> <span class='ocrx_word' id='word_1_482' title='bbox 620 2498 633 2512; x_wconf 84' lang='lat'>»</span> <span class='ocrx_word' id='word_1_483' title='bbox 651 2486 756 2524; x_wconf 87' lang='lat' dir='ltr'>inquit,</span> <span class='ocrx_word' id='word_1_484' title='bbox 774 2486 836 2514; x_wconf 79' lang='grc'><strong>11311</strong></span> 
     </span>
     <span class='ocr_line' id='line_1_75' title="bbox 97 2531 834 2569; baseline -0.004 -6"><span class='ocrx_word' id='word_1_485' title='bbox 97 2544 203 2563; x_wconf 89' lang='grc'><strong>0111110111</strong></span> <span class='ocrx_word' id='word_1_486' title='bbox 231 2532 362 2561; x_wconf 84' lang='grc'><strong>111311113111</strong></span> <span class='ocrx_word' id='word_1_487' title='bbox 393 2531 526 2560; x_wconf 77' lang='lat' dir='ltr'>audaces?</span> <span class='ocrx_word' id='word_1_488' title='bbox 549 2531 696 2560; x_wconf 80' lang='lat' dir='ltr'>Haereticus</span> <span class='ocrx_word' id='word_1_489' title='bbox 710 2554 718 2569; x_wconf 82' lang='lat'>‚</span> <span class='ocrx_word' id='word_1_490' title='bbox 741 2533 834 2565; x_wconf 90' lang='lat' dir='ltr'>aiunt,</span> 
     </span>
     <span class='ocr_line' id='line_1_76' title="bbox 99 2577 838 2615; baseline -0.001 -7"><span class='ocrx_word' id='word_1_491' title='bbox 99 2580 144 2609; x_wconf 89' lang='lat' dir='ltr'>ille</span> <span class='ocrx_word' id='word_1_492' title='bbox 159 2580 244 2608; x_wconf 83' lang='lat' dir='ltr'>sactus</span> <span class='ocrx_word' id='word_1_493' title='bbox 257 2585 312 2613; x_wconf 86' lang='lat' dir='ltr'>est,</span> <span class='ocrx_word' id='word_1_494' title='bbox 333 2577 526 2606; x_wconf 82' lang='lat' dir='ltr'>inhabitantem</span> <span class='ocrx_word' id='word_1_495' title='bbox 544 2577 623 2606; x_wconf 87' lang='lat' dir='ltr'>habet</span> <span class='ocrx_word' id='word_1_496' title='bbox 640 2578 777 2608; x_wconf 88' lang='lat' dir='ltr'>diabolum</span> <span class='ocrx_word' id='word_1_497' title='bbox 789 2601 796 2615; x_wconf 87' lang='lat'>,</span> <span class='ocrx_word' id='word_1_498' title='bbox 813 2587 838 2607; x_wconf 90' lang='lat' dir='ltr'>et</span> 
     </span>
     <span class='ocr_line' id='line_1_77' title="bbox 100 2624 841 2666; baseline 0 -12"><span class='ocrx_word' id='word_1_499' title='bbox 100 2625 220 2666; x_wconf 89' lang='lat' dir='ltr'>loquitur</span> <span class='ocrx_word' id='word_1_500' title='bbox 233 2632 323 2655; x_wconf 80' lang='lat' dir='ltr'>contra</span> <span class='ocrx_word' id='word_1_501' title='bbox 335 2625 423 2654; x_wconf 89' lang='lat' dir='ltr'>Deum</span> <span class='ocrx_word' id='word_1_502' title='bbox 436 2624 598 2663; x_wconf 72' lang='lat' dir='ltr'>nequitiam,</span> <span class='ocrx_word' id='word_1_503' title='bbox 612 2625 762 2663; x_wconf 87' lang='lat' dir='ltr'>multosque</span> <span class='ocrx_word' id='word_1_504' title='bbox 776 2636 841 2654; x_wconf 86' lang='lat' dir='ltr'>sua-</span> 
     </span>
    </p>
   </div>
   <div class='ocr_carea' id='block_1_11' title="bbox 876 1193 1627 2431">
    <p class='ocr_par' dir='ltr' id='par_1_14' title="bbox 876 1193 1627 2431">
     <span class='ocr_line' id='line_1_78' title="bbox 876 1193 1616 1236; baseline 0.009 -16"><span class='ocrx_word' id='word_1_505' title='bbox 876 1193 947 1221; x_wconf 88' lang='lat' dir='ltr'>enim</span> <span class='ocrx_word' id='word_1_506' title='bbox 962 1195 1090 1222; x_wconf 79' lang='lat' dir='ltr'>nondum</span> <span class='ocrx_word' id='word_1_507' title='bbox 1102 1194 1229 1223; x_wconf 81' lang='lat' dir='ltr'>decimus</span> <span class='ocrx_word' id='word_1_508' title='bbox 1243 1206 1341 1224; x_wconf 80' lang='lat' dir='ltr'>annus</span> <span class='ocrx_word' id='word_1_509' title='bbox 1352 1204 1439 1232; x_wconf 79' lang='lat' dir='ltr'>esset,</span> <span class='ocrx_word' id='word_1_510' title='bbox 1456 1197 1541 1236; x_wconf 77' lang='lat' dir='ltr'>inquit</span> <span class='ocrx_word' id='word_1_511' title='bbox 1555 1199 1600 1227; x_wconf 91' lang='lat' dir='ltr'>ille</span> <span class='ocrx_word' id='word_1_512' title='bbox 1610 1221 1616 1232; x_wconf 88' lang='lat'><em>‚</em></span> 
     </span>
     <span class='ocr_line' id='line_1_79' title="bbox 876 1241 1618 1278; baseline 0.011 -12"><span class='ocrx_word' id='word_1_513' title='bbox 876 1250 913 1267; x_wconf 70' lang='lat' dir='ltr'>ea:</span> <span class='ocrx_word' id='word_1_514' title='bbox 924 1250 981 1278; x_wconf 79' lang='lat' dir='ltr'>quo</span> <span class='ocrx_word' id='word_1_515' title='bbox 996 1241 1057 1268; x_wconf 78' lang='lat' dir='ltr'>dies</span> <span class='ocrx_word' id='word_1_516' title='bbox 1067 1241 1120 1268; x_wconf 84' lang='lat' dir='ltr'>ille</span> <span class='ocrx_word' id='word_1_517' title='bbox 1130 1241 1302 1270; x_wconf 84' lang='lat' dir='ltr'>Antioebcnis</span> <span class='ocrx_word' id='word_1_518' title='bbox 1314 1245 1479 1273; x_wconf 75' lang='lat' dir='ltr'>innotuerat</span> <span class='ocrx_word' id='word_1_519' title='bbox 1493 1245 1527 1272; x_wconf 91' lang='lat' dir='ltr'>ab</span> <span class='ocrx_word' id='word_1_520' title='bbox 1540 1245 1618 1273; x_wconf 83' lang='lat' dir='ltr'>Occi·</span> 
     </span>
     <span class='ocr_line' id='line_1_80' title="bbox 876 1285 1619 1326; baseline 0.009 -14"><span class='ocrx_word' id='word_1_521' title='bbox 876 1285 970 1321; x_wconf 88' lang='lat' dir='ltr'>dente,</span> <span class='ocrx_word' id='word_1_522' title='bbox 989 1285 1036 1313; x_wconf 90' lang='lat' dir='ltr'>ubi</span> <span class='ocrx_word' id='word_1_523' title='bbox 1053 1286 1087 1314; x_wconf 84' lang='lat' dir='ltr'>ab</span> <span class='ocrx_word' id='word_1_524' title='bbox 1106 1286 1218 1315; x_wconf 80' lang='lat' dir='ltr'>exordio</span> <span class='ocrx_word' id='word_1_525' title='bbox 1238 1287 1285 1316; x_wconf 88' lang='lat' dir='ltr'>illa</span> <span class='ocrx_word' id='word_1_526' title='bbox 1300 1288 1343 1316; x_wconf 88' lang='lat' dir='ltr'>die</span> <span class='ocrx_word' id='word_1_527' title='bbox 1357 1289 1504 1318; x_wconf 85' lang='lat' dir='ltr'>celebratus</span> <span class='ocrx_word' id='word_1_528' title='bbox 1518 1291 1602 1319; x_wconf 81' lang='lat' dir='ltr'>suerat</span> <span class='ocrx_word' id='word_1_529' title='bbox 1612 1314 1619 1326; x_wconf 95' lang='lat'>,</span> 
     </span>
     <span class='ocr_line' id='line_1_81' title="bbox 878 1331 1620 1375; baseline 0.009 -17"><span class='ocrx_word' id='word_1_530' title='bbox 878 1331 1051 1359; x_wconf 82' lang='lat' dir='ltr'>Antiochiam</span> <span class='ocrx_word' id='word_1_531' title='bbox 1074 1331 1190 1370; x_wconf 74' lang='lat' dir='ltr'>delatus,</span> <span class='ocrx_word' id='word_1_532' title='bbox 1217 1333 1294 1362; x_wconf 90' lang='lat' dir='ltr'>multi</span> <span class='ocrx_word' id='word_1_533' title='bbox 1315 1334 1386 1362; x_wconf 86' lang='lat' dir='ltr'>diem</span> <span class='ocrx_word' id='word_1_534' title='bbox 1408 1336 1504 1364; x_wconf 82' lang='lat' dir='ltr'>festum</span> <span class='ocrx_word' id='word_1_535' title='bbox 1524 1336 1620 1375; x_wconf 84' lang='lat' dir='ltr'>hujus—</span> 
     </span>
     <span class='ocr_line' id='line_1_82' title="bbox 878 1376 1620 1415; baseline 0.009 -11"><span class='ocrx_word' id='word_1_536' title='bbox 878 1376 969 1411; x_wconf 84' lang='lat' dir='ltr'>modi,</span> <span class='ocrx_word' id='word_1_537' title='bbox 994 1377 1071 1415; x_wconf 84' lang='lat' dir='ltr'>quasi</span> <span class='ocrx_word' id='word_1_538' title='bbox 1094 1388 1195 1407; x_wconf 86' lang='lat' dir='ltr'>novum</span> <span class='ocrx_word' id='word_1_539' title='bbox 1216 1389 1247 1407; x_wconf 83' lang='lat' dir='ltr'>ac</span> <span class='ocrx_word' id='word_1_540' title='bbox 1265 1387 1382 1408; x_wconf 84' lang='lat' dir='ltr'>recenter</span> <span class='ocrx_word' id='word_1_541' title='bbox 1406 1381 1547 1410; x_wconf 88' lang='lat' dir='ltr'>inductum</span> <span class='ocrx_word' id='word_1_542' title='bbox 1572 1382 1620 1411; x_wconf 88' lang='lat' dir='ltr'>de-</span> 
     </span>
     <span class='ocr_line' id='line_1_83' title="bbox 878 1422 1620 1463; baseline 0.009 -13"><span class='ocrx_word' id='word_1_543' title='bbox 878 1422 1042 1460; x_wconf 83' lang='lat' dir='ltr'>trectabant;</span> <span class='ocrx_word' id='word_1_544' title='bbox 1065 1423 1112 1452; x_wconf 88' lang='lat' dir='ltr'>alii</span> <span class='ocrx_word' id='word_1_545' title='bbox 1135 1431 1223 1453; x_wconf 85' lang='lat' dir='ltr'>tamen</span> <span class='ocrx_word' id='word_1_546' title='bbox 1249 1435 1345 1463; x_wconf 79' lang='lat' dir='ltr'>magno</span> <span class='ocrx_word' id='word_1_547' title='bbox 1368 1436 1479 1455; x_wconf 88' lang='lat' dir='ltr'>numero</span> <span class='ocrx_word' id='word_1_548' title='bbox 1508 1428 1620 1457; x_wconf 86' lang='lat' dir='ltr'>libenter</span> 
     </span>
     <span class='ocr_line' id='line_1_84' title="bbox 879 1468 1621 1514; baseline 0.008 -17"><span class='ocrx_word' id='word_1_549' title='bbox 879 1468 1058 1498; x_wconf 86' lang='lat' dir='ltr'>admittebant</span> <span class='ocrx_word' id='word_1_550' title='bbox 1082 1482 1088 1498; x_wconf 89' lang='lat'>:</span> <span class='ocrx_word' id='word_1_551' title='bbox 1109 1481 1192 1508; x_wconf 86' lang='lat' dir='ltr'>quam</span> <span class='ocrx_word' id='word_1_552' title='bbox 1223 1470 1444 1511; x_wconf 85' lang='lat' dir='ltr'>disceptationem</span> <span class='ocrx_word' id='word_1_553' title='bbox 1467 1480 1497 1502; x_wconf 87' lang='lat' dir='ltr'>ut</span> <span class='ocrx_word' id='word_1_554' title='bbox 1522 1475 1621 1514; x_wconf 83' lang='lat' dir='ltr'>sopiret</span> 
     </span>
     <span class='ocr_line' id='line_1_85' title="bbox 879 1515 1621 1561; baseline 0.011 -18"><span class='ocrx_word' id='word_1_555' title='bbox 879 1515 1091 1555; x_wconf 86' lang='lat' dir='ltr'>Chrysostomus</span> <span class='ocrx_word' id='word_1_556' title='bbox 1100 1539 1107 1553; x_wconf 81' lang='lat'>,</span> <span class='ocrx_word' id='word_1_557' title='bbox 1118 1517 1165 1545; x_wconf 88' lang='lat' dir='ltr'>ubi</span> <span class='ocrx_word' id='word_1_558' title='bbox 1179 1517 1310 1556; x_wconf 83' lang='lat' dir='ltr'>primum,</span> <span class='ocrx_word' id='word_1_559' title='bbox 1327 1526 1469 1557; x_wconf 86' lang='lat' dir='ltr'>postquam</span> <span class='ocrx_word' id='word_1_560' title='bbox 1482 1522 1621 1561; x_wconf 82' lang='lat' dir='ltr'>presbyter</span> 
     </span>
     <span class='ocr_line' id='line_1_86' title="bbox 879 1562 1622 1603; baseline 0.009 -14"><span class='ocrx_word' id='word_1_561' title='bbox 879 1562 1021 1590; x_wconf 83' lang='lat' dir='ltr'>ordluatus</span> <span class='ocrx_word' id='word_1_562' title='bbox 1043 1563 1149 1600; x_wconf 80' lang='lat' dir='ltr'>fuerat,</span> <span class='ocrx_word' id='word_1_563' title='bbox 1172 1564 1289 1592; x_wconf 89' lang='lat' dir='ltr'>occurrit</span> <span class='ocrx_word' id='word_1_564' title='bbox 1306 1564 1354 1593; x_wconf 83' lang='lat' dir='ltr'>illa</span> <span class='ocrx_word' id='word_1_565' title='bbox 1378 1565 1535 1603; x_wconf 88' lang='lat' dir='ltr'>celebritas,</span> <span class='ocrx_word' id='word_1_566' title='bbox 1553 1567 1622 1596; x_wconf 82' lang='lat' dir='ltr'>lianc</span> 
     </span>
     <span class='ocr_line' id='line_1_87' title="bbox 878 1607 1623 1646; baseline 0.009 -11"><span class='ocrx_word' id='word_1_567' title='bbox 878 1607 1020 1636; x_wconf 87' lang='lat' dir='ltr'>homiliam</span> <span class='ocrx_word' id='word_1_568' title='bbox 1042 1608 1152 1643; x_wconf 87' lang='lat' dir='ltr'>habuit,</span> <span class='ocrx_word' id='word_1_569' title='bbox 1172 1616 1202 1638; x_wconf 84' lang='lat' dir='ltr'>ut</span> <span class='ocrx_word' id='word_1_570' title='bbox 1216 1610 1354 1638; x_wconf 86' lang='lat' dir='ltr'>subortam</span> <span class='ocrx_word' id='word_1_571' title='bbox 1369 1611 1444 1640; x_wconf 89' lang='lat' dir='ltr'>litem</span> <span class='ocrx_word' id='word_1_572' title='bbox 1461 1613 1582 1646; x_wconf 80' lang='lat' dir='ltr'>tolleret,</span> <span class='ocrx_word' id='word_1_573' title='bbox 1598 1621 1623 1642; x_wconf 89' lang='lat' dir='ltr'>et</span> 
     </span>
     <span class='ocr_line' id='line_1_88' title="bbox 880 1653 1622 1696; baseline 0.008 -14"><span class='ocrx_word' id='word_1_574' title='bbox 880 1653 953 1683; x_wconf 85' lang='lat' dir='ltr'>diem</span> <span class='ocrx_word' id='word_1_575' title='bbox 964 1655 1086 1683; x_wconf 87' lang='lat' dir='ltr'>Natalem</span> <span class='ocrx_word' id='word_1_576' title='bbox 1101 1655 1202 1684; x_wconf 88' lang='lat' dir='ltr'>Christi</span> <span class='ocrx_word' id='word_1_577' title='bbox 1218 1656 1245 1684; x_wconf 91' lang='lat' dir='ltr'>in</span> <span class='ocrx_word' id='word_1_578' title='bbox 1260 1656 1417 1695; x_wconf 82' lang='lat' dir='ltr'>vigesimam</span> <span class='ocrx_word' id='word_1_579' title='bbox 1431 1658 1551 1696; x_wconf 86' lang='lat' dir='ltr'>quintam</span> <span class='ocrx_word' id='word_1_580' title='bbox 1567 1660 1622 1688; x_wconf 84' lang='lat' dir='ltr'>De-</span> 
     </span>
     <span class='ocr_line' id='line_1_89' title="bbox 880 1701 1623 1743; baseline 0.008 -14"><span class='ocrx_word' id='word_1_581' title='bbox 880 1701 994 1729; x_wconf 83' lang='lat' dir='ltr'>cembris</span> <span class='ocrx_word' id='word_1_582' title='bbox 1009 1701 1126 1729; x_wconf 86' lang='lat' dir='ltr'>incidere</span> <span class='ocrx_word' id='word_1_583' title='bbox 1137 1701 1229 1730; x_wconf 88' lang='lat' dir='ltr'>multis</span> <span class='ocrx_word' id='word_1_584' title='bbox 1241 1704 1404 1741; x_wconf 85' lang='lat' dir='ltr'>argumentis</span> <span class='ocrx_word' id='word_1_585' title='bbox 1417 1705 1549 1743; x_wconf 86' lang='lat' dir='ltr'>probaret.</span> <span class='ocrx_word' id='word_1_586' title='bbox 1564 1707 1623 1735; x_wconf 90' lang='lat' dir='ltr'>Pri-</span> 
     </span>
     <span class='ocr_line' id='line_1_90' title="bbox 880 1747 1621 1791; baseline 0.007 -16"><span class='ocrx_word' id='word_1_587' title='bbox 880 1758 923 1776; x_wconf 92' lang='lat' dir='ltr'>mo</span> <span class='ocrx_word' id='word_1_588' title='bbox 939 1748 976 1775; x_wconf 88' lang='lat' dir='ltr'>ait</span> <span class='ocrx_word' id='word_1_589' title='bbox 991 1747 1059 1776; x_wconf 82' lang='lat' dir='ltr'>hanc</span> <span class='ocrx_word' id='word_1_590' title='bbox 1071 1758 1162 1777; x_wconf 79' lang='lat' dir='ltr'>veram</span> <span class='ocrx_word' id='word_1_591' title='bbox 1175 1759 1230 1776; x_wconf 90' lang='lat' dir='ltr'>esse</span> <span class='ocrx_word' id='word_1_592' title='bbox 1244 1750 1401 1778; x_wconf 86' lang='lat' dir='ltr'>sententiam</span> <span class='ocrx_word' id='word_1_593' title='bbox 1416 1751 1459 1779; x_wconf 75' lang='grc' dir='ltr'>1·οΙ</span> <span class='ocrx_word' id='word_1_594' title='bbox 1479 1751 1542 1780; x_wconf 87' lang='lat' dir='ltr'>inde</span> <span class='ocrx_word' id='word_1_595' title='bbox 1558 1763 1621 1791; x_wconf 88' lang='lat' dir='ltr'>pro-</span> 
     </span>
     <span class='ocr_line' id='line_1_91' title="bbox 879 1793 1621 1834; baseline 0.007 -13"><span class='ocrx_word' id='word_1_596' title='bbox 879 1793 1007 1821; x_wconf 84' lang='lat' dir='ltr'>babiliter</span> <span class='ocrx_word' id='word_1_597' title='bbox 1025 1794 1117 1832; x_wconf 79' lang='lat' dir='ltr'>argui,</span> <span class='ocrx_word' id='word_1_598' title='bbox 1137 1794 1207 1832; x_wconf 87' lang='lat' dir='ltr'>quod</span> <span class='ocrx_word' id='word_1_599' title='bbox 1230 1806 1428 1833; x_wconf 66' lang='lat' dir='ltr'>quaquaversus</span> <span class='ocrx_word' id='word_1_600' title='bbox 1447 1797 1601 1826; x_wconf 80' lang='lat' dir='ltr'>denuntiata</span> <span class='ocrx_word' id='word_1_601' title='bbox 1614 1822 1621 1834; x_wconf 96' lang='lat'>,</span> 
     </span>
     <span class='ocr_line' id='line_1_92' title="bbox 881 1839 1619 1881; baseline 0.007 -15"><span class='ocrx_word' id='word_1_602' title='bbox 881 1849 942 1867; x_wconf 91' lang='lat' dir='ltr'>cum</span> <span class='ocrx_word' id='word_1_603' title='bbox 956 1846 1028 1867; x_wconf 81' lang='lat' dir='ltr'>tauta</span> <span class='ocrx_word' id='word_1_604' title='bbox 1048 1839 1182 1868; x_wconf 86' lang='lat' dir='ltr'>celeritate</span> <span class='ocrx_word' id='word_1_605' title='bbox 1199 1840 1233 1868; x_wconf 87' lang='lat' dir='ltr'>ab</span> <span class='ocrx_word' id='word_1_606' title='bbox 1251 1841 1375 1869; x_wconf 81' lang='lat' dir='ltr'>omnibus</span> <span class='ocrx_word' id='word_1_607' title='bbox 1395 1850 1515 1881; x_wconf 82' lang='lat' dir='ltr'>suscepta</span> <span class='ocrx_word' id='word_1_608' title='bbox 1530 1844 1619 1871; x_wconf 88' lang='lat' dir='ltr'>fuerit.</span> 
     </span>
     <span class='ocr_line' id='line_1_93' title="bbox 882 1884 1622 1925; baseline 0.007 -12"><span class='ocrx_word' id='word_1_609' title='bbox 882 1885 985 1914; x_wconf 86' lang='lat' dir='ltr'>Deinde</span> <span class='ocrx_word' id='word_1_610' title='bbox 999 1885 1037 1913; x_wconf 89' lang='lat' dir='ltr'>ait</span> <span class='ocrx_word' id='word_1_611' title='bbox 1048 1885 1093 1913; x_wconf 90' lang='lat' dir='ltr'>illa</span> <span class='ocrx_word' id='word_1_612' title='bbox 1105 1884 1149 1913; x_wconf 87' lang='lat' dir='ltr'>die</span> <span class='ocrx_word' id='word_1_613' title='bbox 1160 1885 1194 1913; x_wconf 89' lang='lat' dir='ltr'>ab</span> <span class='ocrx_word' id='word_1_614' title='bbox 1209 1886 1321 1914; x_wconf 80' lang='lat' dir='ltr'>exordio</span> <span class='ocrx_word' id='word_1_615' title='bbox 1335 1897 1382 1925; x_wconf 85' lang='lat' dir='ltr'>per</span> <span class='ocrx_word' id='word_1_616' title='bbox 1393 1894 1477 1916; x_wconf 88' lang='lat' dir='ltr'>totum</span> <span class='ocrx_word' id='word_1_617' title='bbox 1491 1889 1622 1918; x_wconf 83' lang='lat' dir='ltr'>Occiden-</span> 
     </span>
     <span class='ocr_line' id='line_1_94' title="bbox 882 1931 1623 1973; baseline 0.005 -13"><span class='ocrx_word' id='word_1_618' title='bbox 882 1939 935 1960; x_wconf 85' lang='lat' dir='ltr'>tem</span> <span class='ocrx_word' id='word_1_619' title='bbox 948 1931 1110 1959; x_wconf 82' lang='lat' dir='ltr'>celebratum</span> <span class='ocrx_word' id='word_1_620' title='bbox 1126 1931 1206 1959; x_wconf 69' lang='lat' dir='ltr'>fuisse</span> <span class='ocrx_word' id='word_1_621' title='bbox 1219 1932 1318 1960; x_wconf 86' lang='lat' dir='ltr'>Christi</span> <span class='ocrx_word' id='word_1_622' title='bbox 1331 1939 1420 1961; x_wconf 88' lang='lat' dir='ltr'>ortum</span> <span class='ocrx_word' id='word_1_623' title='bbox 1429 1956 1438 1967; x_wconf 88' lang='lat'>,</span> <span class='ocrx_word' id='word_1_624' title='bbox 1453 1934 1623 1973; x_wconf 70' lang='lat' dir='ltr'>maximeque</span> 
     </span>
     <span class='ocr_line' id='line_1_95' title="bbox 882 1977 1623 2020; baseline 0.005 -14"><span class='ocrx_word' id='word_1_625' title='bbox 882 1979 983 2007; x_wconf 75' lang='lat' dir='ltr'>Romae.</span> <span class='ocrx_word' id='word_1_626' title='bbox 998 1977 1066 2006; x_wconf 88' lang='lat' dir='ltr'>Cum</span> <span class='ocrx_word' id='word_1_627' title='bbox 1083 1984 1171 2005; x_wconf 88' lang='lat' dir='ltr'>autem</span> <span class='ocrx_word' id='word_1_628' title='bbox 1187 1988 1279 2005; x_wconf 86' lang='lat' dir='ltr'>census</span> <span class='ocrx_word' id='word_1_629' title='bbox 1295 1978 1404 2017; x_wconf 67' lang='lat' dir='ltr'>Cyreuii</span> <span class='ocrx_word' id='word_1_630' title='bbox 1415 1979 1491 2017; x_wconf 87' lang='lat' dir='ltr'>jussu</span> <span class='ocrx_word' id='word_1_631' title='bbox 1508 1982 1623 2020; x_wconf 79' lang='lat' dir='ltr'>Augusti</span> 
     </span>
     <span class='ocr_line' id='line_1_96' title="bbox 885 2023 1623 2063; baseline 0.007 -12"><span class='ocrx_word' id='word_1_632' title='bbox 885 2024 985 2060; x_wconf 82' lang='lat' dir='ltr'>factus,</span> <span class='ocrx_word' id='word_1_633' title='bbox 1003 2023 1031 2051; x_wconf 88' lang='grc'>111</span> <span class='ocrx_word' id='word_1_634' title='bbox 1046 2023 1199 2060; x_wconf 85' lang='lat' dir='ltr'>tabulisque</span> <span class='ocrx_word' id='word_1_635' title='bbox 1213 2023 1379 2062; x_wconf 86' lang='lat' dir='ltr'>descriptus,</span> <span class='ocrx_word' id='word_1_636' title='bbox 1395 2035 1473 2063; x_wconf 85' lang='lat' dir='ltr'>penes</span> <span class='ocrx_word' id='word_1_637' title='bbox 1489 2028 1623 2056; x_wconf 79' lang='lat' dir='ltr'>Romanos</span> 
     </span>
     <span class='ocr_line' id='line_1_97' title="bbox 885 2068 1623 2109; baseline 0.005 -11"><span class='ocrx_word' id='word_1_638' title='bbox 885 2070 1027 2098; x_wconf 86' lang='lat' dir='ltr'>haberetur</span> <span class='ocrx_word' id='word_1_639' title='bbox 1041 2081 1049 2107; x_wconf 77' lang='lat'><em>3</em></span> <span class='ocrx_word' id='word_1_640' title='bbox 1081 2068 1142 2096; x_wconf 88' lang='lat' dir='ltr'>hinc</span> <span class='ocrx_word' id='word_1_641' title='bbox 1167 2079 1262 2097; x_wconf 78' lang='lat' dir='ltr'>verum</span> <span class='ocrx_word' id='word_1_642' title='bbox 1286 2079 1495 2109; x_wconf 80' lang='lat' dir='ltr'>germanumque</span> <span class='ocrx_word' id='word_1_643' title='bbox 1520 2074 1623 2102; x_wconf 82' lang='lat' dir='ltr'>Natalis</span> 
     </span>
     <span class='ocr_line' id='line_1_98' title="bbox 885 2115 1624 2158; baseline 0.004 -13"><span class='ocrx_word' id='word_1_644' title='bbox 885 2116 986 2145; x_wconf 76' lang='lat' dir='ltr'>Christi</span> <span class='ocrx_word' id='word_1_645' title='bbox 1007 2115 1080 2144; x_wconf 89' lang='lat' dir='ltr'>diem</span> <span class='ocrx_word' id='word_1_646' title='bbox 1104 2116 1238 2143; x_wconf 83' lang='lat' dir='ltr'>Romanos</span> <span class='ocrx_word' id='word_1_647' title='bbox 1263 2115 1390 2144; x_wconf 85' lang='lat' dir='ltr'>hausisse.</span> <span class='ocrx_word' id='word_1_648' title='bbox 1416 2117 1499 2147; x_wconf 87' lang='lat' dir='ltr'>Aliud</span> <span class='ocrx_word' id='word_1_649' title='bbox 1518 2130 1624 2158; x_wconf 88' lang='lat' dir='ltr'>quoquc</span> 
     </span>
     <span class='ocr_line' id='line_1_99' title="bbox 884 2161 1625 2203; baseline 0.004 -12"><span class='ocrx_word' id='word_1_650' title='bbox 884 2169 1073 2201; x_wconf 76' lang='lat' dir='ltr'>argumentum</span> <span class='ocrx_word' id='word_1_651' title='bbox 1085 2168 1223 2190; x_wconf 87' lang='lat' dir='ltr'>mutuatur</span> <span class='ocrx_word' id='word_1_652' title='bbox 1233 2172 1267 2190; x_wconf 79' lang='lat' dir='ltr'>ex</span> <span class='ocrx_word' id='word_1_653' title='bbox 1276 2172 1305 2190; x_wconf 90' lang='lat' dir='ltr'>eo</span> <span class='ocrx_word' id='word_1_654' title='bbox 1315 2161 1370 2197; x_wconf 77' lang='lat' dir='ltr'>die,</span> <span class='ocrx_word' id='word_1_655' title='bbox 1380 2174 1433 2201; x_wconf 84' lang='lat' dir='ltr'>quo</span> <span class='ocrx_word' id='word_1_656' title='bbox 1443 2164 1577 2203; x_wconf 81' lang='lat' dir='ltr'>ingressus</span> <span class='ocrx_word' id='word_1_657' title='bbox 1587 2173 1625 2194; x_wconf 89' lang='lat' dir='ltr'>est</span> 
     </span>
     <span class='ocr_line' id='line_1_100' title="bbox 886 2207 1624 2250; baseline 0.004 -13"><span class='ocrx_word' id='word_1_658' title='bbox 886 2209 913 2237; x_wconf 93' lang='lat' dir='ltr'>in</span> <span class='ocrx_word' id='word_1_659' title='bbox 927 2208 1056 2247; x_wconf 85' lang='lat' dir='ltr'>templum</span> <span class='ocrx_word' id='word_1_660' title='bbox 1069 2207 1227 2242; x_wconf 77' lang='lat' dir='ltr'>Zacharias,</span> <span class='ocrx_word' id='word_1_661' title='bbox 1245 2218 1324 2246; x_wconf 90' lang='lat' dir='ltr'>quem</span> <span class='ocrx_word' id='word_1_662' title='bbox 1344 2208 1400 2247; x_wconf 86' lang='lat' dir='ltr'>ipse</span> <span class='ocrx_word' id='word_1_663' title='bbox 1412 2220 1546 2240; x_wconf 88' lang='lat' dir='ltr'>summum</span> <span class='ocrx_word' id='word_1_664' title='bbox 1559 2222 1624 2250; x_wconf 84' lang='lat' dir='ltr'>pon-</span> 
     </span>
     <span class='ocr_line' id='line_1_101' title="bbox 886 2254 1625 2297; baseline 0.003 -13"><span class='ocrx_word' id='word_1_665' title='bbox 886 2255 986 2284; x_wconf 71' lang='lat' dir='ltr'>tificem</span> <span class='ocrx_word' id='word_1_666' title='bbox 999 2261 1076 2294; x_wconf 86' lang='lat' dir='ltr'>putat</span> <span class='ocrx_word' id='word_1_667' title='bbox 1094 2265 1101 2282; x_wconf 75' lang='grc' dir='ltr'><strong><em>ε</em></strong></span> <span class='ocrx_word' id='word_1_668' title='bbox 1121 2254 1184 2282; x_wconf 90' lang='lat' dir='ltr'>inde</span> <span class='ocrx_word' id='word_1_669' title='bbox 1196 2264 1258 2282; x_wconf 89' lang='lat' dir='ltr'>vero</span> <span class='ocrx_word' id='word_1_670' title='bbox 1275 2254 1408 2283; x_wconf 85' lang='lat' dir='ltr'>calculum</span> <span class='ocrx_word' id='word_1_671' title='bbox 1420 2255 1509 2294; x_wconf 89' lang='lat' dir='ltr'>ducit,</span> <span class='ocrx_word' id='word_1_672' title='bbox 1525 2265 1553 2286; x_wconf 90' lang='lat' dir='ltr'>ut</span> <span class='ocrx_word' id='word_1_673' title='bbox 1564 2269 1625 2297; x_wconf 91' lang='lat' dir='ltr'>pro-</span> 
     </span>
     <span class='ocr_line' id='line_1_102' title="bbox 887 2300 1626 2339; baseline 0.003 -8"><span class='ocrx_word' id='word_1_674' title='bbox 887 2303 932 2331; x_wconf 87' lang='lat' dir='ltr'>bet</span> <span class='ocrx_word' id='word_1_675' title='bbox 958 2302 984 2329; x_wconf 95' lang='lat' dir='ltr'>in</span> <span class='ocrx_word' id='word_1_676' title='bbox 1010 2301 1170 2339; x_wconf 75' lang='lat' dir='ltr'>vigesimam</span> <span class='ocrx_word' id='word_1_677' title='bbox 1185 2300 1310 2338; x_wconf 85' lang='lat' dir='ltr'>quintam</span> <span class='ocrx_word' id='word_1_678' title='bbox 1334 2302 1488 2332; x_wconf 83' lang='lat' dir='ltr'>Decembris</span> <span class='ocrx_word' id='word_1_679' title='bbox 1511 2304 1626 2333; x_wconf 83' lang='lat' dir='ltr'>incidere</span> 
     </span>
     <span class='ocr_line' id='line_1_103' title="bbox 887 2346 1627 2390; baseline 0.005 -15"><span class='ocrx_word' id='word_1_680' title='bbox 887 2348 958 2376; x_wconf 90' lang='lat' dir='ltr'>diem</span> <span class='ocrx_word' id='word_1_681' title='bbox 973 2347 1096 2375; x_wconf 87' lang='lat' dir='ltr'>Natalem</span> <span class='ocrx_word' id='word_1_682' title='bbox 1110 2346 1228 2375; x_wconf 90' lang='lat' dir='ltr'>Domini.</span> <span class='ocrx_word' id='word_1_683' title='bbox 1243 2346 1299 2375; x_wconf 87' lang='lat' dir='ltr'>Hac</span> <span class='ocrx_word' id='word_1_684' title='bbox 1311 2357 1374 2375; x_wconf 81' lang='lat' dir='ltr'>vero</span> <span class='ocrx_word' id='word_1_685' title='bbox 1387 2347 1421 2376; x_wconf 89' lang='lat' dir='ltr'>de</span> <span class='ocrx_word' id='word_1_686' title='bbox 1435 2360 1463 2377; x_wconf 87' lang='lat' dir='ltr'>re</span> <span class='ocrx_word' id='word_1_687' title='bbox 1474 2350 1552 2388; x_wconf 89' lang='lat' dir='ltr'>plura</span> <span class='ocrx_word' id='word_1_688' title='bbox 1564 2362 1627 2390; x_wconf 89' lang='lat' dir='ltr'>pro-</span> 
     </span>
     <span class='ocr_line' id='line_1_104' title="bbox 888 2392 1576 2431; baseline 0.004 -9"><span class='ocrx_word' id='word_1_689' title='bbox 888 2393 1001 2422; x_wconf 86' lang='lat' dir='ltr'>tulimus</span> <span class='ocrx_word' id='word_1_690' title='bbox 1017 2392 1044 2421; x_wconf 90' lang='grc'>111</span> <span class='ocrx_word' id='word_1_691' title='bbox 1058 2392 1165 2421; x_wconf 86' lang='lat' dir='ltr'>Monito</span> <span class='ocrx_word' id='word_1_692' title='bbox 1177 2393 1212 2420; x_wconf 88' lang='lat' dir='ltr'>T.</span> <span class='ocrx_word' id='word_1_693' title='bbox 1227 2394 1254 2428; x_wconf 61' lang='grc'>9,</span> <span class='ocrx_word' id='word_1_694' title='bbox 1266 2403 1292 2431; x_wconf 88' lang='lat' dir='ltr'>p.</span> <span class='ocrx_word' id='word_1_695' title='bbox 1304 2393 1377 2427; x_wconf 83' lang='lat'>555,</span> <span class='ocrx_word' id='word_1_696' title='bbox 1396 2395 1443 2423; x_wconf 87' lang='lat' dir='ltr'>ubi</span> <span class='ocrx_word' id='word_1_697' title='bbox 1455 2396 1519 2424; x_wconf 76' lang='lat' dir='ltr'>vide</span> <span class='ocrx_word' id='word_1_698' title='bbox 1532 2397 1576 2426; x_wconf 91' lang='lat' dir='ltr'>sis.</span> 
     </span>
    </p>
   </div>
   <div class='ocr_carea' id='block_1_12' title="bbox 929 2438 1779 2476">
    <p class='ocr_par' dir='ltr' id='par_1_15' title="bbox 929 2438 1779 2476">
     <span class='ocr_line' id='line_1_105' title="bbox 929 2438 1779 2476; baseline 0.002 -9"><span class='ocrx_word' id='word_1_699' title='bbox 929 2439 1014 2467; x_wconf 83' lang='lat' dir='ltr'>Erant</span> <span class='ocrx_word' id='word_1_700' title='bbox 1037 2438 1187 2467; x_wconf 71' lang='lat' dir='ltr'>Antiochia:</span> <span class='ocrx_word' id='word_1_701' title='bbox 1210 2438 1322 2476; x_wconf 90' lang='lat' dir='ltr'>quidam</span> <span class='ocrx_word' id='word_1_702' title='bbox 1347 2439 1382 2468; x_wconf 91' lang='lat' dir='ltr'>de</span> <span class='ocrx_word' id='word_1_703' title='bbox 1404 2447 1474 2469; x_wconf 88' lang='lat' dir='ltr'>recta</span> <span class='ocrx_word' id='word_1_704' title='bbox 1496 2442 1552 2471; x_wconf 85' lang='lat' dir='ltr'>fide</span> <span class='ocrx_word' id='word_1_705' title='bbox 1575 2450 1720 2473; x_wconf 58' lang='lat' dir='ltr'>noncontiu</span> <span class='ocrx_word' id='word_1_706' title='bbox 1730 2447 1779 2469; x_wconf 64' lang='lat'>³151·</span> 
     </span>
    </p>
   </div>
   <div class='ocr_carea' id='block_1_13' title="bbox 890 2485 1629 2526">
    <p class='ocr_par' dir='ltr' id='par_1_16' title="bbox 890 2485 1629 2526">
     <span class='ocr_line' id='line_1_106' title="bbox 890 2485 1629 2526; baseline 0.007 -12"><span class='ocrx_word' id='word_1_707' title='bbox 890 2486 973 2526; x_wconf 87' lang='lat' dir='ltr'>probe</span> <span class='ocrx_word' id='word_1_708' title='bbox 984 2485 1141 2523; x_wconf 83' lang='lat' dir='ltr'>sentientes,</span> <span class='ocrx_word' id='word_1_709' title='bbox 1158 2485 1204 2523; x_wconf 92' lang='lat' dir='ltr'>qui</span> <span class='ocrx_word' id='word_1_710' title='bbox 1217 2485 1268 2513; x_wconf 91' lang='lat' dir='ltr'>hoc</span> <span class='ocrx_word' id='word_1_711' title='bbox 1280 2485 1359 2514; x_wconf 85' lang='lat' dir='ltr'>Pauli</span> <span class='ocrx_word' id='word_1_712' title='bbox 1373 2486 1476 2515; x_wconf 90' lang='lat' dir='ltr'>dictum</span> <span class='ocrx_word' id='word_1_713' title='bbox 1488 2488 1515 2517; x_wconf 90' lang='lat' dir='ltr'>in</span> <span class='ocrx_word' id='word_1_714' title='bbox 1533 2490 1629 2519; x_wconf 84' lang='lat' dir='ltr'>Eccle-</span> 
     </span>
    </p>
   </div>
   <div class='ocr_carea' id='block_1_14' title="bbox 891 2531 1777 2572">
    <p class='ocr_par' dir='ltr' id='par_1_17' title="bbox 891 2531 1777 2572">
     <span class='ocr_line' id='line_1_107' title="bbox 891 2531 1777 2572; baseline -0.002 -11"><span class='ocrx_word' id='word_1_715' title='bbox 891 2534 929 2561; x_wconf 88' lang='lat' dir='ltr'>sia</span> <span class='ocrx_word' id='word_1_716' title='bbox 943 2532 1041 2560; x_wconf 84' lang='lat' dir='ltr'>lectum</span> <span class='ocrx_word' id='word_1_717' title='bbox 1051 2554 1058 2567; x_wconf 94' lang='lat'>,</span> <span class='ocrx_word' id='word_1_718' title='bbox 1069 2531 1136 2560; x_wconf 66' lang='lat' dir='ltr'>Siue</span> <span class='ocrx_word' id='word_1_719' title='bbox 1147 2540 1200 2570; x_wconf 78' lang='lat' dir='ltr'>per·</span> <span class='ocrx_word' id='word_1_720' title='bbox 1210 2534 1407 2568; x_wconf 78' lang='lat' dir='ltr'>occasionem,</span> <span class='ocrx_word' id='word_1_721' title='bbox 1417 2535 1478 2561; x_wconf 76' lang='lat' dir='ltr'>sive</span> <span class='ocrx_word' id='word_1_722' title='bbox 1485 2545 1538 2572; x_wconf 78' lang='lat' dir='ltr'>per</span> <span class='ocrx_word' id='word_1_723' title='bbox 1551 2539 1628 2565; x_wconf 77' lang='lat' dir='ltr'>veri·</span> <span class='ocrx_word' id='word_1_724' title='bbox 1641 2540 1685 2563; x_wconf 83' lang='lat' dir='ltr'>T.3</span> <span class='ocrx_word' id='word_1_725' title='bbox 1700 2538 1777 2569; x_wconf 42' lang='grc' dir='ltr'>μὴ).</span> 
     </span>
    </p>
   </div>
   <div class='ocr_carea' id='block_1_15' title="bbox 893 2577 1630 2664">
    <p class='ocr_par' dir='ltr' id='par_1_18' title="bbox 893 2577 1630 2664">
     <span class='ocr_line' id='line_1_108' title="bbox 893 2577 1628 2618; baseline 0.004 -11"><span class='ocrx_word' id='word_1_726' title='bbox 893 2586 983 2608; x_wconf 76' lang='lat' dir='ltr'>tatem</span> <span class='ocrx_word' id='word_1_727' title='bbox 997 2577 1125 2607; x_wconf 72' lang='lat' dir='ltr'>Christus</span> <span class='ocrx_word' id='word_1_728' title='bbox 1136 2579 1342 2611; x_wconf 77' lang='lat' dir='ltr'>annuntietur,</span> <span class='ocrx_word' id='word_1_729' title='bbox 1357 2585 1383 2606; x_wconf 80' lang='lat' dir='ltr'>et</span> <span class='ocrx_word' id='word_1_730' title='bbox 1394 2580 1424 2606; x_wconf 82' lang='lat' dir='ltr'>in</span> <span class='ocrx_word' id='word_1_731' title='bbox 1435 2579 1489 2607; x_wconf 79' lang='lat' dir='ltr'>hoc</span> <span class='ocrx_word' id='word_1_732' title='bbox 1498 2582 1611 2618; x_wconf 65' lang='lat' dir='ltr'>gaudeo</span> <span class='ocrx_word' id='word_1_733' title='bbox 1622 2605 1628 2614; x_wconf 81' lang='grc'><em>,</em></span> 
     </span>
     <span class='ocr_line' id='line_1_109' title="bbox 896 2624 1630 2664; baseline 0.005 -10"><span class='ocrx_word' id='word_1_734' title='bbox 896 2626 931 2654; x_wconf 85' lang='lat' dir='ltr'>ita</span> <span class='ocrx_word' id='word_1_735' title='bbox 958 2635 1039 2664; x_wconf 74' lang='lat' dir='ltr'>prave</span> <span class='ocrx_word' id='word_1_736' title='bbox 1064 2624 1306 2663; x_wconf 81' lang='lat' dir='ltr'>interpretabantur</span> <span class='ocrx_word' id='word_1_737' title='bbox 1321 2646 1327 2659; x_wconf 80' lang='lat'>‚</span> <span class='ocrx_word' id='word_1_738' title='bbox 1354 2631 1381 2652; x_wconf 92' lang='lat' dir='ltr'>ut</span> <span class='ocrx_word' id='word_1_739' title='bbox 1405 2624 1538 2662; x_wconf 76' lang='lat' dir='ltr'>dicerent,</span> <span class='ocrx_word' id='word_1_740' title='bbox 1565 2628 1630 2658; x_wconf 80' lang='lat' dir='ltr'>dum</span> 
     </span>
    </p>
   </div>
  </div>
 </body>
</html>
