1915 2947
260 214 339 237 XXlV
764 211 899 233 ltENtttCt
928 210 1051 232 savun
1080 209 1300 232 Disstzn'rATto

258 273 416 305 Graeculum
432 274 550 313 aliquem
574 274 751 303 semidoctum
774 283 826 301 non
853 272 964 301 obscure
981 272 1051 310 sapit
1070 293 1077 305 ,
1101 281 1160 300 cum
1174 272 1343 301 Innocentius
1362 271 1487 311 epistolas
1503 282 1565 300 suas
1578 273 1658 301 etiam
1673 273 1699 301 in
1721 273 1817 301 Orien-

259 329 310 350 tem
331 322 424 350 missas
438 322 533 351 soleret
549 320 657 350 nonnisi
673 320 766 349 Latine
780 329 906 352 exarare,
926 324 955 345 ut
972 324 1073 345 constat
1089 328 1103 345 e
1121 318 1258 346 Sozomeni
1277 318 1346 346 libro
1363 325 1469 347 octavu.
1486 318 1547 348 Jam
1557 325 1582 346 et
1596 319 1677 352 illud,
1691 326 1720 348 ut
1734 327 1816 359 puto,

259 367 374 404 salsum,
397 367 431 395 de
455 366 560 395 ademto
584 366 672 394 Attico
696 366 870 404 episcopatu,
891 369 915 391 et
939 363 1077 391 commissa
1098 363 1192 391 Proclo
1213 363 1461 401 administratione,
1486 375 1546 392 cum
1568 371 1594 394 et
1616 376 1697 393 annos
1719 366 1818 404 viginti

257 416 372 443 tenuisse
387 415 569 454 episcopatum
581 420 683 442 constet
698 413 831 445 Atticum,
848 420 964 448 eumque
978 421 1025 449 per
1040 421 1134 439 manus
1149 411 1267 439 Sisinnio
1278 433 1285 445 ‚
1305 411 1442 447 Nestoi-io,
1457 412 1652 440 maximiniano
1668 412 1820 447 tradidisse,

258 469 286 489 ut
300 461 404 489 nonnisi
420 468 494 489 sexto
509 468 567 499 post
580 462 708 489 =loannem
726 459 784 487 loco
801 457 912 485 Procius
928 458 954 486 in
967 468 996 486 ea
1020 457 1081 486 sede
1096 457 1259 485 successerit.
1275 456 1333 495 Ego
1348 457 1411 496 quid
1434 457 1460 485 in
1482 457 1532 486 hac
1551 468 1579 485 re
1598 457 1664 485 mihi
1678 458 1820 497 probabile

257 508 400 536 videbatur
414 530 421 543 ,
447 507 531 535 libere
552 506 611 533 dixi
629 515 635 532 ε
653 504 775 543 judicent
789 504 871 532 docti.
887 516 900 530 n

297 569 310 583 (t
324 557 395 584 Inter
405 554 587 594 ἀνιστορησίας
599 553 709 590 Georgii
720 553 799 581 etiam
813 551 879 580 illud
891 563 1012 586 numero,
1021 552 1091 591 quod
1104 558 1217 580 mortem
1224 551 1370 580 Innocentii
1382 551 1495 590 priorem
1507 552 1591 580 facere
1601 551 1724 580 videatur
1734 559 1819 580 morte

258 601 420 640 Theophili:
434 600 508 637 quod
523 607 612 638 aperte
627 600 722 627 salsum
738 605 786 627 est.
804 599 927 626 Mortuus
942 605 980 626 est
994 599 1063 626 enim
1078 597 1254 636 Theophilus,
1269 605 1333 626 teste
1346 598 1453 626 Socrate
1468 597 1518 626 lib.
1535 599 1563 631 7,
1577 608 1601 625 c.
1619 599 1650 633 7,
1667 598 1741 626 Coss.
1763 597 1818 626 Ho-

264 649 339 678 norio
354 650 372 676 Ξ)
387 655 411 676 et
427 646 581 675 Theodosio
592 648 619 681 5,
631 646 681 674 hoc
693 652 741 679 est,
757 655 826 673 anno
841 645 949 673 Domini
959 646 1029 681 412,
1041 644 1085 672 die
1100 645 1137 672 ἐξ»
1149 644 1275 673 Octobris
1289 656 1294 671 ε
1312 644 1494 678 Innocentius,
1507 650 1534 672 ut
1544 655 1577 672 cx
1588 644 1673 672 Fastis
1684 644 1818 683 pontificis

262 701 347 733 patet,
361 693 465 721 nonnisi
480 694 548 726 410,
567 692 608 720 vel
622 693 691 720 415.
706 690 786 725 Quod
802 691 823 718 si
839 691 881 719 cui
898 691 995 718 mirum
1012 691 1151 725 videntur,
1167 701 1227 718 cum
1244 690 1413 730 Theophilus
1429 691 1547 728 quinque
1562 700 1644 718 annos
1656 691 1753 720 Joanni
1768 701 1818 719 su-

257 741 417 780 pervixerit,
435 739 604 770 Innocentius
623 745 698 771 octo,
714 738 778 776 quid
796 738 840 773 sit,
864 738 935 776 quod
956 738 1099 766 consilium
1118 749 1196 766 omne
1211 738 1336 777 abjecerit
1350 737 1518 766 Innocentius
1531 738 1565 766 de
1580 737 1697 776 cogenda
1713 738 1818 778 synodo

257 789 467 822 Tliessatonicae‚
483 788 526 815 cui
541 788 665 815 interesse
679 786 863 825 Theophilum
879 793 950 813 tanta
966 786 1104 814 severitate
1116 792 1140 813 et
1153 786 1240 823 rigore
1254 785 1375 814 edixerat
1387 793 1448 813 ante
1463 792 1573 813 mortem
1587 785 1618 821 (si
1631 786 1669 814 fas
1681 793 1718 814 est
1729 785 1819 814 crede-

258 836 296 869 re)
313 833 444 862 Arcadius
457 833 569 872 epistola
580 833 652 871 apud
664 833 813 870 Georgium
826 855 833 866 ,
849 832 924 871 cujus
941 832 1063 867 initium,
1079 832 1166 860 πάντα
1183 832 1214 860 τὰ
1228 832 1361 870 κλίματα,
1377 842 1461 869 neque
1473 830 1560 858 ullum
1572 831 1606 859 de
1618 842 1648 860 eo
1659 838 1749 870 postea
1760 842 1819 860 ver-

257 881 321 909 bum
335 881 426 909 fecerit
439 892 444 907 ε
461 881 571 908 fortasse
587 879 615 907 id
629 879 728 907 factum
742 886 795 914 est,
809 879 871 917 quia
886 878 1015 907 Arcadius
1030 879 1110 917 paulo
1127 885 1184 917 post
1195 880 1324 907 Joanncin
1338 878 1501 913 decesserat,
1517 878 1593 916 cnjus
1607 888 1686 917 opera
1696 879 1817 917 etjussu,

258 929 297 957 uti
312 939 340 957 ea
352 928 469 957 ferebant
481 934 611 966 tempora,
624 934 773 965 cogeretur;
784 927 824 955 vel
838 926 910 964 quod
922 938 951 954 ea
962 927 1014 955 sint
1026 933 1165 955 consecuta
1179 927 1331 965 reipublicae
1343 933 1461 965 tempora
1472 948 1478 961 ,
1492 925 1636 964 praesertim
1649 926 1675 954 in
1688 926 1819 955 Occiden—

258 983 294 1012 te,
311 977 397 1004 Roma
413 981 500 1014 capta,
510 974 588 1003 Italia
601 973 717 1012 direpta,
733 972 843 1001 vastatis
858 973 1016 1012 provinciis,
1032 983 1091 1011 quae
1105 973 1149 1001 vel
1165 972 1370 1001 constantissimi
1385 972 1437 1002 viri
1452 977 1567 1000 mentem
1580 979 1687 1011 possent
1704 983 1718 1001 a
1734 972 1820 1002 mino-

258 1024 281 1052 ri
296 1034 358 1052 cura
375 1022 410 1050 ad
425 1023 554 1061 majorem
570 1028 671 1050 metum
689 1020 836 1049 traducere.

298 1072 442 1109 Hucusque
453 1070 487 1098 de
498 1069 626 1108 Georgio.
640 1070 669 1097 In
679 1069 789 1107 reliquis
800 1079 845 1097 ero
857 1069 982 1104 brevior,
995 1069 1058 1107 quia
1072 1069 1196 1108 pleraque
1207 1069 1358 1097 omniafere
1374 1069 1472 1098 habent
1488 1080 1549 1098 cum
1560 1069 1678 1107 Georgio
1694 1079 1818 1097 commu-

257 1119 300 1147 nia
312 1142 319 1154 ‚
335 1129 418 1156 neque
439 1128 526 1156 operte
545 1117 663 1156 pretium
686 1117 766 1144 fuerit
781 1115 874 1144 iisdem
891 1117 998 1155 ineptiis
1017 1116 1163 1145 refutandis
1177 1116 1219 1144 bis
1233 1117 1380 1145 immorari.
1399 1118 1452 1145 Leo
1471 1117 1637 1146 breviarium
1655 1116 1731 1144 nobis
1746 1115 1819 1144 dedit

258 1165 379 1204 Georgii,
393 1165 443 1193 nisi
456 1164 528 1202 quod
539 1164 564 1191 in
577 1163 630 1191 illis
640 1163 758 1202 epistolis
770 1163 918 1201 Georgium
929 1170 1064 1201 sequatur,
1076 1163 1169 1191 saltem
1180 1174 1231 1191 non
1245 1163 1393 1198 abbreviet,
1408 1171 1436 1192 ut
1447 1175 1530 1202 neque
1540 1163 1652 1192 Photius
1665 1163 1692 1191 in
1704 1163 1820 1202 epitome

262 1213 442 1251 Gregoriana‚
459 1211 525 1241 cod.
540 1212 587 1240 96.
600 1212 690 1239 Potuit
705 1217 774 1239 certe
783 1211 839 1239 sine
852 1210 950 1239 damno
961 1211 1049 1239 omitti
1065 1221 1167 1249 :neque
1180 1211 1251 1239 enim
1265 1211 1369 1249 aliquid
1384 1212 1501 1250 Georgio
1514 1210 1628 1245 addidit,
1641 1218 1736 1249 praeter
1751 1211 1820 1239 affe-

258 1267 354 1288 ctatam
367 1259 468 1288 alicubi
483 1258 538 1287 stili
549 1258 737 1287 obscuritatem
749 1269 755 1285 z
767 1257 818 1287 nisi
832 1257 905 1295 quod
918 1257 952 1286 ad
966 1258 1094 1296 reliquam
1108 1258 1218 1287 Joannis
1230 1257 1342 1295 gloriam
1355 1257 1416 1286 inde
1431 1268 1527 1297 magna
1541 1257 1678 1286 videretur
1692 1258 1760 1286 sacta
1771 1268 1820 1286 ac-

258 1307 351 1343 cessio,
361 1306 435 1344 quod
446 1312 550 1334 tantum
563 1306 753 1344 Imperatorem
766 1304 878 1333 laudum
887 1315 997 1333 suarum
1009 1315 1158 1343 praeconem
1173 1304 1313 1333 invenerit.
1325 1306 1481 1343 Anonymus
1493 1315 1574 1332 unum
1589 1311 1635 1332 aut
1650 1304 1763 1332 alterum
1772 1304 1820 1332 ha-

258 1355 303 1384 bet
314 1364 431 1383 errorem
446 1353 608 1392 peculiarem
623 1359 647 1380 et
662 1362 751 1380 suum.
767 1352 888 1380 Primum
904 1359 942 1380 est
957 1352 1040 1380 latum
1053 1353 1118 1381 satis
1131 1359 1156 1380 et
1169 1362 1288 1380 crassum
1301 1351 1481 1386 mendacium,
1497 1352 1568 1390 quod
1584 1352 1728 1380 Libanium
1742 1352 1820 1381 faciat

259 1402 293 1430 ad
306 1401 446 1431 Julianum
458 1400 514 1438 jam
529 1400 681 1437 Augustum
695 1397 838 1431 dicentem,
855 1399 988 1427 neminem
1004 1398 1112 1427 illorum
1129 1409 1287 1436 magnorum
1301 1398 1524 1437 philosophorum
1540 1400 1642 1428 Joanne
1655 1398 1818 1437 superiorem

259 1459 329 1483 esse,
341 1458 373 1476 ne
387 1456 514 1485 magnum
531 1444 640 1483 quidem
658 1445 736 1473 illum
754 1451 779 1473 et
797 1444 922 1473 divinum
937 1446 1084 1480 Platonem,
1098 1445 1183 1474 necin
1195 1445 1345 1482 eloquentia
1358 1444 1581 1480 Demosthenem3
1595 1444 1667 1483 quod
1683 1452 1711 1473 ut
1726 1456 1821 1474 verum

260 1503 350 1536 postea
366 1494 447 1522 fuisse
463 1492 559 1521 demus
569 1514 577 1528 ,
591 1491 625 1519 ad
639 1491 778 1521 Julianum
797 1498 867 1519 certe
882 1491 936 1519 dici
957 1502 1007 1519 non
1026 1491 1126 1530 potuit,
1142 1491 1187 1529 qui
1200 1497 1320 1519 mortuus
1333 1497 1371 1520 est
1381 1492 1484 1521 Joanne
1498 1491 1547 1520 vix
1562 1502 1592 1520 ac
1605 1502 1637 1520 ne
1653 1492 1700 1521 vix
1710 1491 1820 1530 quidem

260 1549 387 1572 octavum
404 1539 488 1568 aetatis
502 1548 601 1566 annum
612 1537 748 1576 ingresso;
763 1543 792 1564 nt
802 1537 953 1565 exclamare
962 1537 1042 1565 libeat
1052 1559 1059 1572 ,

1823 576 1838 588 ἢ

720 1600 748 1621 et
758 1595 825 1630 quid
838 1604 891 1621 nou
904 1596 1003 1621 Graecia
1015 1595 1131 1621 mendax

724 1638 818 1664 Audet
829 1639 857 1664 in
873 1639 985 1664 historia
988 1658 1033 1664 .....
1040 1657 1045 1668 ‚

263 1698 409 1738 praesertim
425 1697 474 1725 ista
486 1693 630 1725 recentior!
646 1694 716 1722 Huic
731 1694 818 1723 simile
830 1705 860 1723 ae
876 1705 941 1734 pene
957 1705 1113 1733 germanum
1128 1701 1182 1729 est,
1197 1695 1358 1733 Gregorium
1373 1695 1569 1724 Nazianzenum
1580 1719 1587 1732 ,
1605 1706 1641 1724 sc.
1653 1695 1719 1724 dum
1732 1695 1822 1724 adhuc

263 1753 328 1775 esset
340 1744 493 1773 Patriarcha
503 1743 531 1771 C.
540 1744 581 1777 P„
595 1752 656 1770 eum
668 1740 820 1769 Theodosio
834 1742 933 1779 Magno
944 1752 1078 1770 sermones
1089 1752 1174 1770 serere
1182 1741 1215 1770 de
1227 1741 1337 1770 Joannis
1346 1741 1511 1770 orationibus
1524 1742 1694 1777 Statuarum;
1704 1753 1764 1770 cum
1777 1753 1823 1770 no-

263 1793 395 1822 tissimum
411 1791 460 1826 sit,
477 1788 638 1828 Gregorium
652 1786 775 1815 abdicato
791 1786 961 1825 episcopatu,
976 1795 1000 1816 et
1016 1787 1107 1815 relicta
1123 1787 1372 1826 Constantinopoli,
1391 1787 1416 1815 in
1433 1787 1632 1826 Cappadociam
1651 1789 1821 1818 concessisse.

265 1842 324 1879 ipso
338 1837 460 1868 secundae
475 1836 572 1876 synodi
589 1843 721 1874 tempore,
737 1844 805 1863 anno
819 1834 929 1862 Domini
947 1834 1015 1871 581,
1034 1835 1148 1863 vixdum
1166 1834 1278 1863 diacono
1295 1836 1407 1869 Joanne,
1423 1841 1449 1863 et
1465 1845 1548 1863 annos
1567 1835 1710 1864 minimum
1725 1843 1822 1875 septem

265 1895 325 1916 ante
339 1894 444 1925 tempus
457 1894 608 1913 eversarum
625 1889 783 1911 statuarum.
798 1881 838 1909 Ad
853 1881 981 1910 miracula
995 1883 1068 1920 quod
1080 1889 1180 1922 spectat
1193 1883 1254 1911 licet
1266 1893 1357 1911 eorum
1370 1882 1527 1920 diligentem
1539 1882 1722 1911 collectionem
1732 1883 1826 1912 fecisse

266 1934 399 1973 Georgius
420 1938 507 1972 posset
525 1931 629 1965 videri,
646 1929 709 1958 satis
728 1936 816 1957 tamen
830 1928 952 1969 amplum
968 1930 1076 1968 reliquit
1091 1932 1233 1969 Anonymo
1248 1930 1427 1969 spicilegium.
1445 1930 1523 1958 visio
1539 1929 1671 1968 Gregorio
1687 1930 1826 1969 Theologo

266 1984 333 2011 sacta
347 1981 380 2010 de
389 1982 491 2010 Joanne
501 1989 560 2018 cap.
575 1980 624 2015 573
637 1977 670 2005 de
681 1978 710 2006 S.
719 1976 803 2005 Paulo
811 1977 922 2005 Joannis
931 1978 1110 2017 expositiones
1123 1979 1306 2015 σωματοειδῶς
1315 1977 1490 2005 confirmante
1500 1987 1558 2015 cap.
1572 1978 1620 2013 59,-
1629 1976 1700 2015 quod
1711 1978 1826 2006 Joannes

267 2030 361 2058 Proclo
375 2026 566 2057 successionem
581 2025 607 2053 in
623 2024 683 2053 sede
693 2025 724 2053 C.
738 2025 769 2052 P.
782 2023 903 2062 praedicit
918 2035 977 2064 cap.
990 2026 1028 2053 (ΞΟ
1038 2037 1045 2061 3
1056 2025 1165 2053 Joannis
1177 2025 1326 2062 frequentes
1335 2024 1461 2053 ὀπτασίαι
1473 2024 1541 2052 inter
1551 2024 1667 2063 synaxin
1684 2023 1826 2052 celebran-

267 2078 331 2106 dam
343 2087 399 2115 cap.
410 2076 458 2109 752,
467 2075 517 2109 75,
531 2074 583 2107 'Ilm
595 2072 727 2112 apparitio
736 2071 857 2107 Androm,
869 2072 998 2111 Stachyos
1007 2080 1031 2101 et
1041 2072 1074 2100 B.
1085 2072 1206 2111 Virginis
1213 2082 1271 2112 cap.
1284 2072 1338 2107 79;
1351 2071 1487 2110 praedictio
1500 2072 1565 2099 facta
1576 2071 1672 2100 Nicmae
1683 2071 1715 2099 de
1725 2072 1825 2100 Mauri-

268 2126 309 2154 cio
317 2125 480 2163 Imperatore
491 2132 513 2149 c.
526 2122 581 2149 407
593 2133 600 2155 ;
615 2120 731 2148 visiones
743 2119 830 2147 Marci
841 2125 866 2147 et
878 2119 973 2158 Cyrilli
986 2131 1008 2149 c.
1025 2121 1091 2155 4328,
1103 2119 1173 2156 129;
1185 2127 1284 2148 tremor
1293 2119 1428 2158 sepulchri
1440 2118 1573 2147 Eudoxiae
1583 2129 1608 2146 c.
1622 2120 1691 2155 153,
1701 2125 1726 2146 et
1736 2119 1825 2146 nescio

268 2183 327 2211 quse
343 2172 409 2199 facta
426 2168 556 2198 miracula
568 2170 593 2196 ἐν
604 2169 636 2206 τῇ
648 2169 698 2195 τῶν
709 2166 840 2206 λειψάνων
857 2167 1014 2205 ἀνακομιδῇ,
1030 2178 1087 2205 qum
1105 2177 1120 2195 a
1136 2167 1271 2196 Vestitore
1286 2172 1423 2194 mutuatus
1436 2172 1474 2193 est
1490 2177 1495 2192 :
1512 2165 1569 2193 haec
1584 2165 1687 2201 omnia,
1702 2165 1824 2203 inquam,

269 2218 388 2259 ejusdem
396 2217 497 2246 ordinis
512 2215 618 2253 locique
637 2221 699 2242 sunt
718 2224 779 2242 cum
794 2214 847 2242 illis
861 2214 921 2242 aliis
936 2215 1104 2253 Georgianis.
1117 2214 1197 2249 Quod
1213 2214 1235 2242 si
1251 2213 1321 2242 illud
1335 2212 1439 2251 Ephori
1454 2212 1525 2251 apud
1541 2212 1701 2241 Strabonem
1716 2212 1748 2240 de
1763 2223 1826 2241 ora-

270 2268 330 2296 culo
344 2265 477 2304 Delphico
489 2262 613 2302 scripturi
627 2273 634 2291 z
649 2261 767 2300 ineptum
780 2272 836 2289 esse
845 2261 878 2289 de
887 2262 995 2291 oraculo
1006 2262 1127 2291 omnium
1135 2261 1274 2290 verissimo
1287 2267 1423 2295 acturum,
1436 2260 1542 2288 incertis
1557 2259 1710 2288 rumoribus
1723 2266 1748 2288 et
1764 2270 1827 2288 nar-

271 2311 418 2342 rationibus
433 2309 521 2338 minus
532 2306 716 2347 probabilibus
731 2306 886 2345 indulgere:
900 2308 938 2344 si,
951 2307 1069 2346 inquam,
1081 2307 1131 2336 hoc
1141 2307 1173 2335 iis
1187 2307 1305 2335 venisset
1315 2305 1341 2334 in
1351 2312 1464 2334 mentem
1474 2328 1480 2340 ,
1496 2305 1542 2343 qui
1555 2315 1597 2332 res
1607 2304 1656 2333 Dei
1669 2311 1693 2332 et
1703 2305 1829 2334 Ecclesiae

276 2357 424 2399 posteritati
439 2362 513 2384 erant
532 2353 732 2388 transmissuri3
754 2364 805 2381 non
826 2353 894 2382 hanc
911 2361 1065 2394 corruptam
1085 2361 1315 2383 monumentorum
1332 2351 1413 2381 sidem
1432 2352 1561 2380 immensa
1578 2351 1697 2389 fingendi
1717 2351 1831 2383 libidine

275 2406 368 2435 merito
389 2404 572 2442 quereremur.
586 2400 638 2429 Sed
650 2401 741 2429 desino
754 2401 856 2428 inutilis
867 2402 979 2439 querelae
991 2425 1000 2437 ‚
1020 2409 1044 2430 et
1061 2402 1095 2430 ad
1110 2401 1306 2441 Metaphmsien
1319 2407 1437 2435 transeo,
1451 2399 1485 2427 ad
1494 2409 1573 2437 quem
1584 2398 1729 2436 quicquam
1738 2406 1830 2428 notare

272 2465 324 2482 non
341 2463 407 2492 opus
418 2457 467 2480 est.
483 2449 559 2478 Nihil
571 2448 640 2477 enim
657 2448 736 2476 habet
748 2470 755 2483 ‚
778 2447 851 2485 quod
873 2459 922 2476 non
939 2456 984 2477 aut
1000 2449 1070 2488 apud
1088 2449 1236 2488 Georgium
1255 2447 1386 2487 reperies,
1397 2454 1442 2475 aut
1455 2446 1528 2486 apud
1544 2448 1718 2484 Anonymum
1729 2468 1736 2481 ‚
1749 2456 1828 2484 quem

271 2502 326 2529 scre
341 2498 479 2538 exprimit.
498 2498 639 2534 Anonymo
654 2495 724 2522 enim
734 2504 797 2522 cum
808 2495 990 2533 Memphi-aste
1004 2506 1094 2524 seusus
1113 2496 1164 2523 sere
1182 2505 1300 2534 semper,
1318 2493 1399 2523 verba
1413 2493 1492 2521 etiam
1508 2492 1665 2531 plerumque
1678 2499 1739 2520 sunt
1753 2502 1829 2520 com-

273 2547 375 2576 munia.
399 2547 485 2582 Atque
502 2542 559 2570 licre
576 2551 609 2570 ex
630 2540 720 2568 multis
740 2539 866 2568 adnotare
887 2541 974 2569 visum
987 2549 1025 2569 est
1039 2542 1071 2569 ad
1089 2549 1209 2570 auctores
1224 2551 1313 2570 rerum
1328 2539 1515 2579 Chrysostomi
1536 2549 1612 2577 :quae
1626 2538 1781 2576 doctorum,
1797 2546 1826 2567 ut

271 2594 341 2630 dixi,
355 2591 467 2632 judicio,
478 2598 506 2618 ut
521 2599 578 2617 mea
592 2597 698 2626 quoque
714 2587 812 2622 omnia,
828 2587 964 2626 permitto.

900 2652 1204 2666 ἧκ’-ἀὒ-
