1950 2922
215 194 281 228 ’ΛΜΞ

212 279 264 296 nou
289 267 435 296 substanti
463 267 576 295 §inuh-111
601 267 673 294 tun-t
698 276 751 293 esse
776 265 955 293 attumabant.

60 303 72 351 ,Τ
96 308 130 329 ¹-l·
148 302 195 329 lq*
212 314 275 342 Ideo
294 322 381 341 autem
394 314 516 341 ‹tit-chnut
529 314 614 351 ipsum
631 312 697 340 l'atri
712 322 800 349 parem
817 321 869 339 non
882 321 954 345 esse,

59 348 85 383 ἸἸ-
107 364 160 394 3¹7-
179 373 199 383 ⁴¹-
215 361 276 397 quia
302 361 404 388 Patrem
435 359 599 397 premliatur.
624 357 781 394 lturqualem
803 367 858 385 csse
883 357 955 385 Patri

64 408 87 427 ¹¹-
107 407 159 434 '5¹¹7-
180 415 199 426 ὼ
214 407 313 446 passim
337 406 494 433 assiu-lunt.
519 403 659 432 Addebam
686 413 792 440 quoque
818 402 955 430 Christum

215 463 364 492 supremam
376 451 470 489 judieii
487 449 587 477 serendi
609 456 761 487 potestatem
778 459 831 476 non
846 449 954 477 habere.

215 501 383 537 Quapropter
405 499 592 524 Anomoeorum
607 502 704 523 sectam
719 495 839 534 apposite
859 495 957 533 carpsit

62 546 199 576 Thr-2⁸3·
213 546 417 573 Chrvsostomus
440 554 501 570 rum
517 542 589 570 ‹lixit
611 555 616 570 :
635 554 648 568 t<
664 544 854 570 Anonioeorum
872 542 955 569 haere-

60 587 69 597 ‘'
214 580 274 619 simi
287 589 418 628 plautavit
435 588 636 617 ratiociniorum
654 587 844 626 intempestiva
864 588 956 616 eurio-

212 636 284 664 sitas.
299 647 312 661 n
335 637 495 674 Argumenta
519 641 608 662 autem
633 644 725 662 eorum
751 641 802 661 tam
826 633 909 673 probe
933 640 958 662 et

213 682 354 721 perspicue
377 681 485 720 depellit
510 681 536 708 in
559 680 734 709 concionibus
757 679 831 715 suis,
857 686 887 707 ut
909 679 958 708 vix

214 728 318 767 uspiam
332 727 397 766 quid
411 726 553 767 perfectius
571 726 621 754 hoc
641 726 666 754 in
680 736 774 764 genere
787 725 879 755 videre
896 736 958 764 pos-

214 773 250 801 sis
269 785 274 801 ε
292 773 325 801 ab
339 773 372 801 iis
385 783 448 803 vero
463 771 607 800 referendis
622 771 799 807 abstinemus,
812 781 844 799 ne
856 771 958 809 longio-

216 830 257 847 res
272 819 364 847 simus.
600 817 603 820 ”

64 877 204 908 T·²·t¹⁴6¹9·
256 864 444 893 Macedonium
464 874 568 902 quoque
586 863 690 902 impetit
710 869 735 891 et
754 864 958 892 Pneumatoma-

62 912 85 933 «t.
215 910 294 947 chos,
307 913 356 950 qui
371 911 528 939 Par-actem
545 909 653 937 bellum
666 909 842 948 irtserebant.
859 909 957 937 Contra

219 955 491 985 pneumatomachum
504 955 572 983 enim
584 955 648 993 agit,
659 965 720 983 cum
732 954 869 993 explicans
880 954 957 982 illum

64 1028 84 1041 μ
99 1020 150 1042 Cor.
168 1026 203 1043 ¹2*
216 1003 294 1031 Pauli
310 1003 414 1037 locum,
432 1003 504 1030 Jlaec
519 1008 615 1029 antem
628 1004 726 1029 omnia
738 1007 874 1039 operatur
883 1010 958 1029 unus

63 1060 69 1072 ¹
80 1058 97 1074 ¹·
215 1058 241 1079 et
253 1052 327 1079 idem
337 1051 459 1088 Spiritus
472 1071 479 1085 ,
496 1050 625 1077 dividens
639 1049 762 1087 singulis
772 1055 856 1087 prout
870 1048 955 1083 vult,

212 1097 275 1125 talia
290 1097 360 1124 satur
376 1108 381 1123 ι
399 1108 412 1122 α
428 1097 499 1123 Haec
517 1104 602 1134 porro
618 1097 715 1123 omnia
731 1101 868 1133 operatur
883 1104 957 1123 ιιηιις

166 1151 200 1169 iss
213 1150 240 1172 et
259 1144 335 1171 idem
358 1142 489 1181 Spiritus.
510 1141 564 1171 Sed
590 1148 695 1176 motus,
715 1141 835 1179 inquies,
857 1152 871 1169 a
889 1142 956 1169 Deo.

213 1190 318 1218 Verum
333 1189 384 1217 hoc
399 1198 532 1225 nusquam
548 1188 619 1216 dixit
635 1210 641 1222 ‚
653 1186 699 1216 sed
714 1194 741 1215 tu
757 1186 827 1215 illud
842 1187 956 1225 effingis.

68 1247 126 1269 md,
143 1248 199 1270 v.6.
213 1235 329 1269 Quando
354 1234 424 1262 enim
451 1233 534 1268 dicit,
562 1234 618 1270 Qui
640 1239 776 1271 operatur
805 1235 904 1260 omnia
926 1235 958 1260 in

212 1282 345 1309 ommibus
355 1302 363 1317 ,
379 1282 413 1308 de
424 1279 580 1307 hominibus
590 1279 641 1307 hoc
652 1278 717 1306 dicit
732 1290 737 1306 :
750 1288 884 1316 nusquam
895 1289 957 1306 cum

212 1326 368 1354 hominibus
391 1325 522 1364 Spiritum
545 1331 718 1360 annumerat,
739 1323 843 1352 etiamsi
859 1323 957 1352 millies

214 1378 334 1399 amenter
345 1370 464 1408 loquaris
475 1377 499 1398 et
512 1370 638 1398 insanias.
650 1369 703 1405 Qui
717 1369 787 1398 enim
797 1369 868 1398 dixit
878 1369 955 1406 alibi,

213 1416 272 1445 Per
290 1417 428 1455 Spiritum
441 1439 447 1451 ,
465 1423 493 1444 ut
508 1426 541 1444 ne
556 1423 631 1455 putes
644 1415 730 1450 illud,
745 1426 813 1454 per,
828 1415 957 1444 imminu-

212 1464 291 1492 tionis
306 1475 361 1492 esse
373 1474 463 1492 vocem
473 1486 480 1499 ,
499 1473 546 1492 nec
565 1463 643 1491 illum
657 1463 758 1492 moveri
772 1463 806 1491 ad
820 1463 956 1502 operatio-

215 1521 274 1538 nem
287 1534 294 1547 ,
312 1510 450 1548 subjungit
464 1509 567 1548 operari
582 1509 732 1548 Spiritum,
748 1519 800 1537 non
816 1509 850 1537 ad
865 1520 958 1549 opera-

213 1557 311 1584 tionem
325 1556 445 1592 moveri3
460 1563 484 1584 et
502 1562 626 1594 operatur
643 1562 671 1583 ut
685 1555 759 1591 vult,
774 1566 826 1584 non
841 1556 957 1594 utjube-

213 1610 267 1630 tur.
289 1601 524 1636 Quemadmodum
539 1602 609 1630 enim
626 1601 659 1629 de
674 1602 752 1630 Patre
768 1601 854 1630 Filius
872 1601 956 1638 dicit,

61 1659 201 1682 ,l1mn.5.—21.
216 1649 336 1676 Excitat
361 1655 488 1676 mortuos
509 1654 536 1675 et
560 1648 709 1686 vivificam
733 1647 858 1675 similiter
882 1654 905 1676 et
924 1647 957 1676 de

214 1694 300 1733 seipso
311 1715 318 1729 ‚
345 1695 421 1731 Quos
439 1694 505 1722 vult
520 1694 672 1733 vivificam
690 1692 728 1721 sic
744 1699 769 1721 et
784 1692 818 1721 de
833 1693 955 1732 Spiritu,

213 1740 277 1768 alibi
294 1740 401 1778 quidem
418 1740 489 1777 quod
508 1750 567 1768 eum
585 1746 712 1778 potestate
723 1739 811 1768 omnia
824 1740 902 1768 saciat
913 1763 919 1776 ,
932 1747 957 1768 et

215 1786 283 1814 nihil
299 1787 332 1813 sit
348 1785 418 1823 quod
432 1785 605 1824 impediat»,
623 1792 674 1814 etc.

255 1834 294 1860 De
304 1832 433 1860 Marcello
445 1834 587 1871 Ancyrano
597 1838 622 1859 et
634 1831 749 1860 Photino
759 1832 815 1871 ejus
825 1831 957 1871 discipulo

216 1878 271 1906 liaec
299 1885 388 1906 nari-at
414 1877 633 1916 Chrysostomus,
656 1878 728 1917 ipsos
750 1889 843 1917 nempe
866 1878 957 1907 eadem

216 1925 357 1953 asseruisse
368 1931 392 1952 et
408 1924 565 1963 prmdicasse
575 1947 581 1956 ,
593 1934 651 1962 quae
663 1924 796 1953 Sahellius
805 1945 814 1960 ‚
831 1924 877 1962 qui
887 1924 958 1953 dice<

65 1844 83 1863 Τ
100 1843 202 1872 '²⁴1'·99⁴

65 1876 88 1896 1¹.

216 1971 261 1999 hat
275 1971 374 1998 Filium
390 1977 415 1998 et
433 1971 538 1998 Patrem
553 1977 578 1998 et
596 1970 727 2009 Spiritum
744 1978 863 1999 sanctum
878 1981 957 2000 unam

217 2027 272 2044 esse
287 2027 436 2055 personam.
450 2017 490 2044 De
502 2016 622 2044 Marcelli
638 2026 701 2044 vero
716 2016 836 2045 doctrina
851 2017 958 2055 longam

218 2063 362 2091 diatribam
375 2063 507 2091 edidimus
523 2073 592 2091 anno
606 2063 682 2091 1707
699 2074 705 2089 :
720 2062 767 2091 ubi
783 2064 840 2102 ejus
852 2071 958 2092 senten-

101 2127 206 2147 ΟΜΝΗ.)
218 2110 282 2137 tiam
297 2120 329 2137 ex
343 2109 458 2137 Eusebio
474 2108 610 2147 Pamphili
623 2114 760 2147 exceptam
774 2109 811 2137 sic
825 2109 958 2148 expressi-

67 2158 125 2178 δον]
148 2158 188 2178 1¹...
218 2166 276 2182 mus
294 2165 300 2182 z
327 2167 339 2181 ιι
361 2156 439 2184 Unus
462 2155 496 2183 ab
518 2162 614 2183 aeterno
636 2155 709 2183 Deus
732 2155 837 2183 exsistit
855 2167 861 2182 ε
881 2156 958 2194 cujus

67 2192 308 2242 :¹¹¹1'12¹L²'²')t6*(0q‚
338 2212 382 2228 seu
406 2201 501 2238 Ratio,
528 2207 574 2229 aut
597 2201 718 2230 Verbum
734 2224 741 2237 ,
763 2212 825 2229 nam
845 2208 959 2240 utroque

217 2246 296 2274 modo
321 2246 500 2285 exprimitur,
526 2246 625 2285 pariter
646 2253 789 2284 aeternum,
816 2258 900 2276 unum
921 2255 958 2276 est

216 2303 278 2320 eum
292 2294 348 2321 Deo
366 2293 423 2331 ipso
440 2293 514 2331 οὐσίᾳ
531 2294 575 2321 καὶ
599 2294 757 2329 ὑποστάσει,
771 2293 917 2323 substantia
933 2301 958 2323 et

216 2340 369 2379 hypostasi,
385 2340 420 2368 ita
439 2346 467 2367 ut
484 2340 556 2367 nulla
573 2340 606 2368 sit
620 2340 687 2368 inter
705 2347 847 2379 utrumque
861 2341 958 2370 distin-

217 2386 269 2414 ctio
293 2397 300 2413 ε
330 2393 420 2423 estque
448 2385 561 2414 verbum
591 2386 671 2414 silens
684 2409 691 2423 ,
721 2386 853 2415 internum
867 2410 874 2423 ,
901 2387 959 2416 sive

218 2432 374 2461 ἐνδιάθετον.
389 2431 506 2470 Spiritus
519 2431 580 2459 item
593 2439 699 2460 sanetus
711 2432 735 2460 in
748 2434 804 2461 Deo
816 2433 849 2461 ab
861 2440 957 2462 aeterno

217 2479 284 2514 suit,
300 2478 372 2506 nulla
384 2478 506 2506 similiter
521 2478 571 2505 nisi
582 2478 695 2506 nominis
706 2485 730 2506 et
742 2479 850 2507 rationis
862 2479 958 2508 distin-

216 2524 312 2554 ctione.
337 2524 404 2552 Cum
427 2530 515 2552 autem
539 2524 610 2552 Deus
630 2531 753 2562 operatur
773 2532 798 2553 et
819 2525 956 2563 loquitur,

216 2577 278 2599 tuuc
300 2571 422 2601 Verbum
441 2581 488 2599 ceu
510 2569 629 2608 quadam
651 2570 773 2605 emissio,
794 2572 910 2600 extensio
931 2579 956 2601 et

215 2615 336 2646 dilatatio
356 2617 462 2646 deitatis
484 2616 591 2655 prodit,
606 2623 631 2645 et
646 2623 703 2655 post
724 2624 826 2655 gestum
841 2628 907 2658 opus
923 2618 954 2646 ad

830 203 984 226 §Yaot‘sis
1012 204 1094 225 tzottt,
1104 205 1125 225 >t
1146 218 1155 234 ‚

1009 266 1096 293 Deum
1110 276 1149 293 rex
1158 265 1268 301 emitur,
1288 273 1312 293 ct
1327 265 1353 293 in
1367 266 1477 304 pristina
1491 267 1640 296 conditione
1651 275 1749 297 manet.

1010 310 1113 339 Pariter
1135 310 1261 338 emissum
1279 311 1329 339 suit
1356 311 1474 340 Verbum
1485 334 1492 348 ,
1508 320 1537 341 ut
1551 324 1656 342 earnem
1672 325 1752 343 assu-

1010 364 1110 393 merct;
1125 364 1239 394 tuncque
1250 357 1336 385 Filius
1348 357 1397 385 Dei
1410 358 1532 386 effectum
1543 366 1592 396 est,
1608 360 1668 388 Rex
1678 360 1752 395 item,

1009 403 1149 438 Christus,
1165 402 1252 441 imago
1268 403 1316 432 Dei
1337 403 1495 437 invisibilis,
1512 411 1536 432 et
1552 405 1749 443 Primogenitus

1010 449 1095 477 omnis
1110 456 1254 485 creauit-m,
1276 460 1336 477 cum
1352 456 1428 478 antea
1446 450 1515 478 nihil
1529 461 1621 479 eorum
1635 451 1728 480 fuisset
1743 462 1750 479 τ

1011 507 1041 523 ac
1056 503 1115 534 post
1132 496 1266 535 judicium
1286 496 1343 524 haee
1363 497 1452 525 omnia
1473 497 1652 534 amissurum,
1675 505 1754 537 atque

1012 548 1040 569 ut
1056 542 1130 580 prius
1144 552 1226 570 unum
1243 553 1304 570 cum
1318 543 1397 570 Patre
1411 543 1532 571 futurum
1550 550 1599 572 cst.
1615 544 1654 572 Ut
1667 551 1754 572 autem

1012 587 1134 616 Verbum
1148 594 1185 616 est
1195 588 1314 617 extensio
1325 595 1350 616 et
1362 587 1483 617 dilatatio
1496 588 1563 625 Dei,
1575 588 1612 617 sic
1626 596 1651 617 et
1663 589 1755 628 Spiri-

1011 639 1054 661 tus
1082 640 1188 661 sanetus
1213 633 1325 662 ulterior
1350 634 1469 662 extensio
1497 640 1523 663 et
1547 634 1670 663 dilatatio
1695 641 1733 663 est
1746 657 1754 672 ,

1011 678 1172 716 παρέκτασις
1187 682 1234 714 τῆς
1249 680 1394 717 ἐκτάσεως,
1407 680 1454 718 qui
1469 680 1568 719 pariter
1581 692 1596 709 a
1607 681 1665 710 Deo
1680 681 1756 710 emit-

1011 724 1076 752 titur
1087 731 1112 753 et
1126 725 1161 753 ad
1175 726 1262 754 Deum
1278 726 1421 755 revertitur
1437 734 1466 754 ut
1477 727 1615 763 Verbum,
1635 738 1756 766 unusque

1013 777 1052 799 est
1065 781 1126 799 cum
1138 772 1193 800 Deo
1208 778 1233 800 et
1244 771 1336 801 Verbo
1352 772 1409 800 sine
1423 772 1478 800 ulla
1488 772 1669 803 distinctione.
1680 785 1694 800 »

1052 817 1116 845 Hoec
1131 817 1257 846 Il'larcelli
1282 818 1411 846 sententia
1426 825 1464 847 est
1479 819 1626 848 secundum
1641 819 1756 849 Eusebii

1011 862 1215 902 explicationem
1225 886 1232 899 ‚
1247 863 1289 891 cui
1301 884 1311 899 ,
1332 863 1378 892 sed
1396 874 1448 892 non
1463 863 1500 893 ita
1525 865 1595 893 clare
1606 888 1614 903 ,
1629 865 1756 904 adstipu-

1012 908 1101 936 lantur
1123 909 1239 937 Basilius
1261 916 1285 938 et
1306 909 1511 947 Theodoretus,
1530 910 1629 948 quibus
1650 911 1677 939 in
1696 911 1756 939 loon

1012 964 1092 993 supra
1107 961 1252 983 memorato
1266 955 1378 984 succinit
1394 955 1610 994 Chrysostomus.
1633 956 1662 985 Si
1677 966 1757 995 porro

1012 1001 1074 1029 talis
1086 1002 1143 1039 ejus
1154 1001 1277 1030 doctrina
1292 1001 1342 1030 suit
1353 1025 1360 1039 ,
1375 1001 1402 1030 in
1420 1002 1496 1030 nullo
1511 1012 1572 1031 vere
1586 1002 1727 1031 disserebat
1741 1012 1757 1031 a

1012 1047 1131 1077 Sabellio
1155 1055 1180 1076 et
1204 1048 1407 1087 Patripassianis
1419 1059 1426 1083 ;
1450 1055 1476 1076 et
1499 1048 1652 1088 Epiphanio
1675 1055 1756 1085 teste,

1012 1101 1151 1132 suspectus
1162 1093 1241 1122 etiam
1252 1094 1303 1122 suit
1317 1094 1463 1123 Athanasio
1474 1094 1578 1133 pridem
1589 1095 1641 1123 sibi
1656 1096 1755 1124 amico.

1012 1141 1117 1169 Verum
1132 1140 1158 1168 in
1174 1140 1231 1178 ejus
1245 1141 1352 1179 scriptis
1362 1139 1422 1168 illos
1438 1147 1524 1169 tantos
1538 1151 1640 1169 errores
1656 1141 1756 1180 depre-

1011 1185 1126 1214 hendere
1149 1186 1262 1214 difficile
1282 1186 1373 1216 suerit.
1400 1186 1470 1214 Utut
1492 1196 1533 1214 res
1548 1193 1594 1222 est,
1611 1186 1758 1215 Marcellus
1921 1214 1924 1237 Ι

1012 1242 1073 1260 cum
1088 1243 1114 1260 se
1130 1232 1233 1260 videret
1244 1242 1258 1260 a
1274 1231 1374 1261 Basilio
1385 1238 1411 1260 et
1424 1231 1483 1260 aliis
1495 1231 1636 1269 damnari,
1647 1239 1673 1261 et
1683 1232 1758 1272 apud
1920 1240 1923 1274 ξ

1011 1288 1140 1316 magnum
1160 1277 1338 1306 Athanasium
1359 1284 1516 1317 suspectum
1537 1278 1646 1317 haberi,
1667 1279 1759 1318 Euge·
1920 1292 1922 1307 i

1013 1324 1088 1352 nium
1104 1323 1248 1352 diaconum
1263 1324 1315 1363 ipsi
1334 1323 1408 1352 misit
1420 1334 1481 1352 cum
1495 1323 1557 1352 fidei
1577 1324 1738 1354 confessione
1748 1347 1756 1361 ‚
1920 1311 1921 1342 l

1013 1380 1065 1407 qua
1081 1380 1108 1398 se
1126 1377 1195 1398 reete
1211 1370 1325 1407 sentire,
1340 1377 1365 1398 et
1378 1380 1393 1398 a
1405 1370 1549 1409 §atholicae
1563 1370 1689 1400 Ecclesia:
1702 1371 1757 1400 fide

1011 1415 1039 1444 in
1060 1416 1135 1444 nullo
1159 1416 1298 1445 deflectere
1320 1416 1472 1445 declarabat
1480 1439 1488 1454 ,
1511 1417 1554 1446 cui
1575 1417 1756 1458 subscripsere

1918 1353 1920 1366 Ι

1798 1377 1905 1399 Collt‘elio
1917 1389 1920 1398 ⁴

1763 1416 1818 1430 nova
1834 1409 1873 1429 1¹³-
1918 1410 1919 1437 ζ

1133 1463 1138 1467 .
1251 1463 1266 1468 ..
1387 1463 1402 1468 ..
1451 1463 1456 1468 ⁴
1527 1463 1532 1468 ·
1764 1444 1822 1461 trum
1842 1444 1859 1460 ι,
1877 1446 1901 1461 2.
1916 1437 1928 1476 t!

1013 1462 1173 1491 Athanasms
1185 1470 1209 1491 et
1220 1463 1267 1491 alu
1279 1463 1403 1502 AEgyptu
1415 1473 1545 1502 episeop1.
1558 1464 1622 1492 Post
1632 1465 1754 1493 Marcelli
1763 1479 1785 1500 p.
1804 1477 1824 1493 1.
1916 1469 1918 1476 ’

1916 1486 1927 1503 u

1012 1518 1076 1536 vero
1089 1516 1201 1537 mortem
1215 1509 1272 1547 ejus
1286 1509 1412 1548 discipuli
1426 1509 1453 1537 in
1467 1509 1651 1548 Diospolitana
1663 1511 1755 1551 Syno-
1916 1501 1927 1538 ll

1011 1553 1064 1590 do,
1089 1554 1203 1583 similem
1224 1554 1287 1583 fidei
1308 1554 1499 1583 confessionem
1519 1555 1698 1594 proferentes»,
1721 1557 1756 1586 ad
1914 1539 1927 1606 l

1012 1600 1225 1628 communionem
1246 1607 1271 1629 et
1293 1611 1309 1628 a
1329 1600 1438 1639 Synodo
1452 1607 1477 1629 et
1495 1611 1510 1629 a
1524 1601 1624 1630 Basilio
1645 1601 1756 1631 admissi
1914 1602 1925 1639 ’ζ

1012 1653 1082 1675 sunt.
1100 1647 1165 1675 Rem
1182 1653 1258 1674 antea
1281 1647 1432 1675 intricatam
1446 1669 1453 1683 ,
1475 1647 1623 1676 luculenter
1641 1659 1657 1676 a
1679 1649 1757 1678 nobis
1922 1647 1925 1658 ¹

1012 1692 1172 1731 explicatam
1185 1693 1267 1721 habes
1282 1692 1307 1720 in
1323 1699 1468 1722 memorato
1483 1693 1563 1723 libro.

1053 1738 1184 1767 Photinus
1213 1745 1301 1767 autem
1327 1739 1450 1768 Marcelli
1475 1739 1626 1779 discipulus
1650 1740 1757 1769 dicebat

1011 1784 1151 1813 Christum
1163 1784 1238 1812 nullo
1254 1784 1334 1813 modo
1346 1785 1478 1813 exstitisse
1491 1792 1635 1823 antequam
1651 1785 1678 1814 in
1690 1787 1756 1815 Ma-

1013 1830 1052 1858 ria
1068 1830 1182 1869 Virgine
1204 1830 1334 1869 originem
1350 1830 1468 1862 duceret,
1490 1831 1573 1860 Illum
1589 1842 1652 1860 cum
1671 1832 1756 1861 Paulo

1013 1878 1183 1905 Samosateno
1198 1876 1345 1905 consentire
1365 1877 1492 1916 putabant
1507 1877 1586 1906 multi
1606 1890 1612 1906 ι
1636 1877 1756 1916 Chryso-

1013 1930 1114 1951 stomus
1129 1933 1210 1962 supra
1225 1923 1337 1951 sabellii
1353 1923 1436 1951 errori
1448 1922 1586 1952 addictum
1597 1923 1679 1952 fuisse
1688 1923 1757 1952 dicit

1012 1969 1123 2008 perinde
1145 1976 1224 2007 atque
1243 1969 1379 1998 doctorem
1404 1980 1482 1998 suum
1502 1969 1664 1998 Marcellum
1677 1991 1685 2006 ,
1708 1970 1756 2008 qui

1013 2016 1159 2044 sabellium
1174 2016 1202 2044 in
1217 2016 1310 2044 multis
1326 2016 1503 2054 sequebatur,
1519 2017 1541 2044 si
1556 2026 1617 2045 vere
1633 2015 1680 2044 illa
1693 2026 1756 2044 sen-

1012 2062 1089 2099 serit,
1108 2073 1165 2100 qum
1186 2062 1318 2090 Eusebius
1333 2062 1384 2101 ipsi
1400 2073 1479 2101 supra
1492 2061 1630 2092 adscribit.
1648 2063 1753 2091 Verum

1012 2108 1156 2136 Marcellus
1169 2108 1195 2136 in
1211 2115 1329 2136 extremo
1342 2108 1403 2137 vitoe
1415 2118 1495 2136 cursu
1512 2107 1677 2136 Catholicam
1690 2109 1755 2137 emi-

1012 2153 1045 2181 sit
1064 2154 1125 2181 fidei
1144 2153 1342 2192 professionem.
1364 2153 1495 2181 Photinus
1515 2164 1578 2182 vero
1598 2153 1644 2181 illa
1664 2155 1754 2183 omnia

1011 2199 1148 2238 scripsisse
1170 2200 1292 2235 videtur,
1311 2210 1371 2238 quae
1391 2199 1494 2228 doctori
1517 2199 1602 2239 ipsius
1623 2200 1751 2229 Marcello

1012 2245 1144 2274 Eusebius
1157 2245 1295 2276 adscribit.
1939 2265 1947 2285 t

1051 2292 1150 2320 Praeter
1163 2292 1229 2328 haec,
1244 2292 1296 2320 alia
1310 2291 1389 2320 refert
1401 2291 1610 2330 Chrysostomus
1625 2291 1697 2320 circa
1711 2303 1751 2321 er·
1931 2297 1940 2303 ¹*

1012 2349 1083 2368 rores
1098 2339 1196 2367 multos
1210 2338 1256 2376 qui
1269 2349 1316 2366 suo
1329 2348 1385 2367 :nvo
1399 2338 1472 2377 apud
1487 2338 1665 2367 Antiochenos
1678 2338 1749 2377 vige-

1011 2385 1093 2420 bant,
1119 2395 1233 2422 quorum
1247 2384 1348 2422 aliquot
1360 2406 1366 2420 ,
1382 2390 1411 2412 ut
1425 2394 1459 2412 cx
1472 2383 1551 2413 dictis
1565 2384 1621 2423 ejus
1635 2384 1751 2423 percipi-

1012 2438 1070 2465 tur,
1089 2431 1113 2459 in
1127 2441 1171 2459 ore
1182 2430 1257 2468 vulgi
1270 2430 1430 2458 serebantur.

1049 2490 1062 2505 «
1079 2477 1193 2506 Plurimi
1209 2484 1272 2505 tunc
1286 2483 1360 2504 erant
1372 2498 1381 2513 ,
1398 2476 1444 2514 qui
1459 2475 1542 2504 futuri
1557 2475 1647 2504 steculi
1666 2481 1691 2504 et
1705 2485 1749 2504 re·
1761 2479 1885 2508 Tam-¹74

1011 2524 1182 2553 surrectionis
1200 2523 1350 2552 doctrinam
1371 2522 1512 2551 admittere
1526 2521 1694 2561 pertinaciter
1711 2519 1781 2570 re-ffs'
1796 2555 1802 2569 Ι
1845 2546 1887 2572 6¹6

1011 2572 1136 2600 nuebant.
1157 2585 1166 2595 υ
1184 2570 1218 2599 Ili
1235 2569 1306 2598 haud
1322 2569 1403 2598 dubie
1418 2568 1547 2608 putabant
1560 2569 1662 2596 animas
1679 2566 1746 2596 mori
1758 2565 1787 2601 „J
1810 2556 1841 2577 'P'

1012 2628 1071 2645 cum
1084 2627 1202 2655 corpore,
1219 2615 1382 2645 Guillelmus
1392 2625 1455 2645 vero
1467 2614 1651 2653 Past1·engicus
1661 2614 1747 2645 Vero·
1758 2618 1845 2647 Tuo-p
1858 2616 1884 2639 3¹.-

1759 2657 1778 2670 ἔΙ.

1932 2463 1933 2472 ³
1946 2462 1949 2475 l
