1950 2922
116 1223 254 1252 T.3.p.5›.f3.

114 1260 138 1275 et
150 1255 191 1283 Ep.
204 1254 254 1276 113.

117 1820 190 1848 Epist.
203 1819 241 1842 81.

117 2237 188 2265 Epist.
204 2236 240 2266 35.

278 187 342 222 190
747 184 775 205 S.

267 255 325 278 tum
340 259 372 277 ex
391 248 544 277 Isaurorum
560 253 641 280 metu,
661 252 716 274 tum
733 256 766 273 cx
782 243 954 272 intolerandis
969 243 1011 271 fe-

267 294 371 322 bribus.
390 293 498 322 Obnixe
512 299 587 330 rogat
602 298 699 323 autem,
718 297 746 318 ut
761 289 810 318 sibi
825 289 929 318 assidue
940 288 1012 317 seri-

267 340 312 368 bat
323 363 329 375 ,
343 339 415 368 haud
426 339 483 367 leve
494 338 617 366 solatium
630 347 663 364 ex
676 336 732 373 ejus
746 335 829 363 literis
842 342 1008 374 percepturo.

269 386 339 422 Quia
353 396 415 414 vcro
428 396 461 412 cx
473 394 583 412 numero
595 393 686 410 eorum
699 389 752 409 erat
765 381 852 416 Briso,
867 381 913 419 qui
929 382 1010 409 alium

267 432 355 459 exsilii
371 432 459 459 locum
473 428 653 468 postulabant.
669 435 697 455 ut
713 438 745 455 ue
758 428 783 455 id
796 427 913 466 amplius
928 435 1010 460 curet,

268 477 393 505 admonet
415 487 421 504 z
445 486 506 503 nam
528 485 555 502 se
575 485 602 502 re
621 473 740 502 omnium
763 473 936 511 gravissima,
960 473 1011 501 viae

268 532 363 560 nempe
379 521 518 555 molestiis,
531 521 587 558 jam
605 520 774 559 perfunctum
790 529 855 546 esse.
875 520 933 547 Non
949 519 1012 547 scri-

267 567 373 596 bentem
389 574 477 595 autem
490 567 542 595 sibi
558 566 694 594 Brisonein
709 566 733 593 iu
749 565 800 592 alia
815 564 925 603 epistola
940 564 1012 593 haud

271 613 371 641 leviter
385 613 519 652 objurgat.

308 659 382 687 Alias
391 669 496 697 quoque
506 665 563 697 post
572 657 718 685 adventum
727 658 861 685 Cucusum
869 657 959 685 literas
967 657 1013 684 mi-

267 705 311 739 sit,
322 705 427 733 Paeanio
443 715 538 743 nempe
552 703 784 737 sibiamicissimo,
795 703 916 731 Gemello
932 703 1013 737 (194)

268 758 295 779 et
310 752 385 779 Aetio
400 750 481 786 (196)
495 762 501 777 z
517 749 671 778 Gemellum
690 759 753 778 vero
768 748 860 777 laudat
874 760 887 776 a
904 749 1012 776 fortitu-

267 797 340 829 dine,
356 807 370 825 a
386 795 512 834 loquendi
528 795 661 829 libertate,
676 806 691 823 a
703 795 802 823 sincera
816 794 1012 823 benevolentia.

267 843 298 871 In
313 843 365 871 alia
380 854 442 871 vero
454 842 577 881 epistola,
595 852 655 870 cum
670 842 808 870 Gemellus
822 852 835 869 a
851 841 1012 880 quibusdam

267 888 324 917 dira
337 899 476 928 perpessus
489 899 562 916 sacro
574 899 601 916 se
613 887 719 915 lavacro
732 887 834 925 tingere
846 887 925 915 vellet
934 910 941 922 ‚
955 887 1014 914 lau-

268 934 349 963 dibus
363 935 467 962 extollit
481 934 558 962 illum
580 934 787 972 Chrysostomus
801 933 835 961 ab
849 933 930 961 animi
949 943 1015 960 con-

268 981 376 1017 stantia,
395 987 420 1008 et
435 987 463 1008 ut
477 980 676 1018 quamprimum
691 989 746 1006 sese
760 989 833 1006 sacra
847 979 1014 1018 baptismatis

268 1025 339 1054 unda
360 1026 453 1054 abluat
468 1026 599 1054 hortatur.
625 1026 693 1052 Cum
715 1023 833 1052 audisset
851 1031 939 1052 autem
955 1025 1014 1052 Ge-

268 1074 381 1102 mellum
403 1073 437 1102 ad
453 1073 569 1111 aliquem
584 1072 771 1110 magistratum
785 1078 907 1099 evectum
923 1071 1012 1107 fuisse,

267 1130 297 1148 ea
318 1119 352 1147 de
372 1130 400 1147 re
416 1119 466 1158 ipsi
481 1119 631 1157 gratulatur
649 1118 674 1145 iu
695 1118 746 1146 alia
762 1118 873 1157 epistola
895 1119 969 1153 (124
982 1118 1010 1155 );

268 1166 392 1203 queritur
408 1176 469 1193 vero
487 1171 576 1204 postea
593 1168 644 1202 (ep.
660 1164 707 1198 79]
718 1187 724 1197 ‚
747 1164 819 1201 quod
834 1163 866 1191 ad
882 1164 934 1191 tale
954 1175 1012 1192 mu-

268 1222 317 1239 nus
333 1218 466 1239 assumtus
478 1234 484 1245 ,
503 1211 554 1239 sibi
571 1221 622 1238 non
637 1210 809 1248 rescripserit.
827 1211 952 1238 Nescitur
965 1221 1012 1238 au-

268 1264 320 1285 tem
336 1264 426 1285 utrum
444 1258 580 1285 Cucusum
590 1257 646 1294 jam
658 1256 818 1294 pervenerit,
835 1256 942 1294 quando
955 1257 1013 1295 epi-

268 1303 347 1331 stolas
370 1303 438 1331 duas
461 1302 567 1341 scripsit
587 1302 622 1330 ad
643 1304 782 1340 episcopos
802 1309 826 1330 et
847 1302 1014 1341 presbyteros

267 1349 376 1388 pietatis
393 1359 470 1376 causa
483 1348 509 1376 in
524 1358 627 1376 carcere
639 1347 766 1381 inclusos,
784 1359 851 1385 quos
866 1347 900 1376 ad
913 1348 1015 1387 paticu-

268 1395 333 1423 tiatu
354 1395 492 1430 hortatur,
516 1394 659 1432 repositam
677 1396 802 1421 :erumnis
819 1394 917 1421 talibus
935 1405 1016 1422 coro-

267 1452 329 1469 nam
343 1451 554 1469 commemorans
564 1463 571 1473 ,
590 1439 670 1477 idque
683 1440 788 1478 egregie
801 1440 826 1467 in
842 1440 928 1478 prima
944 1452 1014 1480 pra}-

268 1487 358 1515 sertim
379 1487 498 1525 epistola.
523 1486 637 1525 Polybio
653 1488 715 1514 item
739 1486 844 1525 scripsit
861 1493 924 1515 tunc
946 1488 1015 1515 Con·

268 1533 441 1572 stantinopoli
464 1532 595 1566 versanti,
616 1542 646 1560 ac
659 1532 692 1559 de
712 1533 865 1560 Isaurorum
888 1533 1015 1561 incursio-

269 1579 348 1607 nibus
370 1579 451 1607 verba
471 1578 531 1606 facit
547 1580 600 1617 (ep,
628 1579 710 1613 145),
734 1577 779 1616 qui
796 1578 931 1606 Cucusum
951 1590 1015 1617 pene

269 1625 407 1653 obsessum
423 1625 560 1659 tenebant,
584 1631 607 1652 et
628 1624 725 1652 samem
746 1624 770 1651 in
789 1625 922 1661 regionem
941 1625 1014 1653 illam

271 1670 441 1699 induxerant.
464 1670 550 1698 Atiam
564 1680 668 1707 quoque
684 1669 798 1709 Polybio
812 1670 950 1708 epistolam
966 1672 1015 1699 mi-

268 1717 303 1744 sit
323 1718 418 1753 (1227),
436 1723 461 1745 et
475 1716 584 1754 quidem
600 1716 705 1755 hyemis
718 1723 844 1755 tempore,
860 1716 893 1744 de
904 1728 954 1755 qua
970 1718 1014 1746 in-

270 1762 351 1790 ferius
366 1770 473 1800 agetur,

310 1808 345 1836 lis
362 1808 454 1844 etiam,
470 1808 517 1845 qui
532 1819 559 1836 se
576 1809 701 1836 Gaesareae
714 1808 832 1836 officiose
844 1816 1012 1847 exceperant,

268 1854 360 1882 literas
372 1854 454 1882 misit.
469 1855 540 1882 Inter
548 1864 591 1882 eos
604 1854 764 1892 Hymnctius
775 1853 919 1887 eminebat,
934 1865 1013 1892 quem

269 1899 423 1939 ἀρχιατρόν,
433 1910 479 1928 seu
491 1900 656 1927 medicorum
668 1899 826 1938 principem,
840 1907 931 1936 vocat;
942 1911 1012 1928 eum-

267 1956 319 1983 que
334 1953 362 1974 ut
377 1945 428 1974 sibi
442 1946 574 1979 amicum,
593 1945 670 1984 cujus
683 1951 708 1973 et
722 1945 846 1973 amicitiae
867 1952 892 1973 et
911 1946 1012 1984 peritice

268 2002 379 2020 summae
395 1991 544 2030 periculum
560 1991 667 2025 fecerat,
683 1991 774 2019 videre
786 1990 933 2019 admodum
947 2002 1012 2020 exo-

268 2044 324 2075 ptat
338 2049 345 2073 ;
363 2037 408 2066 sed
422 2037 485 2075 quia
499 2038 653 2065 Isaurorum
666 2037 830 2065 incursiones
845 2038 942 2066 Cucusi
955 2038 1013 2066 adi-

267 2090 324 2111 tum
348 2083 576 2116 intercludebant,
592 2083 620 2111 id
639 2082 731 2110 damni
752 2090 781 2110 ut
801 2083 942 2112 literarum
957 2084 1011 2112 fre-

268 2130 375 2167 quentia
388 2130 493 2165 sarciat,
505 2136 636 2168 precatur.
649 2130 680 2157 In
691 2129 742 2157 alia
753 2140 818 2163 ,vero
829 2131 940 2170 epistola
952 2131 1012 2167 (38)

268 2175 408 2203 Seleucum
420 2176 574 2215 episcopum
589 2175 639 2214 ipsi
655 2176 835 2213 commendat,
853 2177 1013 2215 gravissima

269 2221 333 2248 tussi
349 2221 514 2249 laborantem
528 2233 533 2248 ε
547 2221 593 2259 qui
609 2221 734 2251 Seleucus
746 2244 752 2255 ,
769 2222 954 2261 Chrysostomi
969 2223 1013 2252 vi-

269 2266 349 2294 dendi
366 2266 496 2295 desiderio
513 2267 649 2301 inductus,
667 2268 802 2296 Cucusum
816 2269 905 2303 venit,
920 2276 944 2297 et
959 2276 1013 2297 tus-

269 2312 319 2340 sim
332 2319 355 2340 et
368 2312 470 2340 itineris
481 2313 669 2341 difficultatem
685 2320 709 2341 et
725 2313 840 2342 hiemem
856 2326 914 2352 qua·
930 2315 1013 2343 insta-

270 2359 314 2386 bat
338 2358 496 2397 despiciens.
526 2359 696 2387 Profecturus
724 2366 813 2387 autem
841 2360 987 2389 Caesaream
1004 2384 1010 2395 ‚

269 2404 487 2442 Tranquillinum
511 2405 685 2443 episcopum,
709 2405 772 2442 qui7
795 2413 822 2433 ut
843 2417 875 2434 ex
890 2406 1012 2445 Chryso-

268 2450 347 2478 stomi
362 2449 441 2477 (lictis
459 2449 593 2487 arguitur,
611 2461 693 2488 prope
708 2451 852 2478 Caesareain
868 2451 941 2479 sedes
958 2453 1012 2480 ha-

270 2496 358 2531 bebai,
374 2495 488 2524 invisere
501 2495 596 2524 voluit.
614 2495 681 2523 Huic
696 2506 758 2523 νει-υ
773 2497 861 2524 literas
874 2497 909 2525 ad
923 2498 1012 2526 Trau-

271 2542 415 2579 quilliuum
435 2541 509 2569 dedit
533 2543 647 2569 joannes
668 2548 770 2575 nostrr,
796 2553 873 2580 quein
892 2543 1013 2572 hortatur

270 2595 299 2616 ut
312 2588 450 2616 Seleucum
461 2587 576 2625 benigne
588 2586 715 2625 excipiat.
731 2588 936 2625 Traurpiillinus
949 2601 1012 2618 vero

806 182 945 206 JoxNNts
972 179 1205 203 cttnt'sosrroatt
1231 178 1328 208 VITA,

1064 240 1253 280 Eupsychium
1276 240 1311 268 ad
1326 240 1546 280 Chrysostoinum
1569 243 1692 280 miserat,
1712 244 1759 283 qui
1771 243 1805 272 de

1064 288 1144 316 rebus
1157 287 1282 326 plurimis
1296 287 1372 315 illum
1385 287 1480 315 laceret
1492 288 1639 318 certiorem.
1651 292 1685 318 At
1700 290 1807 330 Eupsy·

1064 333 1140 361 chius
1152 333 1198 361 ille
1209 333 1326 362 nondum
1336 332 1488 362 advenerat.
1505 334 1632 363 Hortatur
1641 347 1703 364 vero
1717 337 1806 364 Tran-

1064 379 1208 417 quillinum
1223 386 1252 407 ut
1265 390 1305 412 ea,
1320 390 1379 417 quae
1392 379 1443 407 sibi
1460 380 1634 419 Eupsychius
1648 389 1805 411 narraturus

1065 433 1131 457 erat,
1150 436 1196 464 per
1210 425 1300 454 literas
1312 425 1427 453 nuntiet.

1108 472 1192 500 Paulo
1207 479 1265 511 post
1284 482 1362 500 suum
1380 471 1406 499 in
1426 471 1514 500 exsilii
1534 472 1622 500 locum
1639 472 1783 502 adventum
1798 497 1806 508 ,

1065 517 1155 545 literas
1168 517 1239 545 misit
1251 517 1285 545 ad
1296 517 1363 545 alios
1374 528 1426 545 non
1437 528 1545 556 paucos.
1558 519 1605 556 qui
1618 519 1669 547 sibi
1682 520 1806 548 Caesareae

1065 563 1108 591 vel
1130 562 1258 591 beneficia
1277 563 1469 600 praestiterant,
1489 563 1531 592 vel
1551 564 1676 593 amicitiae
1697 565 1806 594 sincerae

1065 609 1140 647 signa
1155 608 1299 644 dederant,
1310 608 1346 637 ad
1358 609 1508 637 Firminum
1521 620 1624 649 nempe,
1638 610 1808 649 Cythedum,

1067 654 1218 691 Leontium,
1238 655 1394 683 Faustinum
1405 678 1412 690 ,
1427 655 1580 684 Helladium
1596 663 1621 684 et
1634 656 1781 686 Evethium
1795 669 1803 691 ;

1066 711 1142 738 quos⁷
1161 707 1189 728 ut
1203 700 1282 728 etiam
1298 711 1364 739 pene
1375 700 1442 729 alios
1454 712 1545 729 omnes
1557 702 1655 730 amicos
1670 710 1695 731 et
1708 709 1783 732 notos
1795 725 1803 739 ‚

1066 745 1199 779 hortatur,
1215 753 1241 774 ut
1254 758 1280 774 se
1292 747 1440 784 frequenter
1453 747 1537 775 literis
1549 748 1675 777 solentur.
1688 749 1808 778 Carterio

1066 803 1187 830 quoque,
1203 793 1381 832 Cappadociae
1396 793 1519 832 praesidi,
1536 794 1626 822 literas
1640 796 1720 831 (3256)
1737 796 1811 824 misit

1067 839 1286 878 Chrysostomus‚
1301 840 1452 879 gratiasque
1462 840 1501 869 illi
1514 840 1579 879 egit,
1592 841 1664 879 quod
1676 842 1809 870 tumultus

1068 885 1211 922 sedaverit,
1229 893 1254 914 et
1268 897 1373 914 omnem
1388 886 1506 926 lapidem
1520 887 1647 921 moverit,
1664 893 1693 915 ut
1707 887 1764 927 ipse
1781 888 1808 916 in

1069 931 1210 960 securitate
1229 939 1387 960 versaretur.
1407 933 1451 960 Ait
1464 942 1528 962 vero
1541 943 1582 969 se,
1603 933 1665 961 licet
1679 933 1706 962 in
1721 933 1810 963 deser-

1069 977 1172 1006 tissime
1188 977 1254 1013 loco,
1271 978 1371 1006 Cucusi
1384 989 1486 1018 nempe,
1500 978 1638 1017 degentem
1647 1002 1655 1016 ‚
1671 980 1697 1008 in
1710 979 1756 1008 illa
1768 991 1811 1009 so-

1069 1023 1182 1052 litudine
1197 1031 1334 1062 tamquam
1347 1024 1374 1052 in
1385 1032 1463 1063 portu
1476 1025 1594 1060 versari,
1609 1036 1640 1054 ac
1654 1026 1741 1054 morbi
1754 1037 1812 1054 ma-

1068 1069 1209 1107 lorumque
1227 1070 1354 1108 reliquias
1370 1070 1468 1098 sensim
1487 1070 1630 1109 depellere.
1653 1071 1809 1100 Amicorum

1067 1116 1199 1153 siquidem
1214 1127 1260 1155 per
1275 1117 1364 1144 literas
1377 1116 1539 1144 consortium
1556 1127 1646 1145 omnes
1659 1117 1810 1156 abstergere

1068 1161 1210 1189 videbatur
1221 1162 1310 1190 exsilii
1323 1162 1465 1190 molestias.

1110 1207 1249 1246 Episcopis
1267 1208 1345 1235 etiam
1359 1209 1478 1246 scripsit,
1496 1208 1541 1246 qni
1556 1219 1604 1247 pro
1616 1220 1662 1237 sua
1675 1217 1700 1238 et
1716 1209 1808 1239 Eccle-
1820 1216 1892 1244 Epist.
1906 1215 1926 1238 8*

1068 1252 1113 1280 siae
1124 1263 1203 1280 causa
1215 1253 1329 1288 stabant,
1344 1254 1471 1281 nimirum
1485 1254 1580 1287 Lucio,
1596 1255 1677 1289 Mari,
1693 1255 1808 1295 Eulogio
1819 1246 1922 1306 {3¹3}OE

1070 1298 1095 1325 in
1121 1299 1260 1327 Palaestina
1276 1300 1400 1338 episcopo
1413 1322 1419 1334 ‚
1443 1300 1539 1329 Joanni
1563 1301 1786 1341 Jerosolymitano
1799 1326 1806 1336 ,
1854 1294 1859 1298 ¹
1896 1293 1902 1298 ⁴

1071 1344 1224 1373 Theodosio
1240 1345 1474 1384 Scythopolitano‚
1490 1353 1515 1374 et
1530 1347 1706 1386 Moysi3quos
1718 1348 1808 1377 horta·
1821 1351 1905 1372 Pdttad.
1918 1361 1923 1381 ι

1071 1397 1114 1419 tur
1130 1398 1159 1419 ut
1179 1392 1204 1420 in
1221 1391 1311 1420 eadem
1324 1392 1406 1419 animi
1424 1392 1550 1421 firmitate
1564 1402 1739 1432 perseverent.
1756 1396 1810 1424 Eu-
1822 1388 1876 1413 ²⁰9'

1069 1437 1171 1476 logium
1189 1448 1269 1473 vero,
1293 1438 1319 1466 in
1338 1438 1477 1466 Palaestina
1496 1439 1650 1478 episcopum
1662 1463 1668 1473 ,
1690 1451 1812 1470 summo-

1070 1493 1130 1521 pere
1143 1483 1271 1519 celebrat,
1284 1483 1329 1521 qui
1343 1483 1436 1520 quavis
1447 1483 1510 1511 tuba
1525 1484 1623 1512 clarius
1635 1486 1707 1523 apud
1721 1497 1811 1515 omnes

1070 1529 1217 1558 Orientales
1235 1536 1260 1557 et
1283 1540 1363 1567 quam
1387 1529 1542 1567 longissime
1564 1530 1671 1559 dissitos
1692 1531 1812 1561 homines

1069 1575 1107 1603 rei
1120 1576 1258 1604 veritatem
1273 1576 1465 1614 promulgaret.
1484 1575 1627 1613 Eulogium
1642 1585 1740 1613 tamen,
1758 1579 1813 1607 Cae·

1070 1632 1150 1650 sareae
1164 1623 1191 1651 in
1205 1623 1346 1651 Palaestina
1359 1622 1528 1661 episcopum,
1545 1622 1650 1651 inducit
1665 1624 1811 1660 Palladius,

1070 1668 1144 1706 quasi
1166 1668 1310 1708 Theophili
1333 1668 1509 1696 Alexandrini
1526 1675 1612 1706 partes
1627 1676 1768 1699 sectantem
1786 1678 1812 1699 et

1070 1726 1161 1752 aspera
1173 1725 1284 1753 quaeque
1295 1713 1515 1742 molientcn1.5ed
1529 1714 1570 1742 vel
1583 1715 1651 1743 alius
1664 1716 1810 1745 Palaestinae

1069 1764 1208 1801 episcopus
1219 1761 1261 1790 hic
1274 1760 1405 1799 Eulogius
1421 1761 1499 1789 tuerit
1508 1783 1515 1796 ,
1528 1761 1569 1789 vel
1581 1762 1603 1789 si
1615 1761 1685 1790 idem
1698 1763 1753 1802 ipse
1765 1764 1810 1799 sit,

1069 1808 1095 1836 in
1108 1809 1247 1836 adversam
1264 1814 1366 1847 partem
1380 1814 1468 1846 postea
1485 1807 1620 1836 transiisse
1633 1816 1747 1848 oportet.

1110 1856 1129 1881 Α
1142 1854 1238 1882 teneris
1253 1854 1329 1881 annis
1344 1853 1459 1881 amicum
1472 1853 1587 1881 habebat
1601 1854 1809 1894 Chrysostomus
1838 1864 1873 1885 Αιι
1888 1863 1931 1884 The

1068 1900 1253 1935 Theodorum,
1268 1900 1313 1938 qui
1330 1907 1393 1928 tunc
1404 1899 1575 1937 Mopsuestiae
1590 1902 1730 1939 episcopus
1743 1909 1808 1938 erat,
1822 1897 1899 1937 don-usn
1911 1893 1930 1915 n

1067 1946 1188 1983 nihilque
1202 1956 1255 1975 non
1271 1946 1380 1984 agebat,
1396 1953 1424 1974 ut
1439 1945 1624 1984 Chrysostomi
1639 1957 1746 1976 causam
1757 1948 1807 1977 de-
1819 1934 1930 1978 {staffilem

1066 1991 1185 2020 fendcret
1204 2002 1235 2020 ac
1251 1997 1440 2030 propugnaret.
1466 1991 1537 2019 Huic
1555 1992 1693 2030 epistolam
1714 1995 1808 2030 (ΗΞ)

1067 2038 1140 2066 misit
1153 2038 1376 2077 Chrysostomns,
1392 2037 1486 2075 illique
1504 2045 1531 2065 ut
1544 2038 1599 2076 jam
1616 2038 1719 2076 pridem
1734 2046 1759 2067 et
1773 2040 1808 2068 ab

1068 2084 1144 2112 initio
1163 2084 1213 2112 sibi
1230 2091 1291 2112 noto
1306 2084 1404 2121 gratias
1419 2084 1485 2121 agit,
1501 2083 1675 2121 hortaturque
1693 2091 1718 2112 et
1732 2086 1807 2114 obse·
1936 2075 1939 2087 Ι

1068 2137 1122 2158 crat
1135 2130 1212 2158 illum
1229 2137 1257 2158 ut
1271 2130 1392 2158 eamdem
1409 2140 1469 2167 erga
1483 2140 1510 2157 se
1522 2130 1658 2158 caritatem
1679 2138 1808 2169 perpetuo
1936 2111 1939 2163 l

1067 2177 1199 2215 vigentem
1223 2176 1342 2205 retineat.
1365 2175 1441 2204 Circa
1462 2175 1530 2203 hanc
1551 2175 1690 2214 epistolam
1712 2177 1808 2216 aliquae
1937 2168 1940 2252 1

1068 2222 1240 2261 insurgebant
1253 2221 1438 2258 difficultates,
1452 2232 1517 2259 quas
1532 2221 1631 2251 videsis
1646 2225 1673 2251 in
1688 2224 1759 2252 notis
1773 2223 1809 2253 ad.

1069 2269 1185 2296 Tomum
1200 2269 1252 2302 ΙΙΙ,
1270 2279 1297 2307 p.
1315 2268 1385 2301 (555,
1402 2274 1426 2295 et
1442 2267 1468 2295 in
1485 2268 1572 2296 'romo
1588 2269 1640 2305 Vl,
1657 2280 1682 2308 p.
1699 2269 1767 2300 550.
1937 2254 1940 2296 l

1109 2314 1242 2354 Epistolas
1257 2313 1336 2342 etiam
1348 2313 1380 2341 ad
1397 2313 1463 2341 alios
1479 2313 1549 2342 misit
1563 2314 1717 2354 episcopos,
1734 2318 1808 2344 Ana-
1937 2297 1940 2347 l

1070 2361 1164 2388 tolium
1182 2360 1297 2394 Adzmae,
1316 2359 1445 2388 Rufinum
1463 2359 1526 2387 item
1542 2360 1716 2400 episcopum,
1732 2363 1809 2401 cujus
1938 2365 1939 2386 l

1069 2418 1131 2435 vero
1149 2407 1199 2435 loci
1215 2406 1340 2439 nescitur,
1359 2405 1394 2434 ad
1407 2406 1549 2434 Urbicium
1564 2413 1589 2434 et
1603 2407 1724 2445 Bassum,
1746 2420 1808 2448 per-

1069 2452 1129 2480 inde
1148 2454 1300 2490 ignotorum
1320 2452 1438 2479 locorum
1454 2452 1608 2490 episcopos,
1631 2453 1664 2482 ad
1685 2455 1792 2494 Porphy

1069 2499 1138 2526 rium
1157 2498 1237 2526 Rliosi
1259 2498 1421 2536 episcopum.
1445 2498 1566 2526 Anatolio
1587 2498 1651 2527 dicit
1672 2502 1765 2538 (111)
1780 2512 1808 2530 se

1069 2545 1226 2584 comperisse
1247 2545 1333 2583 ipsum
1348 2554 1390 2579 se,
1413 2543 1473 2571 licet
1488 2543 1522 2572 dc
1534 2544 1601 2572 facie
1619 2545 1670 2573 sibi
1687 2556 1738 2574 non
1760 2558 1806 2575 no-

1070 2598 1136 2624 tum,
1155 2590 1258 2620 ardenti
1273 2600 1361 2617 amore
1375 2589 1515 2628 prosequi,
1530 2596 1673 2628 optareque
1684 2602 1807 2630 congres-
