1884 2922
241 231 308 265 380

242 304 409 344 μυροφόρους,
424 314 469 331 scu
483 308 616 340 unguenta
632 302 743 329 ferentes
753 322 761 337 ‚
777 307 802 328 et
817 299 888 338 quod
904 300 979 328 nulla

240 349 404 378 dissonantia
417 349 451 376 sit
465 348 533 376 inter
545 345 742 384 Evangelistas‚
755 352 776 374 t.
790 348 807 375 8
820 347 850 373 in
860 345 982 384 Spuriis,

241 406 268 434 p.
285 396 350 423 159.

281 439 352 478 Φέρε
365 439 395 473 δὴ
408 438 521 476 σήμερον
533 436 714 476 πληρώσωμεν
729 439 805 474 ἡμῶν
817 439 874 476 τήν,
884 440 910 468 in
926 441 982 469 Ge-

240 485 326 513 ncsim
342 485 422 513 Hom.
440 485 483 511 12.
496 489 516 510 t.
534 482 560 511 4.
575 493 602 521 p.
623 484 669 512 91.

280 530 293 543 *
305 528 377 568 Φέρε
399 528 430 564 δὴ
442 528 555 567 σήμερον
578 527 654 567 πρός.
671 527 744 557 Vide
755 529 826 569 Φέρε
849 530 880 565 δὴ
894 531 974 560 πάλιν

239 574 313 614 πρός.

279 621 362 659 Φέρει
379 619 425 658 μὲν
441 621 467 649 ἐν
481 620 599 659 Θαλάσσῃ
617 619 684 649 πολὺ
699 620 730 649 τὸ
744 621 846 661 κέρδος,
857 621 884 650 in
897 623 949 661 Ep.
962 625 980 652 2

239 666 274 695 ad
286 666 407 695 Timoth.
422 666 504 694 Hom.
521 666 547 695 4.
561 673 579 694 t.
597 670 645 695 11.
661 677 688 705 p.
705 668 772 696 678.

279 713 361 753 Φέρει
373 713 420 752 μέν
433 726 458 742 τι
471 714 549 743 πλέον
565 715 600 747 εἷς
614 714 791 755 παραμυθίας,
805 715 974 755 Aphthonio‚

240 760 382 790 Theodoto
396 767 456 795 etc„
469 771 509 799 ep.
521 763 567 790 93.
580 767 602 788 t.
617 763 645 791 3.
661 772 687 800 p.
700 762 769 791 642.

278 807 351 847 Φέρε
361 808 405 837 καὶ
422 810 498 846 ἡμεῖς
513 807 641 847 ἁψώμεθα
652 811 698 844 τῆς
711 809 858 841 ὑποθέσεως
868 831 876 845 ,
891 809 917 838 in
927 809 980 838 Job

240 854 335 882 Sermo
347 856 377 888 3,
394 856 518 892 spurius,
529 860 548 882 t.
561 855 588 883 6.
604 865 630 892 p.
647 856 713 883 587.

278 900 351 939 Φέρε
361 899 406 928 καὶ
420 900 544 938 σήμερον,
557 900 752 938 ἀγαπητοὶῃᾘν
764 901 916 930 ἀκολουθίαν
927 902 978 930 τῶν

239 945 311 983 χθές,
321 945 347 973 in
360 945 487 974 Genesim
500 945 579 974 Hom.
597 945 643 974 46.
660 952 679 974 t.
697 946 723 974 4.
740 957 765 984 p.
781 946 848 975 466.

278 991 350 1030 Φέρε
364 991 409 1019 καὶ
424 991 547 1029 σήμερον,
559 992 581 1019 εἷ
593 991 715 1029 βούλεσθε
724 1014 731 1027 ,
747 992 793 1027 τὴν
809 992 977 1028 ἀκολουθίαν,

238 1037 265 1065 in
278 1037 405 1066 Genesim
420 1037 498 1066 Hom.
510 1038 559 1067 60.
572 1043 592 1065 t.
609 1037 636 1067 4.
656 1048 684 1076 p.
702 1039 769 1068 577.

278 1083 350 1121 Φέρε
362 1083 406 1111 καὶ
420 1082 544 1120 σήμερον,
557 1083 578 1111 εἷ
591 1083 672 1118 δοκεῖ,
684 1083 717 1112 τὰ
730 1084 788 1118 ἑξῆς
801 1085 853 1113 τῶν
866 1085 938 1124 χθές,
950 1085 978 1114 in

240 1128 367 1157 Genesim
380 1128 459 1156 Hom.
472 1130 518 1158 53.
530 1134 551 1156 t.
567 1128 596 1156 4.
612 1139 639 1167 p.
653 1130 721 1159 513.

277 1174 349 1212 Φέρε
368 1174 413 1202 καὶ
430 1173 544 1211 σήμερον
566 1174 596 1201 ἐκ
610 1176 662 1202 τῶν
682 1177 728 1202 τοῦ
747 1174 877 1213 μακαρίου
895 1176 978 1204 Muso-

239 1219 315 1255 σε’ως,
329 1220 356 1247 in
371 1219 497 1247 Genesim
510 1219 589 1247 Hom.
610 1221 636 1248 5.
652 1225 673 1247 t.
686 1220 714 1248 4.
729 1231 756 1259 p.
772 1223 818 1250 32.

277 1265 349 1303 Φέρε
359 1265 404 1293 καὶ
415 1263 532 1302 σήμερον
545 1286 552 1299 ,
564 1264 654 1299 ἐπειδὴ
679 1265 746 1302 μετὰ
761 1268 861 1302 πολλῆς
869 1269 916 1301 τ’ἧς
927 1288 934 1302 ,
949 1267 977 1295 in

237 1309 364 1338 Genesim
376 1309 457 1337 Hom.
474 1311 502 1338 S.
518 1316 536 1337 t.
553 1309 580 1338 4.
595 1320 621 1348 p.
634 1312 680 1339 57.

275 1354 347 1393 Φέρε
362 1354 407 1383 καὶ
419 1354 533 1393 σήμερον
544 1355 573 1383 τὸ
585 1355 657 1388 τέλος
673 1357 804 1395 ἐπιθῶμεν
818 1360 866 1397 τῷ,
877 1358 904 1386 in
917 1359 976 1388 Ge-

237 1400 321 1429 nesim
336 1401 414 1429 Hom.
429 1402 475 1431 66.
492 1408 511 1429 t.
529 1401 555 1430 4.
572 1412 598 1440 p.
614 1403 681 1432 628.

276 1447 348 1486 Φέρε
360 1448 404 1475 καὶ
415 1447 528 1486 τήμερον
538 1448 599 1486 περὶ
609 1448 821 1485 κατανύξε(ος,ἆθ
835 1450 976 1490 Compun-

237 1492 331 1521 ctione.
349 1493 420 1521 Vide
435 1503 527 1532 supra„
542 1493 616 1532 Φέρε
628 1494 659 1529 δὴ
671 1495 716 1522 καὶ
728 1495 792 1532 σήμ.

277 1538 349 1578 Φέρε
361 1534 403 1567 οἶν
421 1539 464 1567 ἐπὶ
476 1539 523 1573 τὴν
539 1539 693 1569 ἀκολουθίαν
707 1541 832 1579 ἔλθωμεν,
845 1542 878 1571 de
893 1542 975 1571 Elee—

237 1594 360 1623 mosyna,
376 1587 475 1622 spuria
484 1591 510 1613 et
522 1589 726 1624 praetermissa.

277 1630 349 1668 Φέρε
362 1630 442 1658 πάλιν
453 1632 500 1665 τῆς
516 1631 668 1664 ἀκολουθίας
683 1633 796 1672 σήμερον
810 1636 873 1671 τῶν,
884 1634 912 1663 in
922 1635 976 1664 Ge.

238 1675 322 1703 nesim
338 1675 419 1704 Hom.
439 1678 485 1706 20.
498 1676 556 1706 t.4.
571 1687 597 1715 p.
616 1679 681 1707 170.

278 1721 350 1760 Φέρε
366 1722 445 1751 πάλιν
460 1725 507 1757 τῆς
518 1723 675 1761 ἐπαγγελίας
689 1723 828 1762 ἁψώμεθα,
839 1726 977 1755 Severiani

238 1767 266 1794 in
283 1767 411 1795 Hexaem.
423 1767 502 1796 Hom.
519 1769 546 1797 6.
562 1775 584 1796 t.
599 1769 625 1797 6.
642 1779 669 1807 p.
686 1769 754 1798 494.

277 1813 349 1850 Φέρε
360 1813 439 1842 πάλιν
460 1816 512 1842 τῶν
535 1815 711 1852 εὖαγγελικῶν
722 1837 730 1851 ,
741 1815 767 1843 in
782 1816 851 1845 illud
861 1839 870 1854 ‚
888 1817 978 1846 Dixe-
1002 1815 1007 1820 ⁸

239 1866 306 1887 runt
320 1859 418 1888 Judoei
428 1883 435 1894 ,
450 1867 472 1888 t.
485 1862 502 1890 8
516 1862 545 1888 in
560 1861 680 1899 Spuriis,
700 1872 728 1900 p.
745 1863 812 1891 167.

278 1904 350 1944 Φέρε
372 1906 486 1945 σήμερον
509 1906 625 1943 μάλιστα
647 1909 699 1935 τῶν
719 1908 864 1946 προτέρων,
879 1908 913 1937 de
927 1909 978 1937 Pa-

237 1950 342 1985 tientia,
354 1955 462 1989 spuria,
476 1958 496 1979 t.
509 1953 536 1980 9.
550 1963 578 1990 p.
593 1953 659 1981 806.

277 1997 350 2036 Φέρε
365 1998 448 2026 τοίνυν
464 1997 588 2037 σήμερον,
605 1998 754 2036 ἀγαπητοὶ,
770 1999 871 2036 καθώς,
883 1999 910 2027 in
925 2000 978 2028 Sa-

238 2044 524 2082 maritanam,spuria‚
540 2051 558 2073 t.
575 2048 620 2075 10.
632 2056 658 2084 p.
668 2047 736 2074 797.

277 2090 348 2129 Φέρε
359 2091 392 2118 τὰ
407 2091 518 2129 λείψανα
531 2093 579 2125 τῆς
591 2092 714 2129 χθεσινῆς
725 2091 856 2130 τραπέζης
866 2114 874 2127 ,
886 2091 913 2120 in
924 2092 978 2121 Ge-

239 2135 322 2164 nesim
337 2136 414 2164 Hom.
433 2136 479 2165 40.
492 2143 510 2164 t.
528 2136 554 2164 4.
568 2147 593 2175 p.
611 2136 677 2166 403.

278 2181 349 2220 Φέρε
368 2182 482 2220 τήμερον
504 2186 559 2214 τοῖς
579 2181 647 2210 κατὰ
666 2183 708 2211 τὸν
729 2182 832 2219 Ὀζίαν,
846 2183 874 2212 in
893 2183 975 2221 illud,

240 2227 364 2254 Factum
379 2233 421 2255 est
439 2229 470 2254 in
490 2237 569 2255 anno
585 2237 642 2265 quo
664 2234 793 2256 mortuus
816 2234 868 2264 est,
880 2235 929 2256 etc.
946 2229 976 2257 In

239 2271 331 2299 Oziam
344 2272 421 2300 Hom.
439 2274 465 2301 5.
478 2279 499 2301 t.
517 2273 543 2301 6.
560 2284 587 2312 p.
605 2274 668 2303 131.

279 2317 391 2355 Φεύγειν
403 2318 431 2345 τὸ
444 2320 495 2356 φῶς
507 2320 534 2346 οὐ
550 2319 640 2355 καλόν,
653 2318 680 2346 in
690 2319 973 2359 sanctaTheophania,

239 2364 336 2400 spuria
347 2369 374 2390 et
386 2367 502 2391 omissa.

279 2407 367 2441 Φησὶν
380 2410 396 2441 ἧ
412 2407 467 2436 θεία
484 2409 586 2447 Γραᾳὴ,
597 2411 610 2437 ὁ
626 2410 705 2438 ἐλεῶν
715 2432 723 2444 ,
738 2409 772 2438 de
788 2410 975 2450 Eleemosyna,

241 2455 377 2491 spuria‚t.
393 2457 440 2481 ll.
455 2464 479 2492 p.
495 2454 563 2483 843.

279 2499 368 2534 Φησὶν
383 2500 396 2526 ὁ
407 2501 473 2531 θεῖος
492 2500 646 2533 ἀπόστολος,
662 2501 846 2536 ἀδιαλείπτως,
863 2503 897 2532 dc
908 2504 976 2532 Ora-

240 2544 309 2573 tione
324 2545 359 2573 ad
375 2546 529 2582 monachos,
545 2548 655 2584 spuria,
669 2554 689 2574 t.
705 2550 732 2576 9.
744 2559 770 2587 p.
786 2551 852 2578 337.

277 2591 469 2629 Φιλάνθρωπος
480 2591 515 2619 ὢν
528 2594 541 2619 ὁ
556 2592 633 2626 (θεὸς,
647 2594 776 2629 ἀγαπητὲ,
790 2596 834 2623 καὶ
850 2596 977 2634 εὐεργετι-

240 2636 329 2673 .26;‚in
341 2638 418 2667 Jom.
436 2637 514 2667 Hom.
535 2641 568 2666 10
597 2645 614 2665 t.
632 2641 659 2666 8.
678 2650 706 2677 p.
724 2641 771 2667 56.

716 240 745 261 S.
774 239 915 262 JOANMS
943 238 1125 261 CHRYSOST.
1153 238 1288 263 OPERUM

1079 301 1158 329 Φιλῶ
1169 301 1216 338 μὲν
1226 301 1274 336 τὴν
1289 300 1420 337 νηστείαν,
1436 300 1477 330 ὅτι
1492 300 1582 340 μήτηρ
1601 312 1715 341 σωφροσ.
1726 323 1734 337 ,
1749 301 1777 330 in

1039 347 1166 375 Genesim
1176 348 1268 376 Sermo
1283 349 1310 377 6.
1331 354 1350 376 t.
1363 347 1389 376 4.
1402 358 1430 386 p.
1447 348 1514 377 670.

1076 392 1186 432 Φοὸερὰ
1197 396 1244 428 τ’ῆς
1263 395 1406 433 σημερινῆς
1421 392 1592 433 παρατάξεως
1602 416 1610 429 ,
1626 393 1654 422 in
1666 392 1775 422 Passio-

1037 449 1097 467 nem
1111 445 1136 466 et
1151 438 1263 467 Crucem
1281 438 1402 475 Domini.
1418 438 1477 466 Non
1497 444 1536 466 est
1559 438 1746 478 Chrysostomi
1760 449 1771 476 5

1036 485 1064 513 in
1074 483 1238 522 quibusdam
1253 485 1318 512 Mss.
1329 483 1461 512 tribuitur
1475 483 1582 512 Proclo.

1075 530 1204 565 Φοὸήσας
1214 534 1267 563 τοῖς
1285 531 1421 569 λυπηροῖς,
1430 528 1558 568 εὐφράνας
1569 534 1631 566 τοῖς,
1645 528 1672 557 in
1686 539 1746 568 cap.
1754 530 1773 558 5

1035 576 1122 611 Isaiae,
1136 583 1157 604 t.
1168 577 1195 605 6.
1212 587 1237 614 p.
1253 578 1300 606 50.

1068 623 1089 660 †
1103 621 1293 660 Φορτονμὶν,ἢ
1306 622 1376 655 ἔθνος
1383 621 1472 660 φησίν,
1481 620 1508 649 in
1520 620 1661 650 Danielem
1670 631 1730 660 cap.
1743 624 1773 651 1.

1035 675 1052 697 t.
1067 670 1094 698 6.
1109 679 1136 707 p.
1152 670 1221 698 200.

1073 716 1191 755 Φρικτὸν
1213 717 1226 744 ὁ
1244 716 1353 748 θάνατος
1364 714 1410 744 καὶ
1432 714 1512 754 φόὸου
1533 714 1671 754 γέμον,ἰ11
1694 715 1772 745 Joan.

1034 764 1114 793 Hom.
1131 765 1178 793 83.
1192 770 1212 792 t.
1226 766 1253 793 8.
1270 774 1296 802 p.
1308 763 1374 792 489.
1763 789 1766 793 .

1073 810 1191 849 Φρικτὸς
1203 811 1217 838 ὁ
1231 812 1282 838 τῶν
1304 809 1443 848 μαρτύρων
1467 808 1555 848 ἀγὼν,
1570 808 1630 838 ἀλλ’
1644 831 1652 846 ,
1667 808 1694 837 in
1719 808 1771 838 SS-

1033 859 1178 896 Martyres,
1194 858 1294 895 spuria
1306 862 1334 884 ec
1345 857 1460 884 omissa.

1390 955 1414 983 X

1074 1034 1168 1073 Χαίρει
1190 1034 1238 1071 μὲν
1261 1032 1383 1072 βουκόλος
1408 1031 1514 1061 ἐπειδὰν
1535 1032 1718 1066 εὖπαθοῧσαν,
1736 1030 1777 1059 de

1032 1079 1237 1118 Prophetiarum
1253 1078 1415 1107 obscuritate
1438 1077 1517 1106 Hom.
1532 1079 1559 1106 2.
1574 1083 1594 1105 t.
1610 1078 1637 1106 6.
1654 1087 1680 1115 p.
1702 1078 1770 1107 180.

1071 1126 1186 1164 Χαίρετε
1199 1127 1224 1154 ἐν
1239 1125 1327 1164 Κυρίῳ
1341 1124 1465 1160 πάντοτε,
1477 1122 1654 1162 <immam-offla
1664 1121 1772 1151 tridua-

1031 1182 1093 1200 nam
1107 1171 1350 1202 Resurrectionem.
1365 1171 1473 1208 spuria,
1486 1176 1505 1198 t.
1523 1172 1549 1198 9..
1560 1180 1587 1207 p.
1603 1169 1670 1198 824.

1072 1217 1165 1256 Χαίρω
1186 1217 1231 1245 καὶ
1251 1216 1423 1255 εὖφραίνομαι
1444 1217 1510 1255 ὁρῶν
1529 1216 1644 1253 σήμερον
1659 1215 1726 1250 τήν,
1741 1214 1770 1244 in

1032 1263 1159 1291 Genesim
1174 1262 1253 1290 Hom.
1274 1265 1300 1291 1.
1316 1268 1334 1290 t.
1346 1261 1372 1290 4.
1387 1272 1414 1300 p.
1430 1264 1457 1290 1.

1071 1308 1165 1347 Χαίρω
1177 1309 1222 1337 καὶ
1234 1308 1369 1347 συγχαίρω
1383 1312 1463 1336 πᾶσιν
1471 1308 1533 1346 ὑμῖν
1544 1306 1584 1336 ὅτι
1598 1307 1646 1343 τὴν
1653 1307 1771 1347 παρ.,ἰῐι

1031 1355 1138 1384 Statuas
1148 1355 1227 1383 Hom.
1242 1358 1286 1384 10.
1299 1360 1317 1382 t.
1332 1356 1359 1383 2.
1375 1364 1401 1392 p.
1419 1354 1484 1383 105.

1069 1401 1162 1441 Χαίρω
1176 1403 1242 1440 ὁρῶν
1260 1403 1328 1438 ὑμᾶς
1344 1400 1532 1439 συντρέχοντας
1549 1399 1593 1429 ἐπὶ
1606 1399 1654 1435 τὴν
1671 1399 1772 1440 ἀκρόα-

1030 1459 1081 1483 σιν,
1093 1448 1120 1475 in
1134 1446 1260 1476 Genesim
1272 1446 1350 1475 Hom.
1362 1446 1410 1475 45.
1428 1453 1446 1474 t.
1461 1446 1488 1475 4.
1504 1456 1530 1484 p.
1547 1445 1614 1475 456.

1070 1493 1162 1532 Χαίρω
1177 1493 1365 1532 συντρέχοντας
1375 1495 1444 1530 ὑμᾶς
1454 1494 1520 1531 ὁρῶν
1535 1492 1599 1531 πρὸς
1612 1491 1660 1526 τὴν
1673 1491 1770 1531 ἀκρόα-

1031 1552 1082 1576 σιν,
1097 1540 1124 1568 in
1138 1539 1206 1568 illud
1234 1539 1309 1568 Isaiae
1320 1560 1328 1574 ,
1345 1540 1410 1567 Vidi
1434 1539 1599 1567 Dominum.
1625 1538 1656 1566 In
1674 1537 1770 1566 Oziam

1030 1586 1110 1615 Hom.
1129 1588 1155 1615 2.
1168 1592 1186 1614 t.
1200 1586 1227 1615 6.
1241 1596 1269 1624 p.
1284 1586 1348 1615 106.

1071 1630 1184 1660 Χαλεπὰ
1203 1631 1237 1660 τὰ
1257 1630 1420 1669 γεγενημένα
1436 1653 1444 1664 ,
1464 1631 1520 1659 ἀλλ’
1543 1632 1592 1669 οὐχ
1610 1629 1678 1669 ὑπὲρ
1692 1631 1744 1658 τῶν
1759 1650 1768 1665 ‚

1031 1677 1145 1713 Paeanio,
1157 1688 1200 1716 ep.
1215 1679 1261 1706 95.
1277 1683 1297 1704 t.
1315 1679 1343 1706 3.
1360 1687 1387 1715 p.
1402 1676 1469 1706 644.

1070 1723 1203 1756 Χαλεπὸν,
1219 1722 1362 1761 ἀγαπητοὶ,
1374 1721 1489 1761 χαλεπὸν
1507 1723 1542 1755 εἷς
1564 1721 1642 1760 βάθος
1659 1723 1766 1757 κακῶν,

1031 1769 1058 1797 in
1072 1770 1149 1798 Joan.
1165 1769 1243 1796 Hom.
1260 1770 1335 1796 7l.t.
1351 1770 1378 1797 8.
1393 1778 1420 1806 p.
1438 1767 1504 1796 417.

1071 1816 1162 1853 Χαρᾶς
1173 1814 1276 1854 ἡμέρα,
1287 1813 1315 1842 in
1329 1813 1431 1842 Pascha
1442 1835 1450 1850 ,
1467 1815 1566 1851 spuria
1593 1823 1629 1841 ac
1647 1819 1765 1852 praeter-

1032 1871 1129 1889 missa.

1070 1907 1154 1946 Χάριν
1167 1908 1228 1944 ὑμῖν
1241 1906 1317 1945 ἴσμεν
1331 1906 1431 1940 πολλὴν
1442 1908 1490 1941 τῆς
1500 1904 1629 1941 τοσαύτης
1640 1906 1771 1942 εὐτονίας,

1032 1952 1163 1992 episcopis
1190 1953 1238 1991 qui
1276 1963 1338 1981 cum
1367 1951 1588 1981 Occidentah'bus
1616 1958 1743 1980 venerant
1757 1973 1768 1988 ,
1807 1969 1813 1974 -

1030 2008 1072 2037 ep.
1086 2000 1152 2028 167.
1167 2006 1186 2027 t.
1200 2002 1226 2029 3.
1238 2010 1265 2038 p.
1280 2000 1347 2028 696.

1071 2044 1138 2076 Χθὲς
1151 2047 1213 2082 ἡμῖν
1223 2067 1230 2080 ,
1250 2044 1364 2082 ἀδελφοὶ,
1379 2046 1392 2072 ὃ
1405 2044 1464 2082 περὶ
1478 2046 1525 2078 τῆς
1543 2043 1713 2078 ἀτελευτήτου
1732 2045 1769 2082 β.,

1031 2090 1058 2117 in
1070 2090 1151 2124 illud,
1167 2090 1291 2128 Quando
1306 2091 1362 2128 ipsi
1373 2091 1505 2128 subjiciet
1514 2092 1623 2127 omnia,
1633 2096 1769 2128 etc.;5pu-

1031 2138 1076 2164 ria
1088 2139 1120 2164 et‘
1127 2140 1329 2174 praetermissa.

1072 2182 1138 2215 Χθὲς
1157 2185 1221 2219 ἡμῖν
1237 2184 1251 2210 ὁ
1264 2182 1338 2220 λόγος
1353 2182 1389 2214 εἷς
1412 2181 1460 2216 τήν
1483 2185 1528 2210 τοῦ
1552 2181 1666 2220 μεγάλου
1693 2184 1769 2211 ἀετοῦ

1031 2228 1149 2266 θεωρίαν,
1171 2228 1199 2256 in
1220 2227 1300 2261 illud,
1316 2229 1353 2255 In
1374 2229 1511 2266 principio
1535 2234 1598 2255 erat
1624 2228 1769 2262 Verbum,

991 2306 994 2307 .
1031 2282 1049 2302 t.
1068 2277 1112 2304 12.
1125 2285 1150 2313 p.
1167 2274 1232 2303 415.
1245 2274 1341 2302 Incerti
1353 2285 1428 2313 opus.

1070 2319 1138 2351 Χθὲς
1157 2321 1220 2357 ἡμῖν
1242 2322 1255 2348 ὃ
1275 2320 1350 2357 λόγος
1374 2319 1439 2358 πρός
1460 2331 1489 2348 τε
1513 2319 1560 2354 τὴν
1578 2319 1721 2358 αἱρετικὴν,
1742 2320 1770 2349 in

1031 2366 1184 2405 Serpentem
1205 2365 1329 2405 Moysis,
1349 2372 1367 2393 t.
1389 2366 1416 2394 6.
1442 2376 1470 2404 p.
1494 2367 1560 2394 511.
1585 2365 1600 2379 *
1614 2365 1661 2394 Est
1691 2366 1770 2395 Seve-

1031 2411 1111 2441 riani.
1128 2413 1164 2440 V.
1185 2411 1278 2441 Jacob.
1293 2411 1455 2441 Sirmondus
1475 2411 1509 2440 ad
1535 2411 1690 2440 Ennodium
1705 2418 1725 2440 t.
1742 2415 1766 2443 1.

1032 2469 1058 2496 p.
1078 2457 1162 2488 1842.

1072 2503 1138 2535 Χθὲς
1149 2505 1225 2541 ἡμῖν,
1242 2498 1263 2531 ὦ
1278 2503 1475 2543 φιλόχριστοι,ἧ
1487 2507 1532 2532 τοῦ
1546 2503 1620 2542 ἁγίου
1628 2503 1674 2532 καὶ
1685 2515 1770 2542 προσ-

1032 2562 1101 2583 κυν.,
1116 2549 1150 2577 de
1159 2549 1262 2588 Spiritu
1275 2556 1374 2584 sancto,
1385 2552 1495 2587 spuria,
1506 2556 1526 2577 t.
1544 2551 1603 2587 3.p.
1614 2551 1680 2579 797.
1691 2549 1770 2577 *Me-

1033 2595 1110 2623 minit
1126 2595 1183 2633 ejus
1200 2595 1312 2622 Photius
1327 2594 1393 2622 cod.
1409 2594 1602 2624 CCLXXVH.

1074 2641 1141 2672 3103:
1154 2640 1291 2679 μαρτύρων
1306 2640 1401 2680 ἡμέρα,
1419 2640 1486 2669 ἀλλὰ
1502 2640 1545 2669 καὶ
1563 2640 1690 2678 σήμερον,
1707 2650 1766 2668 cum
