1884 2922
749 199 850 221 INDEX
878 198 1005 221 RERUM.

150 260 264 289 SmAris
279 258 458 288 similitudine
479 260 564 288 utitur
581 259 703 288 Christus
719 266 748 288 ut
765 267 853 288 osten-

110 302 156 331 dat
169 302 249 331 fidem
259 303 302 331 vel
314 304 454 332 minimam
469 312 565 341 magna
578 313 663 342 posse.
678 310 734 332 VII.
748 308 812 332 654.
824 314 854 331 n.

151 347 367 376 SrNGL'LAmrEn
383 347 410 375 in
425 357 472 385 spe
485 356 541 374 esse
551 369 558 382 ,
570 345 635 385 quid
649 347 693 375 sit.
712 354 742 375 V.
760 351 805 376 32.
825 359 847 375 A.

151 391 318 420 SlNOPENSIS
343 390 476 429 Diogenes
496 389 681 429 philosophus.
705 398 727 419 1.
754 395 798 419 80.
823 402 850 419 A.

114 435 180 465 Vid.
199 435 355 463 DioGENEs.

149 478 234 507 smus
244 478 360 506 Abrahae
370 478 435 516 quid
445 478 490 507 sit.
506 485 525 507 1.
541 482 606 508 899.
622 478 796 506 VideAnnAu
805 489 852 506 Am.

111 520 252 550 Christum
265 522 292 549 in
308 522 368 550 sinu
384 522 470 551 Patris
482 532 537 550 esse
551 544 558 558 ‚
579 521 712 560 significat
733 532 793 550 eum
809 533 851 550 ac-

111 572 202 594 curate
214 567 320 594 Patrem
334 576 420 594 nosse.
435 573 506 594 VIII.
523 570 570 596 99.
584 576 613 595 D.

150 610 219 638 Siox
247 609 391 648 anagogice
414 609 533 639 Ecclesia
555 609 664 637 dicitur.
691 616 722 637 v.
740 613 804 637 122.
822 620 849 638 n.

111 652 177 682 Sion
189 659 227 681 est
241 652 399 682 Judaeorum
410 651 565 691 metropolis
574 674 582 688 ‚
597 652 671 680 locus
691 652 804 690 integer.
820 659 850 680 v.

112 700 177 725 269.
201 708 228 726 Α.
252 695 332 724 Illinc
350 695 517 734 evangelium
540 702 566 724 et
586 695 699 735 apostoli
719 696 852 724 exierunt.

111 740 190 768 Ibid.
215 750 239 768 B.
261 739 350 768 Sionis
365 750 414 768 cur
438 740 539 768 mentio
558 740 584 768 in
609 739 715 768 Psalmo
732 739 850 768 CXXIV

109 783 190 811 facta.
211 790 244 812 V.
272 788 336 812 418.
359 783 428 812 Sion
450 784 617 822 appellatur
640 787 664 812 is
689 784 740 821 qui
761 784 851 812 Deum

111 827 288 864 speculatur.
305 834 338 855 Υ.
357 831 419 856 912.
436 837 464 856 Γ..

151 871 291 900 Smmtm
307 871 380 899 Iocus
393 894 400 907 ‚
418 871 495 900 lectio
507 881 576 900 vers.
590 876 625 900 20
637 870 735 899 Psalmi
749 871 849 900 XLIII.

112 922 144 942 Υ.
162 920 222 943 186.
238 926 268 943 D.

151 958 298 987 SonmerAs
313 965 351 986 est
365 957 468 986 deliciis
489 965 514 986 et
535 958 627 986 utilior
645 965 670 986 et
691 957 809 986 suavior.
829 965 847 986 1.

112 1005 176 1030 397.
191 1012 219 1030 n.
236 1001 332 1030 13.Non
347 1008 433 1039 potest
448 1011 510 1029 cum
522 1000 626 1029 deliciis
637 1001 788 1030 consistere.
802 1009 848 1030 Xt.

130 1049 164 1073 73
179 1044 199 1074 ⁶.
213 1055 242 1074 n.
255 1043 394 1073 Sobrietas
412 1051 462 1079 est,
473 1054 525 1072 non
541 1044 621 1072 modo
643 1055 657 1072 a
677 1045 852 1074 fornicatione

110 1087 255 1124 abstinere,
269 1087 317 1116 sed
328 1087 408 1116 etiam
421 1099 436 1116 a
446 1088 556 1127 reliquls
565 1088 640 1118 vitiis
654 1088 770 1117 alienum
782 1099 848 1118 esse.

112 1139 157 1161 XI.
172 1136 237 1160 822.
251 1142 276 1161 Β.

151 1176 285 1205 Somnus
294 1175 427 1204 bonorum
435 1176 614 1215 semperbona
628 1183 678 1206 est.
692 1184 736 1205 IX.
750 1181 813 1205 370.
827 1188 851 1204 r..

111 1219 230 1249 Societas
241 1230 332 1248 eorum
345 1220 393 1258 qui
407 1221 434 1248 in
451 1230 564 1248 moerore
576 1228 637 1249 sunt
647 1243 655 1255 ,
674 1220 772 1248 molem
785 1231 854 1249 moe-

113 1264 181 1294 roris
195 1264 312 1292 allevare
324 1264 398 1292 solet.
415 1271 460 1293 XI.
472 1269 537 1293 714.
556 1274 584 1294 E.

151 1309 296 1338 Socomm
309 1318 369 1346 qnae
384 1314 445 1336 sunt
458 1308 547 1336 facilia
560 1314 691 1347 praecepta
703 1306 790 1336 reddit
802 1307 854 1335 dif-

111 1353 206 1381 ficilia.
222 1359 254 1380 V.
271 1356 334 1380 333.
352 1363 378 1379 B.
396 1363 420 1379 c.

151 1397 226 1425 Socn
233 1406 302 1431 ATES,
313 1396 355 1424 vir
367 1406 490 1434 magnus,
507 1397 614 1425 Graecos
627 1406 718 1425 omnes
730 1397 854 1436 philoso-

110 1440 176 1480 phia
191 1439 344 1479 superabat.
362 1447 396 1469 x.
419 1445 463 1469 35.
486 1451 515 1468 n.
533 1441 653 1479 Regibus
673 1441 813 1470 celebrior.
830 1449 851 1471 1.

112 1490 159 1514 80.
175 1496 204 1513 n.
221 1495 247 1512 E.
265 1496 290 1512 A.
308 1484 483 1523 Sophronisci
498 1484 581 1521 filius,
593 1485 628 1513 oh
642 1485 703 1514 vitae
719 1486 852 1523 tranquil-

111 1529 215 1558 litatem
227 1534 252 1556 et
267 1527 468 1567 philosophiam
484 1528 558 1568 apud
578 1529 749 1558 Athenienses
766 1530 853 1558 maxi·

111 1583 154 1602 me
170 1573 276 1606 florens,
291 1572 372 1600 semel
384 1579 472 1601 tamen
485 1578 531 1600 aut
546 1572 588 1601 his
603 1573 629 1601 in
645 1573 703 1601 acie
717 1573 796 1601 stetit.
813 1581 855 1602 VI.

113 1622 160 1647 29,
173 1628 199 1645 A.
209 1617 371 1644 Litterarum
387 1627 438 1645 non
453 1617 568 1645 multum
582 1617 716 1646 studiosus
731 1624 815 1646 toturn
829 1629 856 1646 se

111 1660 187 1689 dedit
201 1660 234 1688 ad
248 1670 307 1689 eam
322 1660 500 1700 philosophiae
515 1667 616 1699 partem
635 1672 693 1700 quae
708 1672 794 1690 mores
809 1672 855 1690 re-

113 1703 202 1743 spicit.
219 1711 239 1732 1.
256 1708 319 1732 117.
336 1714 363 1731 E.
379 1714 404 1731 A.
421 1704 452 1732 In
463 1703 512 1731 hac
526 1710 581 1732 arte
595 1711 702 1733 caeteros
714 1705 792 1743 longe
806 1716 857 1733 an-

112 1747 230 1777 tevertit.
243 1747 287 1777 Ib.
298 1747 378 1782 Quod
388 1747 519 1776 sermonis
529 1748 687 1787 elegantiam
701 1760 796 1788 parum
810 1760 856 1778 cn-

113 1792 232 1828 raverit,
246 1791 362 1831 probant
379 1793 435 1831 ejus
451 1792 533 1820 verba
547 1803 580 1821 ex
596 1793 707 1822 Platone
722 1794 810 1822 citata.
833 1801 854 1823 Ι.

114 1841 178 1865 117.
196 1848 222 1865 A.
236 1846 262 1865 n.
281 1835 398 1864 Divitias
413 1836 562 1866 contemsit.
580 1844 599 1865 1.
617 1842 682 1866 423.
705 1848 730 1867 B.
746 1849 773 1865 c.
791 1837 857 1877 Ejus

112 1887 266 1919 paupertas.
291 1887 311 1907 Ι.
335 1884 379 1908 80.
403 1890 429 1908 Ε.
450 1881 468 1908 Α
486 1890 547 1918 rege
566 1881 695 1909 Archelao
726 1881 856 1910 invitatus

114 1924 220 1952 nolebat
232 1923 321 1962 Lyceo
332 1923 443 1952 dimisso
455 1924 488 1952 ad
500 1923 575 1952 illius
585 1935 647 1963 opes
658 1925 801 1964 proficisci.
812 1927 856 1955 lb.

115 1979 142 1996 A.
157 1968 190 1997 Ei
206 1975 293 1996 tamen
313 1968 387 1996 Crito
403 1967 528 2006 pecunIas
547 1968 667 2006 ingentes
683 1969 821 2000 offerebat.
834 1977 856 1999 Ι.

113 2017 162 2040 77.
179 2023 206 2040 Λ.
224 2023 249 2040 n.
276 2012 347 2040 Eum
364 2011 496 2050 jubebant
518 2012 625 2051 tyranni
646 2024 660 2041 a
682 2012 858 2053 philosophiae

114 2055 235 2084 doctrina
247 2055 385 2090 absistere,
398 2055 480 2094 idque
492 2061 521 2084 nt
534 2055 688 2094 reipublicae
699 2064 796 2085 statum
807 2068 860 2086 cer-

114 2098 168 2127 tius
180 2105 339 2127 everterent.
363 2106 382 2127 1.
404 2104 450 2128 70.
468 2109 495 2127 n.
511 2099 654 2134 Quomodo
670 2111 732 2139 erga
748 2112 860 2130 uxorem

115 2153 244 2182 nugacem
266 2150 291 2172 et
310 2143 504 2172 conviciantem
518 2154 546 2172 se
564 2151 673 2182 gereret.
697 2152 729 2174 Χ.
748 2150 812 2174 280.
830 2156 859 2174 D.

155 2188 277 2216 Socrates
295 2188 401 2217 vinctus
423 2187 474 2215 suit
494 2187 571 2226 apud
590 2188 709 2219 Graecos.
732 2196 777 2218 XI.
795 2194 859 2218 4134.

118 2231 186 2270 Ejus
210 2242 292 2260 mors.
321 2239 355 2260 x.
380 2237 427 2260 70.
455 2243 484 2259 n.
513 2231 637 2260 Cicutam
662 2232 743 2267 bibit,
770 2233 864 2261 bibere

120 2281 227 2303 coactus
239 2286 247 2310 ;
261 2285 314 2303 non
329 2282 422 2314 sponte
440 2282 552 2304 mortem
570 2276 683 2315 oppetiit
703 2277 771 2305 sicut
795 2287 864 2305 mar-

121 2325 202 2357 tyres.
215 2325 249 2347 X.
265 2322 311 2347 33.
327 2328 354 2345 r..
370 2329 396 2345 A.
411 2319 503 2354 Quare
516 2326 631 2347 coactus.
647 2327 681 2349 Χ.
697 2325 742 2349 35.
760 2331 785 2349 E.
803 2321 863 2349 Ido-

122 2362 157 2390 lis
176 2361 352 2389 nihilominus
373 2361 496 2389 addictus
512 2362 581 2397 suit,
599 2363 644 2401 qui
663 2364 742 2401 jussit
762 2365 864 2403 gallum

124 2405 280 2444 AEsculapio
295 2404 450 2433 sacrificari.
465 2413 511 2434 lx.
528 2410 594 2436 491.
612 2417 638 2434 n.
652 2407 748 2436 Omnia
762 2407 796 2436 ad
808 2408 866 2447 glo-

124 2450 193 2478 riam
205 2449 328 2477 faciebat.
342 2456 388 2478 lx.
403 2453 465 2478 308.
476 2461 504 2480 A,
520 2460 545 2477 Β.
559 2457 580 2478 1.
597 2455 663 2479 423.
682 2462 706 2481 B.
721 2462 747 2480 c.
762 2453 866 2480 Novam

126 2493 188 2522 vitae
201 2493 330 2521 rationem
342 2491 464 2529 induxit,
477 2503 536 2530 quae
550 2503 602 2522 non
614 2494 697 2526 stetit.
716 2502 737 2523 1.
758 2501 821 2525 770.
838 2507 863 2524 A.

127 2537 258 2566 Socrates
273 2537 313 2565 ad
325 2542 444 2565 mortem
457 2536 620 2567 damnatus.
635 2545 668 2567 v.
682 2543 744 2568 840.

168 2580 377 2609 Sonmnmnum
389 2581 550 2611 exsecranda
563 2583 689 2621 nequitia.
701 2591 743 2613 tv.
759 2588 822 2613 392.
840 2596 865 2613 A.

291 2643 362 2661 Toni.
390 2644 439 2661 xm

1580 188 1648 223 585

908 270 932 287 n.
952 271 976 288 c.
997 264 1058 288 508.
1080 270 1107 288 E.
1127 269 1190 298 sqq.
1209 259 1309 287 nefaria
1330 259 1438 287 scelera.
1463 266 1506 288 111.
1532 265 1596 289 39t.
1621 274 1647 289 ,1.

909 314 933 331 Β.
954 314 979 331 c.
999 302 1118 341 crapula.
1146 309 1190 331 tv.
1215 308 1241 331 7.
1264 314 1288 331 c.
1317 310 1453 342 peccatum
1480 304 1568 342 quale.
1600 311 1645 332 lv.

908 350 972 375 493.
991 357 1017 374 E.
1036 358 1063 375 A.
1087 353 1134 375 tx.
1156 351 1219 375 499.
1245 358 1268 375 c..
1293 357 1321 375 n.
1343 346 1451 376 Clamor
1467 347 1646 376 Sodomorum

908 401 968 418 cum
989 390 1102 428 peccatis
1123 389 1319 429 multiplicatus
1332 390 1399 428 quid
1412 391 1456 419 sit.
1475 398 1520 420 lv.
1537 395 1602 419 493.
1622 403 1647 419 A.

908 438 973 463 494.
993 433 1144 463 Sodomitas
1162 444 1213 462 non
1231 434 1322 462 statim
1343 434 1418 463 ultus
1440 441 1479 463 est
1503 438 1588 463 Deus.
1611 443 1645 463 11.

908 482 974 506 919.
999 488 1023 506 c.
1042 488 1069 505 D.
1089 487 1116 506 E.
1138 482 1200 506 920.
1217 479 1322 513 Quanta
1339 477 1541 516 longanimitate
1555 486 1581 507 et
1598 479 1648 507 mi-

906 521 1049 550 sericordia
1070 531 1149 556 usus,
1168 527 1197 548 ut
1218 531 1261 549 eos
1277 520 1312 549 ad
1329 522 1513 559 poenitentiam
1532 522 1648 551 adduce-

907 572 956 594 ret.
966 567 1012 593 Ih.
1025 566 1191 604 Deprecatur
1202 564 1339 593 Abraham
1352 564 1453 593 enitens
1466 572 1586 594 avertere
1598 566 1647 595 So-

905 608 1049 638 domorum
1064 608 1211 637 excidium.
1228 616 1273 637 IV.
1297 613 1365 639 495.
1382 620 1411 636 D.
1428 619 1489 648 sqq.
1509 610 1647 645 Quantum

906 652 958 690 ipsi
974 663 1115 680 moerorem
1132 651 1250 680 attulerit
1268 657 1339 680 tanta
1361 651 1462 680 clades.
1483 659 1503 680 1.
1529 657 1594 681 237.
1621 663 1645 682 c.

906 696 1086 725 Sodomorum
1100 695 1263 724 incendium.
1280 702 1325 724 tv.
1344 700 1408 725 514.
1426 707 1455 724 n.
1478 701 1541 725 515.
1559 698 1647 725 Deso-

906 739 1014 768 Iationis
1029 739 1118 768 adhuc
1134 741 1161 768 in
1181 740 1231 768 hac
1249 747 1317 768 terra
1338 740 1530 778 perseverantis
1545 740 1646 779 imago.

909 791 953 812 Vt.
975 788 1040 812 350.
1057 794 1081 812 B.
1098 795 1123 812 c.
1142 788 1205 812 351.
1223 784 1324 818 Quater
1342 783 1417 812 mille
1429 784 1491 812 anni
1507 784 1647 821 effluxere,

907 834 931 856 et
946 827 1147 856 Sodomitarum
1166 827 1233 856 ultio
1249 827 1337 856 adhuc
1359 828 1432 866 viget
1453 835 1477 856 et
1495 836 1592 858 manet.
1612 837 1646 858 Χ.

907 876 953 899 88.
974 882 1000 900 c.
1028 871 1068 899 Ab
1091 871 1167 899 annis
1187 871 1229 899 bis
1252 871 1327 900 mille
1348 878 1502 910 conspectus
1527 872 1646 911 regionis

906 916 964 944 orbi
983 916 1107 944 universo
1122 915 1230 949 clamat,
1246 915 1355 953 nequid
1368 915 1523 954 hujusmodi
1539 916 1645 945 audeat.

907 966 928 986 1.
949 963 1010 987 109.
1028 970 1051 987 c.
1071 957 1250 987 Sodomorum
1264 958 1337 987 lacus
1351 958 1509 998 descriptio.
1526 966 1571 989 XI.
1585 964 1649 989 557.

908 1015 934 1030 A.
948 1014 971 1031 B.
989 1013 1012 1030 c.
1028 1013 1058 1030 n.

947 1044 1150 1075 Sodomitarum
1166 1044 1310 1073 nefandum
1325 1046 1421 1074 vitium
1443 1054 1575 1084 qnantum
1599 1048 1652 1076 fre-

906 1100 988 1128 quens
996 1097 1114 1128 tempore
1125 1089 1321 1128 Chrysostomi.
1334 1097 1353 1118 1.
1370 1095 1432 1120 108.
1445 1101 1510 1129 sqq.
1521 1098 1569 1120 tx.
1585 1097 1649 1123 117,

907 1145 932 1163 c.
951 1133 1047 1162 mediis
1068 1133 1094 1161 in
1118 1133 1242 1161 urbibus.
1262 1140 1281 1162 1.
1307 1139 1369 1162 108.
1393 1146 1419 1163 A.
1447 1141 1511 1163 tunc
1533 1137 1652 1164 maxime

907 1177 1064 1207 Antiochiae.
1078 1184 1099 1205 1.
1116 1182 1178 1205 108.
1197 1186 1220 1203 Β.

947 1221 1093 1250 Sodomitae
1108 1227 1132 1248 et
1146 1220 1192 1248 hic
1206 1227 1232 1248 et
1246 1220 1274 1248 in
1289 1220 1372 1249 altera
1383 1221 1436 1249 vita
1453 1221 1535 1260 plexi.
1549 1229 1570 1250 1.
1587 1227 1650 1251 952.

907 1266 1087 1294 Sodomorum
1101 1263 1255 1293 incendium
1267 1264 1336 1303 ignis
1348 1265 1474 1303 gehennae
1486 1265 1584 1304 imago.
1601 1273 1646 1295 lx.

909 1314 973 1338 499.
988 1321 1015 1338 A.
1032 1320 1059 1337 Β.

946 1354 1027 1382 Soms
1040 1352 1145 1390 elegans
1156 1350 1310 1390 de501·iPti0.
1326 1358 1370 1380 lv.
1387 1357 1432 1381 53.
1449 1363 1472 1380 c.
1487 1363 1516 1380 n.
1530 1363 1557 1382 Ε.
1571 1352 1650 1381 Hunc

909 1408 957 1437 pro
971 1397 1021 1425 deo
1046 1396 1157 1434 gentiles
1171 1395 1335 1424 habuerunt.
1353 1397 1398 1425 II).
1416 1408 1442 1424 A.
1460 1397 1647 1425 Consutantnr.

910 1449 954 1470 lv.
982 1445 1025 1469 54.
1042 1451 1070 1468 D.
1088 1450 1114 1468 E.
1135 1439 1262 1467 Homines
1282 1440 1426 1479 principali
1453 1451 1532 1469 causa
1558 1441 1650 1470 relicta

908 1485 1087 1514 adoraverunt
1107 1483 1200 1511 solem.
1220 1490 1251 1512 V.
1275 1488 1339 1513 571.
1365 1495 1389 1512 c.
1412 1491 1458 1513 XI.
1487 1490 1550 1513 105.
1575 1496 1601 1513 Α.
1626 1495 1650 1513 Β.

910 1534 973 1558 106,
990 1535 1118 1566 quantam
1133 1538 1180 1566 per
1196 1527 1338 1556 insaniam.
1367 1529 1411 1556 lb.
1427 1527 1506 1556 Hunc
1519 1528 1649 1557 dixerunt

910 1573 1073 1612 Apollinem,
1093 1578 1173 1609 atque
1186 1571 1262 1601 Jovis
1283 1582 1327 1599 seu
1346 1571 1415 1600 aeris
1434 1572 1534 1602 filium.
1552 1580 1584 1603 V.
1607 1577 1651 1601 29.

910 1628 935 1645 c.
959 1628 988 1646 ι).
1014 1625 1178 1653 quamquam
1200 1615 1234 1643 sit
1254 1615 1399 1643 inanimata
1421 1623 1559 1650 creatura,
1581 1616 1651 1655 leges

910 1660 961 1688 Dei
985 1669 1095 1697 sequens
1119 1658 1146 1686 in
1165 1657 1300 1697 principio
1322 1659 1430 1697 positas.
1454 1661 1498 1688 Ib.
1521 1660 1576 1687 Cur
1593 1667 1651 1698 post

910 1703 1017 1733 tertium
1037 1703 1108 1731 diem
1127 1702 1260 1730 conditus.
1284 1709 1330 1730 lv.
1349 1706 1394 1733 53,
1418 1714 1444 1730 A.
1469 1707 1514 1732 54.
1541 1703 1612 1732 Solis
1627 1712 1652 1733 et

910 1749 980 1777 lunae
996 1747 1106 1775 utilitas.
1126 1753 1170 1774 IV.
1186 1751 1230 1775 54.
1250 1758 1276 1774 s.
1292 1750 1338 1775 55.
1356 1745 1445 1775 Solem
1463 1757 1518 1775 esse
1531 1747 1652 1776 incorru.

911 1791 1034 1830 ptibilem
1062 1789 1213 1818 delirabant
1239 1789 1350 1827 gentiles
1380 1797 1407 1819 et
1434 1791 1588 1819 Manichaei.
1618 1799 1650 1821 11.

912 1840 975 1864 429.
988 1844 1014 1864 B.
1034 1833 1132 1862 Deficit
1146 1833 1196 1869 sol,
1215 1839 1244 1860 ut
1259 1833 1378 1871 loquitur
1390 1834 1571 1870 Ecclesiastes‚
1585 1846 1652 1873 quo-

911 1878 1002 1908 modo.
1020 1886 1053 1907 11.
1073 1882 1136 1906 131.
1151 1879 1239 1913 Quam
1256 1876 1400 1905 ridiculum
1415 1877 1449 1906 sit
1469 1877 1542 1906 hunc
1556 1889 1653 1907 vocare

910 1923 1002 1952 deum.
1027 1923 1070 1951 Ib.
1097 1921 1143 1950 Sol
1164 1922 1242 1960 jussu
1263 1922 1345 1950 Josue
1366 1921 1446 1956 stetit,
1469 1922 1548 1959 jussu
1576 1923 1652 1951 Isaiae

910 1974 1088 2005 retrogressus
1103 1972 1151 1994 est.
1169 1972 1202 1993 11.
1225 1969 1290 1995 133.
1305 1976 1330 1993 e.
1345 1975 1374 1992 D.
1392 1965 1438 1993 Sol
1452 1965 1568 1994 Justitiae
1582 1972 1654 1995 tene-

910 2011 973 2040 bras
984 2009 1081 2039 erroris
1092 2009 1234 2048 dissipavit
1249 2019 1308 2046 quae
1320 2015 1452 2036 terrarum
1465 2008 1556 2037 orbem
1569 2020 1652 2038 occu-

912 2055 1023 2094 pabant.
1048 2061 1081 2082 V.
1107 2058 1173 2082 337.
1191 2064 1220 2081 D.
1243 2053 1337 2081 Solem
1359 2059 1386 2080 ct
1402 2053 1502 2081 lanam
1525 2063 1576 2081 cur
1596 2065 1654 2082 non.

912 2102 1004 2138 primo
1027 2099 1074 2127 die
1090 2099 1192 2135 fecerit
1208 2098 1296 2125 Deus.
1315 2103 1360 2124 VI.
1379 2101 1443 2125 533.
1460 2108 1486 2123 A.

953 2144 1101 2174 Somrum
1116 2149 1244 2180 qnantum
1257 2141 1283 2169 in
1297 2140 1390 2169 labore
1402 2146 1495 2168 cantus
1505 2141 1607 2170 afferat.
1619 2149 1651 2170 v.

916 2192 978 2217 156.
992 2198 1021 2216 D.
1042 2192 1105 2216 157.

955 2232 1169 2261 Sormxmrsss
1197 2228 1367 2258 Antiochenae
1395 2227 1554 2267 plerumque
1585 2229 1655 2258 circa

916 2276 1055 2305 meridiem
1071 2274 1253 2304 solvebantur.
1270 2280 1291 2302 1.
1310 2277 1375 2302 605.
1394 2282 1421 2301 Σ.

957 2320 1097 2349 SOerAmi
1119 2325 1143 2345 ct
1162 2317 1285 2345 monachi
1307 2315 1462 2344 laudantur.
1486 2321 1567 2347 1.54.
1590 2328 1654 2356 sqq.

919 2371 975 2392 vn.
997 2368 1062 2392 771.
1079 2370 1132 2390 etc.
1159 2361 1231 2388 Vide
1245 2362 1416 2389 Moncnes.
1433 2359 1552 2388 solitarii
1568 2362 1659 2399 cujus-

918 2407 997 2443 dam,
1012 2407 1088 2445 cujus
1110 2411 1185 2444 pater
1205 2410 1260 2432 erat
1277 2402 1400 2442 gentilis,
1421 2403 1541 2432 historia.
1570 2412 1590 2433 1.
1611 2409 1655 2434 92.

920 2462 944 2480 c.
958 2462 987 2479 n.

960 2495 1138 2523 Sournnmis
1163 2490 1324 2521 encomium.
1344 2497 1362 2519 1.
1377 2495 1440 2519 173.
1459 2501 1485 2519 c.
1502 2501 1532 2519 n.
1550 2496 1614 2520 174.
1629 2499 1659 2520 V.

924 2543 986 2568 113.
1012 2549 1037 2566 A.
1064 2548 1088 2565 B.
1120 2541 1183 2565 114.
1203 2539 1267 2564 115.
1282 2533 1323 2562 Ad
1338 2534 1401 2563 vitae
1421 2534 1569 2574 spiritualis
1586 2536 1661 2564 insti-

924 2583 1051 2612 tutionem
1061 2591 1142 2619 quam
1151 2579 1255 2608 idonea.
1264 2583 1352 2608 1.173.
1362 2584 1413 2607 174
1421 2602 1426 2607 .
1434 2586 1459 2608 et
1469 2579 1503 2608 ad
1513 2579 1665 2619 supplican-

1474 2634 1512 2662 25
