1849 2927
825 211 1009 235 PRAEFATIO.
1677 214 1711 236 XI

149 274 267 302 sostomi
275 295 284 311 ‚
301 283 369 312 quos
378 272 535 302 nominatim
547 272 602 312 ipse
610 281 801 303 commemorat
813 296 820 311 ,
834 284 886 303 non
898 285 989 303 omnes
1003 281 1085 303 totam
1101 273 1286 314 Chrysostomi
1302 274 1384 304 vitam
1397 274 1608 314 descripserunt,
1623 275 1668 303 scd
1679 285 1712 304 ex

148 319 203 348 illis
214 319 326 360 plurimi
341 320 470 349 nonnulla
484 327 588 349 tantum
603 320 637 349 ad
648 321 733 350 vitam
746 320 932 361 Chrysostomi
947 321 1105 361 pertinentia
1117 322 1241 352 retulere.
1259 323 1398 352 Visionem
1410 329 1498 350 autem
1512 322 1585 350 illam
1594 322 1691 361 Cyrilli
1701 344 1709 356 ,

146 366 180 396 de
194 378 246 406 qua
262 378 342 408 supra
355 369 475 407 loquitur
486 371 653 409 Anonymus,
670 369 696 396 in
712 369 789 398 Notis
805 369 860 398 suis
873 370 950 398 affert
963 369 1082 399 Savilius
1093 392 1100 406 ,
1113 376 1192 408 atque
1207 370 1243 398 ita
1258 370 1373 399 ridicula
1388 370 1444 399 visa
1459 370 1510 398 fuit
1521 369 1710 406 Tillemontio,

145 421 178 443 ut
192 425 224 443 ne
239 425 386 444 memorare
401 415 511 453 quidem
526 415 600 444 illam
617 415 744 455 dignatus
760 415 803 445 sit.
1722 442 1779 462 Swl
1806 448 1811 463 ι
1839 442 1849 464 S

185 462 227 490 De
240 462 357 501 Georgio
379 461 564 492 Alexandrino
577 469 603 491 et
617 462 651 491 de
665 462 753 491 tribus
769 462 946 500 sequentibus
960 463 1023 492 vitae
1043 463 1229 503 Chrysostomi
1253 463 1444 503 scriptoribus,
1461 475 1475 492 a
1494 463 1598 493 Savilio
1617 463 1712 492 Graece
1724 481 1745 501 p.
1762 459 1820 502 964(

147 509 228 546 cusis,
245 509 272 537 in
286 509 413 538 Latinum
427 509 573 546 vertendis,
587 516 613 538 et
627 509 654 538 in
671 509 722 538 hoc
737 515 868 549 postremo
880 509 967 538 Tomo
981 509 1152 549 publicandis
1161 510 1268 550 pridem
1282 510 1476 550 cogitaveram5
1486 511 1540 539 imo
1552 520 1614 539 vero
1628 510 1713 538 Geor-

146 556 222 594 gium
236 557 332 585 Latine
345 564 498 586 convertere
513 567 644 596 coeperam
658 569 663 584 τ
678 557 724 585 sed
743 557 789 585 ubi
804 564 843 585 tot
857 557 1016 595 quisquilias
1029 557 1120 586 inveni
1131 581 1138 595 ‚
1151 565 1214 587 tunc
1228 558 1353 598 poenituit
1368 559 1478 598 coepisse
1489 581 1496 595 ,
1513 565 1538 587 et
1552 556 1712 587 libuitdesi-

146 610 227 640 nere,
239 614 270 632 ac
284 604 398 632 Leonem
410 605 622 643 Imperatorem,
636 605 809 643 Anonymum
819 610 844 632 et
856 603 1055 642 Metaphrasten
1067 626 1074 640 ,
1087 605 1135 642 qui
1157 615 1191 633 ex
1205 605 1318 644 Georgii
1333 605 1444 634 faecibus
1459 605 1618 639 hauserant,
1632 603 1712 632 simi-

145 650 206 678 liter
220 650 374 679 amandare.
388 651 459 679 Nam
475 660 535 678 cum
548 650 643 678 horum
664 650 725 678 vitae
747 649 933 689 Chrysostomi
956 649 1121 689 scriptorum
1140 661 1220 690 opera
1237 651 1384 679 admodum
1406 652 1512 691 prolixa
1529 651 1597 687 sint,
1618 650 1712 680 Latine

145 706 272 725 conversa
286 707 337 725 non
355 697 502 736 potuissent
516 697 543 725 in
558 696 608 725 hoc
623 704 756 735 postremo
765 697 852 725 Tomo
872 696 1012 732 contineri,
1026 703 1050 724 et
1069 697 1228 736 oportuisset
1243 697 1328 725 aliurn
1348 697 1477 727 adornare
1488 706 1607 733 tomum;
1629 697 1710 735 idque

144 743 220 771 nullo
232 744 319 772 fructu
332 766 339 780 ,
357 754 417 773 cum
433 743 466 772 ad
478 743 563 771 vitam
578 743 764 781 Chrysostomi
775 764 782 776 ‚
798 749 825 770 ut
841 742 963 781 superius
975 742 1078 771 dictum
1097 750 1150 779 est,
1168 743 1234 771 nihil
1251 743 1352 782 possint
1368 744 1462 773 afferre
1476 744 1614 773 momenti.
1633 745 1709 779 Qua-

144 797 253 829 propter
264 791 306 819 his
317 791 452 827 on1issiS‚a
463 792 527 821 Vita
539 791 726 831 Chrysostomi
740 802 786 830 per
799 790 960 827 Palladium,
975 791 1165 830 Helenopoleos
1177 792 1332 830 episcopum
1339 799 1364 820 ct
1376 792 1567 831 Chrysostomo
1576 801 1708 826 coaevum,

143 838 302 876 incipiemus
315 850 320 865 z
338 838 384 876 qui
400 838 586 877 Chrysostomi
600 845 686 877 partes
703 844 831 875 sectatus,
845 837 928 866 multa
947 837 1052 874 retulit,
1069 848 1128 876 quac
1144 838 1201 877 ipse
1214 838 1317 867 viderat
1328 845 1352 866 et
1364 849 1480 876 quorum
1495 849 1602 867 consors
1612 839 1709 866 fuerat.

144 884 248 913 Deinde
263 895 324 913 vero
341 885 433 913 Vitam
448 885 475 913 S.
491 885 608 913 doctoris
624 894 800 923 opponemus,
813 895 846 913 ex
861 885 916 922 ejus
933 884 1050 912 maxime
1067 884 1175 922 scriptis
1188 891 1255 912 etex
1268 884 1320 912 side
1332 884 1422 923 dignis
1436 885 1590 914 auctoribus
1605 896 1619 913 a
1635 885 1710 914 nobis

148 931 314 962 adornatam.

460 1147 528 1188 DE
554 1147 682 1189 VITA
709 1146 746 1188 S.
775 1145 1001 1188 JOANNIS
1028 1146 1405 1189 CHRYSOSTOMI

326 1272 377 1301 EX
406 1273 572 1302 DIALOGO
595 1273 796 1302 HISTORICO
820 1273 995 1302 PALLADII
1025 1273 1321 1302 HELENOPOLEOS
1348 1274 1528 1308 EPlSCOPl,

399 1382 495 1412 QUEM
513 1383 549 1407 IN
568 1383 673 1408 llUJUS
693 1384 860 1408 POSTREMI
880 1383 965 1408 Tom
985 1383 1156 1409 PRINCIPIO
1177 1384 1233 1407 EDI
1253 1384 1459 1409 CURAVIMUS.

857 1497 988 1518 wrm„

185 1614 263 1644 Hunc
279 1615 434 1654 scriptorem
447 1616 541 1645 Graece
555 1624 580 1645 et
594 1616 688 1644 Latine
702 1614 776 1654 prior
793 1613 878 1642 edidit
893 1614 934 1642 vir
963 1613 1135 1642 doctissimus
1159 1613 1299 1642 Emericus
1310 1614 1434 1652 Bigotius
1447 1615 1549 1643 amicus
1561 1621 1658 1651 noster,
1668 1616 1714 1653 qui

146 1673 214 1691 anno
236 1662 314 1691 4689
326 1662 467 1691 defunctus
482 1669 531 1691 est.
549 1663 575 1691 Is
596 1663 622 1691 in
638 1660 805 1690 Bibliotheca
826 1659 946 1688 Medicea
962 1670 996 1688 cx
1011 1659 1111 1688 Codice
1125 1660 1243 1698 quodam
1260 1660 1309 1688 hoc
1324 1671 1391 1699 opus
1406 1661 1565 1700 exscripsit,
1582 1668 1605 1690 et
1623 1661 1715 1689 Latine

145 1710 180 1738 ab
192 1720 218 1738 se
231 1716 352 1738 accurate
367 1719 524 1738 conversum
538 1709 651 1738 Lutetiae
665 1707 830 1737 Parisiorum
843 1706 885 1735 edi
901 1706 1008 1736 curavit
1023 1716 1092 1735 anno
1109 1706 1198 1735 1680.
1215 1707 1344 1746 Ejusdem
1361 1707 1448 1746 operis
1457 1709 1513 1748 jam
1526 1707 1574 1736 diu
1590 1708 1713 1737 Latinam

147 1758 294 1786 versionem
309 1757 421 1793 fecerat,
438 1764 462 1786 et
477 1758 548 1796 typis
565 1756 686 1785 mandari
702 1762 840 1785 curaverat
863 1754 1021 1783 Ambrosius
1045 1754 1259 1783 Camaldulcnsis
1278 1755 1410 1792 Venetiis,
1429 1756 1490 1794 qui,
1503 1762 1533 1784 ut
1547 1756 1615 1784 infra
1635 1756 1714 1784 refert

146 1805 267 1843 Bigotius
277 1826 284 1839 ‚
299 1804 390 1834 eodem
408 1816 460 1843 quo
475 1805 530 1844 ipse
545 1805 643 1834 Codice
659 1815 721 1833 usus
734 1826 741 1840 ‚
757 1814 807 1832 non
820 1813 904 1842 pauca
921 1803 956 1830 de
972 1812 1023 1831 suo
1039 1802 1160 1830 addida.
1172 1802 1217 1831 Ex
1229 1803 1278 1831 hac
1295 1802 1378 1841 igitur
1390 1803 1489 1842 Bigotii
1503 1803 1628 1832 Editione
1643 1803 1711 1832 hanc

147 1859 264 1881 nostram
279 1852 483 1881 adornavimus.

188 1900 263 1928 Licet
273 1906 362 1929 autem
373 1900 418 1928 ille
431 1910 512 1938 quam
527 1899 724 1929 accuratissime
737 1905 839 1938 poterat
849 1898 916 1927 hanc
931 1897 1044 1927 Palladii
1059 1897 1199 1926 historiam
1212 1908 1245 1926 ex
1264 1897 1364 1927 Codice
1384 1897 1506 1927 Mediceo
1524 1899 1710 1937 exscripserit3

146 1947 233 1975 missae
255 1953 341 1975 tamen
358 1947 435 1975 nobis
449 1954 511 1976 sunt
525 1947 605 1976 variae
625 1947 750 1976 lectiones
767 1958 781 1974 a
797 1946 874 1974 docto
896 1946 953 1974 viro
973 1952 1106 1984 exceptae,
1132 1945 1179 1983 qui
1206 1945 1359 1974 Palladium
1374 1956 1387 1973 a
1406 1945 1513 1984 Bigotio
1535 1956 1629 1974 cusum
1651 1957 1711 1975 cum

146 1993 238 2022 eodem
253 1994 374 2022 Mediceo
391 1993 490 2022 Codice
507 1993 668 2022 contulerat:
690 1993 758 2021 inter
779 2004 821 2021 eas
845 1999 934 2021 autem
949 1992 1035 2020 varias
1050 1991 1176 2020 lectiones
1187 2013 1195 2028 ,
1209 1991 1347 2029 quaedam,
1366 1991 1413 2020 sed
1432 1991 1612 2031 paucissimae,
1627 2000 1688 2021 sunt
1701 2017 1708 2028 ,

145 2052 204 2079 quae
220 2042 328 2070 omnino
347 2051 481 2080 germanae
497 2048 522 2069 et
536 2052 605 2070 verae
629 2041 770 2077 videntur,
789 2040 848 2069 licet
863 2052 925 2069 cum
949 2039 1088 2078 Bigotiana
1102 2038 1228 2067 Editione
1250 2049 1301 2067 non
1316 2039 1495 2075 consentiant;
1511 2047 1539 2068 ut
1553 2040 1580 2068 in
1593 2039 1707 2069 decursu

143 2088 225 2127 hujus
238 2088 376 2117 Editionis
388 2094 484 2116 nostrae
498 2087 691 2116 animadvertet
703 2086 823 2115 eruditus
835 2086 925 2115 lector.
942 2086 1026 2114 Nemo
1038 2085 1107 2113 euim
1125 2085 1298 2123 quantumvis
1319 2085 1422 2121 doctus,
1437 2086 1611 2123 quantumvis
1625 2096 1708 2114 accu-

145 2142 218 2164 ratus
232 2135 285 2173 sit,
303 2143 331 2163 ut
347 2143 402 2164 erat
416 2142 484 2164 certe
501 2135 537 2163 D.
553 2135 694 2173 Bigotius‚
717 2135 773 2173 pari
798 2145 899 2173 semper
920 2134 1002 2161 animi
1023 2133 1167 2161 attentione
1184 2133 1223 2161 uti
1239 2139 1334 2172 potest.
1360 2132 1479 2170 [Exstat
1494 2133 1521 2161 in
1541 2133 1709 2162 Bibliotheca

148 2183 229 2222 Regia
239 2183 376 2222 exemplar
392 2182 527 2212 Editionis
542 2182 646 2221 Bigot.,
661 2183 737 2221 cujus
762 2182 877 2221 margini
893 2181 1026 2220 inscriptae
1041 2187 1103 2209 sunt
1118 2180 1242 2209 lectiones
1261 2180 1369 2209 Codicis
1385 2180 1517 2209 nescimus
1531 2192 1545 2209 a
1565 2191 1618 2220 quo
1632 2192 1659 2210 v.
1677 2181 1705 2210 d.

145 2231 244 2260 iterum
257 2231 362 2260 collati:
377 2241 444 2269 quas
459 2231 606 2270 scripturas
619 2229 845 2270 deprehendimus
858 2230 918 2258 illas
934 2230 1004 2268 ipsas
1018 2239 1073 2257 esse
1086 2228 1119 2257 de
1133 2228 1234 2267 quibus
1248 2229 1394 2266 loquuntur
1408 2228 1586 2258 Benedictini.
1603 2231 1614 2266 ]

185 2279 261 2307 Illam
277 2290 339 2308 verr·
354 2278 521 2307 praefationis
529 2277 676 2317 Bigotianae
692 2285 806 2317 partem,
821 2288 880 2315 qua*
894 2278 927 2305 ad
942 2278 1034 2306 Vitam
1050 2276 1236 2315 Chrysostomi
1252 2288 1265 2305 a
1281 2276 1401 2306 Palladio
1416 2276 1572 2306 adornatam
1587 2283 1685 2316 spectat
1698 2299 1704 2308 Ἰ

145 2325 188 2353 hic
202 2325 387 2365 apponendam
402 2336 457 2354 esse
472 2325 624 2354 censuimus
637 2337 641 2351 :
