1884 2922
695 211 799 234 INDEX
827 209 938 232 RERUM
948 223 955 231 .

103 277 276 313 Antiocheni,
292 275 446 305 Theodosio
474 275 604 304 tributum
636 275 782 313 imperante
796 296 803 309 ,

64 323 274 352 tumultuantur.
292 328 326 349 11.
347 325 393 349 74.
417 331 443 348 D.
467 330 495 348 E.
518 320 626 349 Statuas
642 319 805 358 dejecerunt.

64 369 109 395 ΙΙ).
126 366 285 395 Antiocheni
311 365 383 393 cives
407 375 459 393 non
486 364 554 403 ipsi,
576 363 621 392 sed
645 363 753 391 advena:
783 368 808 390 ct

65 411 167 438 externi
198 416 299 438 statuas
333 408 493 447 dejecerant.
526 415 559 436 11.
585 411 630 436 43.
658 417 687 435 D.
712 406 807 434 Antio-

65 455 141 483 cheni
154 454 204 489 rei,
221 453 293 492 quod
304 463 438 481 eversores
454 458 601 480 statuarum
615 461 666 479 non
682 450 809 479 cohibue-

66 505 136 527 rant.
155 505 188 528 ΙΙ.
208 503 252 526 30.
273 507 298 527 c.
323 496 466 525 Antiochia
492 506 543 524 non
570 494 747 523 seditionibus
768 505 810 522 as-

67 550 148 575 sueta.
177 550 212 572 II.
237 546 281 570 43.
306 553 333 570 a.
358 540 518 569 Antiocheni
543 539 667 568 saeviente
691 539 809 578 Impera-

67 594 123 615 tore
138 586 227 615 omnia
245 585 315 614 bona
330 591 404 613 erant
418 584 532 612 libenter
546 583 645 611 daturi.
666 590 698 611 11.
714 587 761 612 75.
779 593 807 613 Α,

68 629 229 659 Antiocheni
256 628 360 668 pridem
382 628 513 656 mansueti
540 627 566 655 in
588 627 706 654 furorem
729 625 809 654 versi.

69 681 101 703 II.
123 679 167 703 24.
185 672 457 703 1⁷..Antiochenorum
482 671 594 700 felicitas
621 677 682 699 ante
708 679 812 699 eversas

69 725 178 747 statuas.
203 725 236 746 11.
260 721 305 746 26.
331 727 358 745 c.
383 716 610 745 Antioc-benorum
634 713 813 743 consternatio

70 768 129 801 post
143 761 259 800 dejectas
284 767 393 789 statuas.
420 767 453 789 II.
473 764 518 788 25.
542 771 567 788 Α.
612 759 699 787 Domo
735 768 814 786 exce-

70 806 133 834 dere
154 816 207 834 non
237 804 380 833 audebant.
406 811 440 833 11.
468 808 513 832 26.
541 815 565 831 Α.
586 802 814 832 Antiochenorum

70 849 149 878 multi
169 848 239 888 capti
258 847 322 876 etin
347 856 477 876 carcerem
498 845 566 874 trusi
587 845 621 874 ob
645 855 749 875 eversas
761 851 816 873 sta-

71 901 138 921 tuas.
154 900 186 922 11.
205 897 250 921 53.
265 903 291 920 Β.
311 891 369 919 Prae
395 897 466 919 metu
493 890 636 925 dicebant,
653 890 751 919 Omnia
772 900 815 917 ca—

71 938 128 977 piat
145 938 303 976 Imperator,
317 942 344 964 ct
360 945 458 974 corpus
480 941 601 962 nostrum
620 934 664 962 det
686 933 812 961 liberum.

73 989 106 1010 II.
133 986 178 1010 93.
199 992 227 1009 E.
254 979 414 1008 Antiocheni
448 979 526 1006 multi
563 978 654 1006 urbem
688 977 816 1006 deserunt

71 1032 132 1064 post
152 1025 267 1064 dejectas
293 1029 404 1052 statuas.
426 1029 459 1051 11.
482 1027 526 1051 25.
552 1032 578 1052 c.
604 1021 748 1050 Antiochia
767 1022 817 1050 dc-

72 1076 141 1098 serta
162 1075 220 1108 post
243 1078 348 1096 eversas
368 1073 478 1095 statuas.
498 1073 532 1096 II.
548 1071 594 1095 26.
612 1077 637 1096 c,
655 1066 817 1094 Antiocheni

72 1113 163 1152 fugam
179 1118 301 1152 parantes
318 1122 332 1139 a
351 1111 476 1150 praesecto
491 1110 650 1139 retinentur.
664 1117 685 1140 1.
706 1116 767 1139 189.
785 1121 814 1139 D.

72 1157 253 1185 Antiochenos
269 1155 396 1194 objurgat
419 1155 628 1193 Chrysostomus
644 1177 651 1190 ‚
664 1154 735 1192 quod
753 1154 818 1183 hor-

73 1207 130 1229 tatu
147 1201 261 1240 praefecti
278 1199 386 1238 gentilis
398 1200 538 1237 eguerint,
552 1209 585 1226 ne
596 1199 687 1237 fugam
703 1209 821 1237 capesse·

74 1251 140 1274 rent.
154 1252 176 1275 l.
191 1249 254 1274 189.
275 1254 304 1273 D.
323 1254 349 1271 Ε.
362 1242 543 1271 Antiochenos
556 1253 571 1270 a
586 1243 647 1280 fuga
662 1242 819 1270 dehortatur

74 1289 293 1328 Chrysostomus.
313 1294 347 1315 II.
366 1292 411 1314 80.
428 1286 657 1314 Antiochenornm
667 1293 819 1314 consterna-

75 1333 111 1361 tio
126 1334 152 1361 in
165 1331 356 1372 perquisitione
373 1329 407 1358 de
421 1329 516 1358 statuis
532 1330 641 1358 eversis.
657 1337 689 1358 11.
710 1334 771 1357 157.
788 1340 816 1357 D.

74 1387 140 1416 sqq.
166 1375 316 1405 Antiochiae
345 1374 498 1402 miserabile
522 1373 704 1412 spectaculum
719 1373 745 1401 in
761 1384 820 1412 per-

75 1421 220 1460 quisitione
242 1419 276 1448 de
291 1418 385 1447 statuis
407 1418 515 1447 eversis.
535 1425 568 1447 11.
587 1422 650 1446 157.
670 1422 733 1446 158.
753 1422 816 1445 159.

75 1464 236 1494 Antiocheni
252 1473 380 1503 pauperes
398 1461 465 1490 salvi
488 1468 631 1490 evaserunt
646 1462 672 1490 in
688 1461 820 1501 perquisi-

75 1510 147 1539 tione
171 1509 205 1538 de
219 1508 318 1537 eversis
337 1507 448 1543 statuis;
463 1505 564 1534 divites
585 1512 676 1534 autem
691 1506 717 1534 in
733 1516 820 1534 carce—

77 1564 132 1582 rem
146 1553 258 1592 conjecti
273 1552 306 1580 de
316 1551 444 1580 extremis
458 1550 599 1578 timebant.
616 1557 649 1579 II.
668 1554 733 1579 214.
748 1562 773 1578 A.
793 1561 816 1578 Β.

77 1598 249 1626 Antiochenae
273 1595 412 1625 seditionis
430 1595 517 1623 nuntii
541 1605 628 1623 moras
649 1594 755 1622 trahere
773 1604 820 1623 co-

76 1648 177 1681 guntur
199 1639 344 1680 quomodo.
363 1646 395 1668 11.
412 1644 456 1667 88.
476 1649 499 1667 13.
516 1649 540 1667 c.
557 1637 730 1666 Antiochenae
751 1637 822 1666 sedi-

77 1686 156 1714 tionis
175 1684 283 1713 nuntios
300 1683 437 1723 praevertit
452 1682 601 1710 Flavianus
621 1681 771 1721 episcopus.
788 1688 820 1710 ΙΙ.

77 1735 122 1759 89.
141 1743 168 1758 Α.
185 1728 398 1758 13.Antiochenae
420 1726 581 1755 calamitatis
607 1725 763 1765 descriptio.
785 1733 818 1754 11.

77 1779 123 1804 53.
143 1785 168 1802 c.
192 1772 351 1801 Antiochcni
377 1771 530 1799 immaniter
549 1770 645 1798 habiti.
667 1777 699 1798 11.
725 1775 768 1798 54.
790 1781 818 1798 Α.

77 1817 307 1849 Antiochenorum
321 1816 458 1845 calamitas
478 1815 512 1844 ob
537 1814 654 1854 dejectas
675 1813 822 1843 Theodosii

77 1869 187 1891 statuas.
201 1869 234 1890 11.
248 1866 294 1890 24.
313 1871 339 1889 D.
358 1859 586 1889 Antiochenorum
601 1858 636 1886 ob
649 1868 755 1887 eversas
769 1865 821 1887 sta-

78 1914 137 1935 tuas
155 1906 299 1934 cruciatus.
325 1912 357 1933 11.
377 1908 441 1934 239.
462 1914 489 1932 A.
518 1903 676 1932 Antiocheni
694 1913 746 1931 non
769 1903 821 1931 viri

79 1957 194 1986 tantum,
211 1949 257 1978 sed
271 1956 296 1977 et
311 1948 386 1988 pueri
398 1948 534 1987 perierunt
548 1948 582 1976 oh
597 1946 766 1978 seditionem.
785 1955 819 1977 11.

79 2000 124 2024 53.
139 2006 164 2024 c.
179 1993 340 2023 Antiocheni
356 1993 473 2021 illustres
483 1992 538 2020 viri
549 1992 574 2020 in
586 1990 721 2030 judicium
731 1991 821 2020 addu-

78 2040 113 2068 cti
127 2039 161 2068 ob
169 2048 274 2067 eversas
285 2044 395 2073 statuas,
406 2043 430 2065 et
441 2036 476 2065 ob
484 2035 553 2064 hanc
563 2046 670 2064 causam
682 2035 822 2073 magistra-

79 2091 123 2112 tus
135 2084 161 2112 in
173 2093 279 2112 earcere
294 2081 392 2109 catenis
405 2080 551 2109 constricti.
568 2086 600 2108 ΙΙ.
616 2084 714 2108 220.ο.
725 2079 822 2108 Antio-

79 2128 225 2156 chenorum
238 2126 281 2165 pia
295 2125 395 2154 fiducia
409 2127 434 2153 in
447 2124 575 2153 vinculis.
591 2131 624 2152 11.
638 2128 702 2153 252.
713 2134 738 2152 c.
751 2134 780 2153 D.
794 2134 820 2152 E.

122 2170 282 2200 Antiocheni
311 2180 346 2198 ex
367 2169 518 2198 calamitate
546 2168 572 2196 in
600 2167 698 2196 melius
714 2167 819 2196 mutati.

80 2223 114 2245 11.
130 2220 176 2243 61.
197 2225 224 2243 c.
248 2213 404 2241 Antiocheni
435 2213 462 2241 in
487 2212 637 2240 calamitate
657 2211 822 2240 orchestram

79 2260 282 2288 obstruxerunt.
298 2264 331 2287 11.
352 2262 416 2285 179.
433 2268 457 2288 B,
474 2257 508 2284 Et
530 2257 630 2285 circum
647 2255 721 2283 adire
733 2265 823 2283 cessa-

80 2301 382 2332 runt.Ib.Antiocheni
409 2301 436 2329 in
461 2300 612 2329 calamitate
631 2299 665 2327 ad
685 2299 822 2327 ecclesiam

81 2346 277 2385 confugiebant.
298 2352 330 2373 It.
352 2349 398 2374 57.
417 2355 441 2373 B.
462 2349 505 2373 58.
523 2349 586 2372 179.
610 2355 635 2372 13.
651 2342 824 2371 Antiochenae

82 2391 206 2419 mulieres
230 2395 290 2428 post
309 2398 415 2416 eversas
439 2395 541 2416 statuas
561 2394 686 2416 ornatum
707 2387 824 2425 depone-

81 2435 199 2464 haurn.
209 2438 272 2462 284.
293 2443 319 2460 E.
338 2432 509 2460 Antiochenis
524 2431 608 2460 multa
623 2441 668 2470 per
683 2430 823 2459 calamita—

83 2486 135 2508 tem
149 2479 217 2507 bona
229 2484 290 2506 sunt
303 2476 391 2505 allata.
406 2483 438 2504 11.
451 2481 512 2504 180.
531 2487 558 2504 Α.
570 2475 672 2503 Eorum
685 2475 711 2503 in
728 2475 825 2513 pietate

82 2523 217 2563 profectus
241 2528 360 2560 tempore
383 2520 551 2550 calamitatis.
570 2527 602 2548 lt.
623 2524 669 2548 57.
685 2531 712 2548 A.
727 2519 824 2547 Antio-

82 2567 159 2595 cheni
175 2572 305 2603 quantum
320 2575 354 2592 ex
366 2571 441 2592 terrae
455 2571 529 2592 motu
545 2563 652 2593 mutati.
670 2570 701 2592 11.
717 2567 781 2591 858.
798 2574 823 2591 c.

85 2609 242 2639 Antiocheni
254 2608 362 2648 jurandi
379 2619 476 2637 morcui
492 2608 735 2647 deposuerant.111.
751 2612 775 2636 4.
792 2617 820 2635 n.

1539 199 1601 234 183

901 270 1081 300 Antiochenos
1091 269 1248 299 territabant
1261 269 1371 309 quidam
1386 271 1518 301 malorum
1534 283 1606 302 nnn-

861 316 902 345 tii.
924 323 954 345 II.
972 320 1035 344 105.
1052 326 1081 344 1-3.
1098 315 1270 344 Antiochenae
1293 315 1453 344 calamitatis
1477 318 1601 347 mutatio.

863 370 894 391 ΙΙ.
917 367 978 391 156.
996 366 1058 390 157.
1069 361 1228 390 Antiocheni
1240 372 1255 389 a
1271 361 1366 390 timore
1382 362 1416 390 ob
1431 373 1536 391 eversas
1550 371 1606 392 sta-

863 414 920 435 tuas
942 406 1083 445 respirant.
1098 413 1131 433 11.
1150 410 1213 434 201.
1228 405 1386 434 Antiocheni
1400 416 1414 434 a
1431 414 1503 435 metti
1522 414 1547 435 et
1561 418 1606 435 ve·

862 451 970 480 satione
993 457 1053 478 sunt
1078 450 1193 478 liberati.
1218 457 1250 479 II.
1276 454 1337 478 134.
1363 455 1426 479 135.
1450 452 1607 480 Antiocheni

863 502 923 535 post
946 505 1052 523 eversas
1077 500 1179 523 statuas
1205 501 1230 522 et
1264 504 1389 533 magnam
1417 495 1518 524 illatam
1546 495 1608 524 urbi

864 539 966 568 cladem
983 561 990 571 ,
1010 539 1201 578 Imperatorem
1225 538 1346 567 sedatum
1370 540 1554 578 experiuntur.
1573 547 1607 568 II.

867 588 930 612 144.
952 588 1014 611 145.
1037 582 1264 610 Antiochenorum
1287 583 1384 611 festum
1408 590 1433 611 et
1448 583 1609 612 lectisternia

865 634 924 666 post
939 627 1007 654 iram
1031 626 1065 654 ab
1086 627 1250 665 Imperatore
1272 627 1421 655 remissam.
1448 635 1479 656 ΙΙ.
1503 633 1568 656 203.
1582 639 1610 657 r..

866 670 1016 700 Antiochiae
1041 677 1240 699 conservatores
1263 670 1421 699 Christiani.
1453 679 1484 700 tt.
1505 677 1551 703 22,
1580 683 1607 702 Ε.

868 715 1007 744 Antiochia
1039 715 1220 753 Metropoleos
1251 714 1382 753 dignitate
1412 715 1543 754 spoliatur
1576 717 1612 745 ob

867 769 972 788 eversas
994 765 1102 787 statuas.
1119 766 1151 787 11.
1171 763 1236 789 206.
1254 769 1281 787 n.
1298 759 1455 787 Antiocheni
1471 760 1504 788 ah
1520 761 1612 800 Impe-

867 810 955 833 ratore
985 814 998 832 a
1026 803 1129 831 balneis
1156 802 1291 831 interdicti
1314 803 1349 831 ob
1374 813 1477 831 eversas
1499 811 1610 836 statuas,

869 856 902 877 11.
924 853 987 877 176.
1006 859 1033 878 n,
1050 847 1278 876 Antiochenorum
1298 847 1380 875 multi
1395 847 1488 875 balnea
1503 855 1613 887 appete-

869 892 944 921 bant.
963 899 996 921 ΙΙ.
1018 896 1082 920 221.
1103 903 1128 922 Β,
1145 890 1293 919 Antiochiae
1309 890 1414 919 liabitas
1437 891 1562 920 homilias
1586 892 1612 920 in

869 936 1018 976 Epistolam
1039 935 1154 974 primam
1178 934 1214 963 ad
1235 934 1387 964 Corinthios
1409 934 1476 964 dicit
1495 936 1614 974 Chryso-

870 988 980 1009 stomus.
993 987 1027 1010 Χ.
1042 984 1106 1008 221.

911 1026 1081 1053 Aniocans
1092 1023 1249 1063 praedicitur
1260 1033 1274 1051 a
1284 1023 1404 1052 Daniele.
1416 1030 1435 1052 1.
1448 1028 1514 1054 785.
1524 1034 1552 1052 D.
1566 1031 1610 1053 VI.

870 1074 933 1098 283.
957 1080 981 1097 n.
998 1067 1154 1107 Explicatio
1170 1067 1317 1107 prophetiae
1329 1067 1450 1096 Danielis
1471 1068 1505 1097 de
1523 1069 1615 1096 Antio-

871 1112 920 1141 cho
934 1111 1088 1151 Epiphaue.
1108 1119 1128 1140 I.
1144 1116 1210 1141 781.
1237 1122 1264 1139 c.
1288 1122 1316 1140 A.
1338 1111 1485 1140 Antiochus
1506 1112 1616 1141 Judmos

871 1157 987 1196 subegit.
1002 1164 1021 1185 I.
1045 1161 1109 1185 780.
1136 1155 1282 1195 Templum
1307 1155 1440 1191 incendit,
1454 1163 1542 1184 sancta
1559 1166 1618 1184 san-

872 1208 975 1229 ctorum
999 1200 1172 1237 devastavit,
1199 1198 1328 1228 sacrificia
1358 1199 1475 1228 sustulit.
1494 1201 1538 1228 lb.
1557 1201 1615 1228 An-

872 1245 976 1274 tiochus
997 1244 1154 1284 Epiphanes
1168 1243 1257 1271 omnia
1272 1242 1434 1279 devastavit,
1448 1251 1472 1273 et
1489 1244 1588 1273 multos
1600 1255 1615 1273 a

872 1288 966 1328 patriis
988 1287 1116 1316 institutis
1141 1287 1244 1315 resilire
1267 1287 1363 1325 coegit.
1376 1293 1408 1315 V.
1422 1292 1484 1316 170.
1506 1298 1529 1316 e.
1548 1293 1612 1316 171.

913 1334 1083 1361 Ammon-s
1095 1341 1155 1359 cum
1168 1330 1254 1359 literis
1272 1330 1455 1369 Chrysostomi
1479 1341 1617 1360 commcn-

873 1375 975 1404 datitiis
991 1374 1048 1403 adit
1063 1373 1273 1404 Artemidorum.
1291 1381 1336 1404 III.
1355 1379 1419 1402 844.
1438 1385 1464 1403 c.
1484 1375 1616 1403 Antiocho

873 1419 967 1448 scribit
981 1418 1201 1458 Chrysostomus.
1219 1425 1265 1446 ΙΙΙ.
1284 1423 1347 1446 851.
1363 1428 1391 1446 A.

916 1465 1056 1497 ANTIQL'A
1069 1473 1091 1490 s.
1106 1469 1183 1491 vetus
1201 1469 1285 1501 petra,
1298 1463 1541 1502 Constantinopolis
1555 1474 1617 1502 pars

874 1506 1006 1546 quaedam.
1025 1514 1082 1535 XII.
1099 1511 1163 1535 458.
1179 1518 1203 1535 Α.
1220 1506 1330 1545 Antiqui
1356 1506 1382 1534 in
1398 1517 1476 1546 opere
1497 1514 1521 1535 et
1535 1515 1617 1536 certa-

875 1551 946 1580 mine
961 1551 1060 1579 vixere.
1079 1558 1125 1580 XI.
1142 1555 1206 1579 798.
1225 1562 1251 1579 Β.
1268 1550 1402 1589 Antiquus
1416 1551 1521 1580 dierum
1537 1551 1613 1590 qnid.

876 1602 918 1624 VI.
935 1599 998 1624 276.
1018 1605 1046 1624 E.

914 1640 1042 1668 Amosu
1060 1639 1166 1677 Magni,
1192 1638 1386 1667 Monachorum
1401 1641 1497 1678 patris,
1514 1639 1615 1668 laudes.

876 1690 933 1712 vn.
953 1688 1015 1712 149.
1041 1693 1066 1711 c.
1084 1683 1152 1722 Ejus
1173 1683 1229 1711 vita
1259 1683 1368 1722 scripta.
1388 1690 1446 1711 VII.
1466 1688 1528 1712 149.
1546 1693 1570 1712 e.
1587 1695 1614 1712 A.

875 1727 1026 1767 Prophetiae
1037 1726 1107 1755 dono
1119 1727 1263 1765 gaudebat.
1282 1734 1338 1755 VII.
1353 1732 1415 1756 149.
1430 1738 1454 1756 c.
1471 1738 1498 1756 A.

917 1774 1064 1800 Amomrs
1078 1772 1212 1810 quispiam
1228 1771 1318 1799 literas
1332 1771 1518 1811 Chrysostomi
1532 1771 1618 1800 desert

875 1815 909 1844 ad
921 1815 1128 1855 Olympiadem.
1141 1822 1186 1844 111.
1199 1820 1264 1844 721.
1293 1825 1321 1843 Ε.

916 1862 995 1888 Anus
1018 1866 1047 1888 ut
1071 1858 1222 1898 plurimum
1244 1858 1309 1888 vino
1336 1857 1435 1887 deditae
1467 1866 1539 1889 sunt.
1568 1867 1614 1890 XI.

878 1908 942 1933 814.
959 1914 987 1932 D.

916 1949 1040 1976 Am'srcs
1048 1946 1294 1976 Thessalonicensis
1303 1947 1579 1986 episcopus.111.83(3.
1589 1958 1616 1976 D.

876 1992 977 2031 Anysio
992 1991 1085 2019 scribit
1100 1991 1317 2030 Chrysostomus.
1332 1998 1378 2021 111.
1391 1996 1456 2020 836.
1470 2001 1497 2019 D.

916 2038 1052 2066 Anssifflzm
1068 2034 1133 2073 quid
1149 2034 1289 2073 significet.
1307 2041 1352 2064 XI.
1368 2039 1414 2064 30.
1429 2045 1456 2063 D.

917 2081 1085 2115 APELLAEUS,
1100 2089 1144 2107 seu
1158 2078 1310 2107 december.
1325 2086 1358 2108 II.
1372 2083 1434 2107 427.
1449 2089 1474 2107 c.

919 2126 1047 2152 Amas
1062 2122 1191 2162 probatus
1216 2123 1242 2150 in
1265 2122 1374 2150 Christo
1396 2122 1462 2161 quid
1486 2122 1618 2162 significet

876 2168 993 2207 explicat
1008 2167 1227 2206 ChrysostomuS.
1246 2172 1290 2194 lx.
1307 2171 1370 2196 824.
1383 2178 1408 2195 a.

916 2214 1101 2244 Anamares,
1114 2209 1332 2248 religiosissimus
1348 2210 1391 2239 vir
1402 2232 1410 2246 ‚
1431 2209 1618 2250 Chrysostomi

876 2255 989 2284 amicus.
1014 2261 1059 2282 111.
1075 2258 1140 2282 747.
1158 2253 1243 2291 Urget
1262 2253 1480 2292 Chrysostomum
1499 2262 1528 2283 ut
1552 2266 1617 2284 mu-

877 2310 927 2328 nus
942 2299 1068 2337 Diogenis
1083 2297 1200 2336 recipiat.
1215 2305 1259 2326 III.
1271 2302 1334 2326 747.
1349 2310 1374 2327 Α.

918 2345 1112 2378 Arm-nomes,
1126 2341 1285 2371 Theodotus
1294 2364 1301 2378 ‚
1315 2342 1436 2371 Chaereas
1447 2366 1453 2378 ,
1464 2343 1590 2382 presbytc
1597 2345 1618 2372 ri

877 2394 903 2416 et
915 2387 1037 2415 monachi
1050 2398 1056 2413 z
1067 2386 1103 2414 eis
1118 2385 1438 2425 scribitChrysostomus.
1452 2394 1496 2416 tlt.
1511 2392 1576 2415 700.
1587 2398 1618 2416 1).

877 2430 1044 2470 Aphthonio.
1057 2429 1209 2464 Theodoto,
1224 2429 1333 2458 Choerea
1346 2430 1509 2469 presbyteris
1523 2437 1547 2458 et
1563 2441 1619 2459 mo-

877 2474 968 2503 nachis
990 2475 1042 2502 alia
1061 2473 1245 2512 Chrysostomi
1265 2474 1388 2512 epistola.
1409 2481 1454 2502 III.
1469 2479 1533 2502 773.
1547 2485 1572 2502 n.

917 2521 987 2546 Ams
1012 2524 1074 2546 erat
1100 2517 1212 2545 vitulus
1233 2518 1269 2545 ab
1292 2516 1436 2545 Israelitis
1463 2518 1604 2548 adoratus

880 2569 911 2589 v.
926 2566 975 2590 831
985 2584 991 2589 .
1004 2572 1029 2590 ε.

920 2610 1091 2634 Arnum-mm
1120 2607 1250 2634 narratio
1269 2606 1304 2633 de
1325 2606 1471 2641 Ezechia,
1494 2607 1602 2635 Manus
