1884 2922
735 211 837 234 INDEX
867 213 992 235 RERUM.

85 278 145 297 men
169 268 350 308 significatur.
370 276 427 299 VII.
455 275 518 300 529.
540 282 568 303 c.
590 283 615 300 n.
638 284 662 300 A.
686 272 830 311 Eleganter

84 320 258 351 comparatur
282 313 349 342 sonti
366 314 469 353 jugiter
483 315 612 344 mananti.
634 323 654 344 1.
669 320 732 345 648.
753 327 777 344 c.
799 329 828 345 ο.

84 360 150 384 867.
166 367 193 384 c.
210 356 343 385 Laetitiam
359 359 428 396 parit
444 369 530 387 sermo
543 359 682 388 doctrina).
699 367 717 388 t.
730 365 828 389 857.Α.

84 400 215 428 Doctrina
245 411 297 429 non
323 402 462 430 confertim
492 403 518 431 in
549 404 705 432 auditorum
726 405 830 432 animos

86 444 259 483 insinuanda,
284 446 329 474 sed
348 447 489 485 paulatim.
513 454 533 475 I.
556 452 619 478 588.
641 459 670 476 D.
694 449 831 486 variisque

86 488 185 516 modis.
200 496 233 517 It.
253 495 318 520 785.
336 501 362 518 B.
384 502 408 519 c.
425 491 489 519 Haec
502 492 630 530 praeclara
645 491 773 521 doen-inae
786 493 829 521 lex

87 539 183 560 utnon
203 533 283 562 modo
299 535 535 573 reprehendantur
558 536 703 575 discipuli,
735 548 830 566 verum

89 577 171 605 etiam
200 577 430 608 cohortationibus
464 587 488 608 ct
525 580 752 609 consolationibus
779 580 830 609 atl-

84 626 225 664 juvcntur.
242 628 287 656 lb.
303 628 431 656 Formula
447 627 571 657 docendi.
587 635 619 656 V.
638 634 701 657 369.
719 629 829 669 Optima

87 676 125 698 est
146 670 280 705 doctrina,
302 671 323 700 si
346 672 368 700 is
392 675 438 710 qni
460 673 548 707 docet,
571 680 596 701 et
612 673 694 702 verbo
712 681 736 702 et
751 685 829 713 opere

87 713 210 743 instruat.
230 723 276 745 III.
300 720 345 745 28.
361 728 389 745 n.
405 716 535 745 Doctrina
552 717 609 745 sine
629 717 756 757 operibus
778 728 827 746 non

86 757 211 796 lucrum,
237 760 284 788 sed
300 760 493 789 detrimentum
518 761 596 790 affert
622 762 826 790 eteondemna-

85 802 195 834 tionem,
220 811 240 832 1.
272 809 335 833 172.
358 816 383 833 c.
408 813 478 834 VIII.
507 810 550 833 30.
575 816 603 834 A.
624 805 700 834 'Nihil
720 806 828 845 prodest

84 847 190 876 docenti
215 848 346 884 doctrina,
367 849 418 877 nisi
435 850 554 889 seipsum
576 851 652 889 prius
673 851 776 879 doceat.
796 858 826 878 v.

84 896 150 920 279.
173 893 332 921 Doctrinam
360 904 412 922 non
427 904 551 933 spargere
568 902 698 932 quantum
712 895 824 925 malum.

85 944 106 965 Ι.
123 942 185 966 648.
202 948 226 966 Β.
239 949 267 966 c.
284 949 312 966 D.

124 985 252 1014 Doctrina
277 986 428 1015 Christiana
452 987 577 1015 omnibus
600 987 750 1026 perspicua.
766 994 823 1016 VII.

84 1034 129 1059 13.
146 1031 304 1058 Accuratam
324 1036 349 1059 et
371 1031 550 1060 universalem
568 1032 653 1070 exigit
669 1039 694 1060 et
713 1032 825 1071 imperat

83 1073 267 1113 disciplinam.
295 1082 354 1103 VII.
383 1080 426 1104 12.
454 1077 541 1105 Omne
562 1083 667 1115 tempus
701 1076 741 1104 illi
765 1087 826 1115 pro-

82 1117 173 1157 prium
194 1125 248 1147 est:
271 1119 361 1147 omnia
390 1119 431 1148 illi
453 1120 733 1159 postponenda.VIII.
760 1125 824 1149 1-25.

83 1162 213 1191 Doctrina
238 1162 272 1191 de
307 1164 492 1193 Incarnatione
519 1164 628 1194 Christi.
654 1172 699 1193 III.
724 1169 769 1194 26.
797 1176 823 1192 Α.

83 1207 210 1235 Doctrina
237 1207 352 1243 Christi,
374 1208 586 1247 repugnantibus
605 1208 743 1244 omnibus,
770 1208 827 1236 ubi-

84 1261 136 1288 que
149 1250 247 1279 dissnsa
265 1258 291 1279 et
307 1251 434 1280 stabilita.
447 1259 470 1282 Ι.
486 1257 550 1280 703.
566 1262 591 1282 13.
602 1257 666 1280 704.
683 1252 767 1280 Annis
781 1252 826 1280 vi-

86 1295 152 1333 ginti
174 1294 218 1323 vel
242 1295 350 1334 triginta
374 1296 447 1324 orbis
470 1296 598 1324 terminos
618 1296 748 1335 pervasit.
769 1303 825 1325 vn.

85 1343 150 1367 819.

127 1387 270 1415 Doctrina
286 1387 395 1416 Christi
409 1388 478 1416 talis
495 1394 549 1424 est,
566 1395 597 1417 ut
612 1395 677 1426 post
691 1399 756 1418 eam
768 1399 827 1416 non

83 1433 122 1459 sit
135 1430 198 1459 alia
207 1433 414 1470 exspectanda.
431 1440 475 1461 III.
491 1437 555 1461 993.
574 1442 600 1462 Β.
618 1443 642 1461 c.

122 1481 252 1509 Doctrina
267 1481 407 1519 gentilium
423 1488 448 1510 et
461 1481 687 1520 philosophorum
699 1481 784 1510 futilis
802 1489 825 1511 et

84 1525 286 1555 fluxa.1.770.
304 1535 331 1553 A.
349 1535 374 1554 B.
393 1533 426 1554 11.
445 1530 470 1554 3.

121 1573 252 1602 Doctrina
279 1580 367 1602 sancta
390 1574 485 1602 animae
513 1581 553 1603 est
577 1574 747 1603 alimentum.
776 1582 822 1604 III.

83 1623 147 1648 120.
162 1630 188 1647 A.
199 1618 306 1653 Quanto
319 1617 407 1646 studio
418 1618 552 1646 adeunda.
570 1625 616 1647 IV.
634 1623 696 1647 252.
710 1630 739 1646 A.
760 1623 823 1646 235.

81 1661 255 1690 Desiderium
281 1661 382 1690 diviuae
414 1662 542 1691 doctrinae
573 1662 821 1691 manifestissimum

80 1712 119 1734 est
154 1712 342 1744 argumentum
383 1706 478 1734 animae
510 1706 576 1734 hene
610 1706 737 1734 valentis.
777 1713 822 1734 IV.

81 1753 147 1778 369.
172 1750 278 1778 c.Cum
312 1749 470 1787 hujusmodi
499 1749 643 1787 flagramus
668 1749 800 1778 desiderio
815 1773 822 1787 ‚

80 1792 167 1821 honus
195 1794 328 1821 Dominus
348 1793 479 1831 fulgorem
490 1804 570 1822 snum
580 1800 720 1821 etomnem
734 1804 823 1822 veram

81 1836 234 1865 doctrinam
259 1837 353 1865 animae
374 1844 469 1866 nostr-‘1³
496 1837 598 1865 inserit.
628 1844 674 1868 lv.
705 1842 768 1866 254.
792 1849 820 1867 Ε.

81 1881 218 1909 Doctriuae
246 1881 389 1909 assiduitas
424 1889 537 1910 mentem
553 1882 702 1912 confirmat.
719 1889 739 1910 Ι.
755 1887 819 1912 965.

81 1935 107 1953 1³.
144 1926 204 1954 Non
242 1925 276 1953 ad
307 1925 510 1954 delectationem
549 1925 681 1954 audienda
713 1926 824 1955 caelestis

80 1969 213 1999 doctrina.
233 1978 266 1999 II.
282 1975 326 1999 29.
342 1984 367 2000 A.
385 1981 410 1999 Β.
426 1972 514 2000 Usura
527 1971 654 2000 doctrinae
667 1971 736 2000 nihil
749 1972 823 2001 aliud

81 2021 135 2050 est,
152 2025 232 2053 quam
247 2015 378 2043 bonorum
393 2026 504 2054 operum
520 2016 662 2044 exhibitio.
678 2024 698 2045 Ι.
715 2022 778 2047 842.
794 2028 821 2047 e.

81 2058 157 2087 Hanc
183 2069 292 2087 usuram
315 2061 397 2098 exigit
420 2062 501 2087 Deus.
527 2067 573 2088 III.
598 2064 643 2088 99.
667 2061 823 2089 Doctrinam

80 2112 216 2144 acceptam
235 2105 294 2134 aliis
315 2105 512 2134 communicare
526 2113 640 2144 oportet.
656 2113 699 2134 ΙΙΙ.
713 2111 777 2135 120.
794 2119 821 2137 A.

82 2161 107 2180 Β.
122 2161 146 2181 c,
162 2158 206 2179 IV.
222 2156 288 2181 782.
305 2156 372 2180 783.
390 2152 525 2180 Doctrinae
541 2151 655 2180 verbum
672 2162 724 2180 non
739 2152 823 2180 susci-

80 2196 121 2235 pit
136 2198 223 2225 malus
238 2197 330 2226 homo.
349 2205 383 2226 X.
403 2202 468 2226 335.
485 2209 509 2226 Β.

121 2249 262 2274 DOGMITA
278 2247 371 2276 divina
386 2248 651 2287 qnantum¹humanis
662 2249 822 2288 praecellant.

81 2298 126 2322 Iv,
145 2297 209 2320 431.
230 2303 256 2320 E.
279 2294 365 2321 Omne
379 2293 535 2332 dogmatum
552 2301 702 2323 nostrorum
720 2296 821 2334 princi-

81 2339 156 2378 pium
172 2338 288 2367 radicem
303 2340 417 2379 desuper
429 2352 461 2369 ex
480 2342 604 2370 caelorum
619 2343 734 2371 Domino
747 2354 824 2371 acee-

80 2387 129 2425 pit.
147 2393 192 2414 VI.
219 2391 243 2414 5.
259 2397 284 2414 c.
307 2388 377 2415 Sana
401 2387 526 2425 dogmata
549 2389 739 2427 salutiferaque
764 2400 814 2417 non

82 2443 97 2460 a
111 2432 289 2466 daemonibus,
301 2434 347 2461 sed
358 2444 393 2461 ex
403 2434 494 2462 divina
508 2435 646 2474 Scriptura
658 2436 718 2463 licet
732 2443 823 2464 exacte

82 2478 194 2507 discere.
216 2486 235 2506 I.
252 2484 316 2507 893.
333 2490 359 2509 Ε.
379 2481 538 2518 Spiritualia
556 2481 682 2519 dogmata
699 2489 727 2509 ut
753 2492 824 2510 com÷

84 2524 176 2552 munia
197 2524 322 2552 omnihus
351 2533 545 2564 proponantur.
568 2534 614 2556 IV.
639 2532 704 2557 328.
736 2539 764 2555 n.
794 2539 821 2556 E.

83 2569 218 2598 Sublimia
239 2569 365 2608 dogmata
391 2581 442 2599 non
465 2571 555 2600 statim
570 2572 727 2612 *efferenda
763 2580 820 2602 VII.

246 2634 318 2651 Toni.
346 2629 456 2654 x111.2.

1557 207 1619 249 241

884 279 948 304 399.
972 286 996 303 B.
1023 285 1051 303 c.
1076 275 1231 313 Numquam
1245 282 1307 304 sunt
1322 277 1474 305 scrutanda.
1495 285 1540 306 tx.
1556 283 1620 306 1086.

883 331 906 350 Β.
923 332 948 350 c.
966 324 987 349 A
1005 321 1158 350 mitioribus
1177 322 1361 361 incipiendum
1372 346 1379 359 ‚
1397 323 1555 362 priusquam
1569 331 1623 352 ter-

882 367 1002 396 ribiliora
1017 367 1172 396 doceantur.
1187 375 1234 397 Ix.
1257 374 1321 397 [(87.
1344 379 1370 397 Ε.
1396 369 1528 398 Sublimia
1557 370 1619 398 [idei

881 413 1004 451 dogmata
1030 413 1129 452 ubique
1154 421 1275 453 suscepta
1303 422 1329 443 et
1351 415 1451 444 credita
1476 422 1546 444 sunt.
1563 423 1620 444 Vtt.

885 465 926 488 12.
942 472 967 489 A.
983 460 1060 488 Nihil
1074 460 1181 499 prodest
1196 461 1380 490 rectitudinem
1395 462 1551 500 dogmatum
1565 473 1620 491 ser-

881 516 955 541 vare,
979 507 1029 535 nisi
1050 517 1161 546 opernm
1180 507 1266 536 virtus
1288 508 1405 537 accedat.
1433 516 1479 537 lv.
1503 514 1567 538 758.
1590 520 1619 538 D.

882 554 939 581 Non
962 554 1031 581 enim
1054 560 1166 592 prosunt
1189 553 1222 581 ad
1244 554 1375 591 salutem,
1399 554 1421 583 si
1441 562 1564 594 corrupta
1588 556 1622 584 sit

882 599 947 627 vita.
968 606 1035 627 VIII.
1053 604 1097 627 36.
1116 610 1142 629 c.
1160 600 1258 639 Spuria
1277 600 1403 639 dogmata
1424 612 1493 640 saepe
1510 602 1622 630 morbus

880 644 997 673 evadunt
1014 645 1179 675 incurabilis.
1194 653 1250 677 VII.
1264 651 1364 675 82213.
1379 647 1516 676 Dissensio
1525 648 1622 687 saepius

880 691 965 719 oritur
979 702 1010 719 ex
1027 691 1200 728 dogmatibus
1215 703 1275 730 qnae
1289 700 1386 731 prseter
1394 693 1542 722 doctrinam
1558 705 1623 733 apo-

880 737 1010 765 stolorum
1026 737 1188 767 inferuntur.
1208 745 1254 767 IX.
1273 743 1336 766 831.
1352 749 1378 766 C.
1393 750 1420 770 n,
1438 740 1544 774 Quanta
1559 751 1621 768 cura

881 783 915 811 ab
935 783 1059 822 episeopo
1078 783 1112 811 sit
1134 783 1296 819 adhihenda,
1313 791 1341 812 ut
1356 785 1445 813 statim
1462 797 1475 814 a
1489 786 1622 825 principio

878 829 1028 857 evellantur
1046 836 1070 857 et
1086 829 1249 858 refellantur.
1272 838 1292 858 Ι.
1318 835 1383 861 499.
1406 836 1470 860 500.
1488 833 1620 871 Fugiendi

878 881 939 902 sunt
953 875 998 912 qui
1011 875 1057 903 illa
1071 874 1175 903 dorent.
1186 883 1217 904 Υ.
1232 881 1296 906 396,
1313 887 1340 905 D.
1361 880 1493 916 Dogmata
1506 879 1622 908 satanica

878 920 904 947 in
925 920 1075 949 Palaestina.
1093 928 1139 949 ΥΙ.
1156 926 1219 950 265.

918 969 1015 994 Dorou
1033 967 1194 996 immodicus
1215 968 1366 1006 frequenter
1387 970 1516 999 insaniam
1532 971 1622 1001 addu-

878 1012 924 1041 cit.
947 1021 968 1042 Ι.
992 1018 1055 1043 929,
1072 1025 1101 1046 D.
1118 1014 1202 1042 Dolor
1215 1021 1239 1042 et
1253 1015 1374 1044 anxietas
1392 1026 1425 1045 ex
1440 1018 1536 1046 timore
1556 1020 1620 1047 mali

879 1066 1092 1098 praeconceptus‚
1118 1060 1204 1098 major
1222 1071 1289 1099 saepe
1305 1072 1384 1099 quam
1400 1062 1488 1101 ipsum
1511 1064 1621 1094 malum.

880 1113 900 1134 Ι.
927 1110 991 1134 246.
1017 1116 1040 1133 Β.
1068 1110 1133 1135 247.
1161 1107 1290 1135 Dolorem
1311 1118 1383 1136 mors
1402 1119 1454 1137 non
1473 1110 1560 1147 affert,
1576 1111 1623 1139 sed

879 1152 949 1179 mala
971 1152 1140 1180 conscientia.
1166 1159 1197 1180 V.
1219 1157 1284 1182 367.
1308 1166 1332 1181 Λ.
1354 1154 1527 1184 Peccantibus
1548 1156 1623 1185 utilis

879 1198 971 1227 timor.
989 1205 1048 1226 VII.
1061 1203 1124 1226 323.
1140 1211 1167 1227 A.
1181 1209 1206 1226 Β.
1223 1210 1251 1227 c.

919 1247 1027 1272 Dorou
1045 1251 1070 1272 et
1079 1244 1232 1284 deceptores
1244 1245 1372 1283 fugiendi.
1389 1253 1422 1277 V.
1441 1252 1506 1276 396.
1523 1259 1551 1277 D.

920 1293 1014 1318 Dorus
1030 1290 1054 1318 in
1070 1290 1218 1320 victoribus
1232 1291 1368 1321 laudatur.
1388 1300 1409 1321 1.
1426 1299 1490 1323 450.
1510 1305 1540 1323 A.

919 1339 1147 1364 Domnsmcontm
1173 1347 1236 1365 cura
1262 1337 1396 1367 habenda.
1422 1346 1466 1367 III.
1496 1346 1559 1371 101.
1593 1353 1620 1373 B.

879 1382 1022 1421 quomodo.
1039 1390 1083 1411 IX.
1101 1388 1166 1411 385.
1182 1394 1206 1411 c,

919 1431 1154 1461 Dmirx‘iTmNES⁹
1172 1429 1327 1468 incorporea
1346 1437 1452 1459 natura.
1473 1438 1492 1459 Ι.
1511 1436 1573 1462 559.
1593 1443 1621 1462 n.

920 1477 1074 1502 Donnmm
1098 1474 1143 1502 die
1165 1475 1312 1513 praesertim
1328 1475 1494 1516 eleemosyna
1513 1488 1623 1518 erogan-

879 1520 984 1550 da.111.
1001 1525 1063 1549 302,
1080 1532 1109 1550 n.

917 1569 1078 1595 Dommm
1093 1566 1253 1595 divitiarum
1277 1567 1376 1596 habent
1397 1568 1443 1606 qui
1466 1579 1509 1597 eas
1535 1576 1623 1599 eonte-

878 1620 1030 1644 mnunt.11,
1049 1618 1092 1641 35.
1112 1625 1141 1643 D.
1160 1624 1186 1643 Ε.

916 1662 1070 1693 Domum,
1096 1659 1147 1687 hoc
1173 1669 1268 1687 nomen
1290 1666 1327 1687 est
1350 1669 1401 1687 non
1425 1660 1514 1689 minus
1541 1672 1623 1700 quam

877 1707 949 1734 Deus
965 1728 972 1741 ‚
994 1705 1100 1744 quando
1121 1705 1154 1734 de
1175 1706 1254 1733 Patre
1279 1712 1303 1733 et
1324 1705 1392 1733 Filio
1414 1716 1500 1734 sermo
1519 1713 1566 1735 est.
1589 1715 1621 1737 ΙΙ.

877 1755 940 1781 846.
964 1762 990 1780 Ε.
1016 1756 1081 1779 847.
1106 1751 1194 1788 AEquo
1214 1750 1287 1778 Patri
1310 1756 1335 1778 et
1354 1750 1424 1778 Filio
1439 1752 1572 1783 convenit.
1600 1760 1620 1781 t.

877 1802 939 1826 590.
963 1802 1026 1825 591.
1048 1796 1179 1825 Dominus
1199 1797 1278 1824 Pater
1302 1804 1413 1824 vocatur
1442 1797 1468 1825 in
1494 1798 1622 1837 Scriptu-

876 1843 913 1871 ris
943 1842 1052 1882 perinde
1079 1853 1109 1870 ac
1145 1841 1239 1870 Filius.
1279 1849 1300 1871 I.
1336 1846 1400 1870 592.
1428 1843 1561 1871 Dominus
1596 1852 1622 1873 et

876 1891 949 1917 Dens
967 1888 1067 1917 dicitur
1090 1887 1116 1915 in
1149 1887 1231 1916 sacris
1254 1887 1351 1916 Literis
1372 1887 1406 1915 de
1424 1889 1501 1916 Patre
1525 1896 1550 1917 et
1572 1890 1621 1918 Fi-

876 1935 921 1963 lio.
953 1942 996 1963 lv.
1028 1939 1088 1963 140.
1123 1944 1150 1963 A.
1180 1945 1204 1961 B.
1231 1933 1316 1961 Filius
1340 1934 1474 1962 Dominus
1499 1942 1620 1970 vocatur,

876 1991 924 2009 nec
950 1980 1009 2009 ideo
1030 1991 1045 2007 a
1066 1979 1210 2007 divinitate
1240 1979 1376 2007 exclusus.
1403 1987 1424 2007 Ι.
1458 1985 1522 2010 580.
1555 1986 1618 2010 590.

876 2025 985 2054 servire
1014 2024 1130 2052 Domino
1171 2024 1197 2051 in
1232 2023 1327 2051 timore
1345 2046 1352 2058 ‚
1392 2023 1457 2060 qnid
1493 2025 1537 2053 sit.
1574 2033 1620 2054 VI.

879 2074 941 2097 113.
960 2082 986 2097 Δ.
1003 2067 1134 2096 Dominus
1157 2067 1189 2094 ad
1215 2077 1332 2094 inensam
1356 2074 1479 2102 vocatur,
1496 2079 1556 2096 cum
1585 2080 1617 2098 ex

877 2126 965 2143 mensa
980 2114 1060 2142 datur
1074 2114 1249 2152 eleemosyna.
1264 2120 1307 2140 tv.
1323 2118 1387 2140 795.
1403 2124 1428 2141 Ι).
1447 2124 1472 2140 Ε.
1493 2115 1619 2144 Domini—

877 2172 906 2189 ca
923 2171 994 2189 coena
1010 2160 1143 2197 signilieat
1164 2169 1330 2187 connnunrm
1355 2169 1483 2187 mensam.
1500 2167 1533 2192 Χ,
1552 2166 1615 2192 285,

877 2219 899 2235 Β.
912 2218 938 2236 c.

916 2255 1104 2280 Domrrmrs
1127 2251 1284 2289 presbyter,
1299 2250 1341 2278 cui
1361 2251 1505 2280 viduarum
1519 2264 1548 2281 ac
1561 2254 1616 2282 vir-

878 2299 970 2337 ginum
986 2308 1047 2325 cuia
1064 2297 1203 2325 commissa
1216 2303 1269 2324 crat
1299 2304 1342 2324 ΙΙΙ.
1357 2302 1420 2325 868.
1439 2309 1465 2326 Ε.

916 2348 1055 2372 1)(ηιΝιΜ
1076 2350 1158 2370 mater
1174 2343 1296 2370 lieruircs
1311 2349 1332 2369 et
1355 2343 1511 2374 Piosdoez—z.
1534 2345 1618 2380 virgi-

878 2401 941 2418 nnin
962 2396 986 2417 et
1001 2396 1162 2427 ttlttt·'yt'tttlt.
1179 2395 1203 2415 et
1219 2388 1273 2425 ipsa
1291 2396 1404 2427 martyr.
1425 2397 1455 2417 tt.
1472 2395 1536 2417 7:513.
1549 2402 1613 2429 sors.

878 2436 945 2473 Ejus
961 2435 1042 2463 animi
1059 2433 1195 2462 fortitudo.
1214 2441 1244 2461 It.
1261 2439 1326 2462 769.
1346 2447 1370 2462 Α.
1384 2439 1447 2462 77Ἰ.
1461 2437 1515 2463 (Tur
1532 2436 1555 2463 in
1577 2438 1618 2472 ju-

878 2482 979 2509 dicium
1002 2480 1091 2508 venire
1113 2480 1209 2507 voluit.
1226 2487 1256 2507 II.
1276 2484 1338 2508 769.
1353 2491 1381 2507 n.
1401 2481 1429 2508 Iu
1449 2481 1546 2509 llunnn
1562 2493 1617 2510 sese

879 2539 940 2557 cum
961 2527 1069 2555 filiabus
1089 2526 1246 2565 praecipitat.
1269 2533 1303 2555 ΙΙ.
1321 2532 1385 2555 768.
1411 2538 1437 2555 Α.
1464 2533 1529 2557 774.
1547 2540 1572 2556 Α.
1589 2540 1615 2559 Β.

879 2579 945 2603 775.
967 2574 1077 2612 Duplex
1091 2572 1232 2600 Domninae
1247 2573 1420 2611 martyrium,
1437 2573 1492 2602 imo
1506 2574 1614 2613 triplex.

1428 2627 1464 2655 16
