1884 2922
731 215 786 237 SCR
793 215 917 238 IPTunJss
945 216 1057 239 SACRI-t
1065 233 1070 238 .

115 285 178 302 mv.
217 285 298 304 vtes.

354 325 379 347 et
390 317 540 347 custodiam
555 325 586 347 te.
602 326 646 348 IV.
660 324 723 349 639.
737 331 763 349 n.

249 364 294 391 15.
314 363 384 391 Ecce
403 373 451 401 ego
465 370 551 391 tecum
566 374 625 392 sum
637 386 645 396 ‚
662 364 814 393 custodiens
834 372 858 394 te

353 407 380 435 in
403 407 477 435 omni
498 408 552 436 via.
568 415 613 437 IV.
629 413 692 437 615.
709 420 735 438 A.
750 414 814 439 626.
834 421 856 438 n.

354 456 419 479 638.
435 462 463 479 c.

247 499 295 525 ⁴20.
314 495 342 523 Si
362 495 465 523 dederit
481 495 548 523 mihi
566 497 697 525 Dominus
712 509 807 537 panem
824 499 857 528 ad

354 539 523 568 vescendum.
538 547 571 570 II.
587 546 652 569 760.
665 552 690 570 B.
708 550 741 571 V.
755 547 817 571 520.
828 554 854 572 c.

356 588 418 612 524.
439 594 467 612 D.
483 591 539 612 VII.
560 589 623 613 309.
642 596 671 613 D.
692 592 812 616 Ix.153.
828 598 855 616 c.

353 635 386 656 X.
404 632 468 656 560.
485 639 509 656 c.
523 633 585 657 644.
598 640 625 658 c.
640 636 696 658 ΧΠ.
712 635 774 658 253.
787 641 815 658 A.

248 679 296 707 22.
313 679 355 706 De
376 678 408 706 iis
432 689 490 715 quae
516 678 583 706 mihi
605 677 724 715 dederis,
739 680 856 708 decimas

353 722 402 750 tibi
418 722 538 750 offeram.
556 729 600 751 IV.
620 728 683 752 639.
696 734 723 752 ε.

310 768 425 794 Partim
441 769 596 805 exponitur
609 767 642 795 T.
655 774 700 796 [v.
717 772 854 797 616-629.

250 813 297 841 20.
316 811 400 839 Erant
415 811 484 839 enim
506 811 531 839 in
549 818 691 850 conspectu
708 813 764 851 ejus
778 813 855 850 quasi

352 854 409 882 dies
424 854 511 893 pauci.
526 862 560 884 X.
576 859 639 884 353.
656 866 682 885 Ε.

310 899 479 937 ΕειῬοηίῑῑιν·
492 898 528 927 Τ.
543 905 586 926 lv.
604 903 744 927 629-637.

270 946 295 971 1.
313 943 353 971 Da
369 942 436 970 mihi
450 942 560 979 liberos,
572 942 671 981 alioqui
684 943 783 972 moriar
793 955 852 983 ego.

351 993 369 1014 1.
386 990 448 1014 243.
464 996 490 1014 C.
509 992 552 1014 IV.
568 990 632 1017 [044.
649 999 676 1016 Δ.

312 1030 410 1058 T.111.
429 1034 538 1061 ΗΓΒ.

312 1074 453 1103 Benedixit
480 1085 522 1103 me
546 1075 618 1103 Deus
642 1075 677 1103 ad
705 1075 854 1115 ingressum

353 1125 439 1146 tuum.
456 1125 499 1148 IV.
513 1123 578 1148 637.
594 1130 621 1147 A.

315 1163 482 1202 Expmzitur
497 1164 532 1191 T.
548 1170 593 1194 lv,
613 1168 752 1193 ‹537—649.

312 1206 473 1235 Devorando
499 1207 641 1236 devm-avit
658 1218 705 1236 nos
720 1215 744 1237 et
759 1219 855 1248 argen-

353 1257 412 1279 tum
426 1258 557 1279 nostrum.
573 1259 619 1280 1x.
633 1256 696 1281 415.
713 1264 739 1280 A.

314 1295 353 1323 Ne
375 1295 494 1332 loquaris
517 1305 578 1324 cum
605 1296 691 1325 Jacob
720 1296 855 1326 malam:

353 1343 418 1367 653.
435 1349 458 1366 B.

312 1385 366 1413 Hos
383 1384 479 1423 viginti
499 1395 581 1413 annos
597 1392 682 1414 tecum
696 1397 743 1424 ego
755 1397 856 1416 sum...

353 1429 464 1457 adustus
487 1436 552 1457 vestu
569 1429 622 1458 diei
643 1437 667 1458 et
683 1431 781 1470 frigore
803 1442 855 1460 no-

352 1480 411 1502 ctis.
430 1479 463 1502 X.
483 1478 548 1503 360.

311 1517 369 1555 Ego
393 1517 578 1556 persolvcbam
600 1528 613 1545 a
637 1529 679 1546 me
703 1518 761 1558 ipso
785 1519 854 1548 furta

355 1561 448 1589 diei....
467 1561 520 1589 Ista
549 1561 616 1590 mihi
644 1562 752 1591 fuerunt
780 1563 856 1592 annis

358 1605 465 1643 viginti.
479 1613 498 1634 1.
511 1610 574 1634 242.
593 1616 623 1635 D.

244 1649 291 1678 41.
312 1649 444 1688 Decepisti
462 1660 503 1677 me
514 1649 604 1678 decem
619 1651 704 1679 annis.
718 1658 737 1680 1.
751 1656 813 1680 243.
828 1663 852 1680 n.

288 1706 290 1708 ’
312 1694 479 1731 Exponitur
492 1693 525 1721 T.
539 1700 584 1721 IV.
598 1698 738 1723 650-655.

230 1739 292 1767 12.
312 1737 346 1765 Et
362 1736 472 1765 elevatis
485 1737 570 1765 oculis
587 1738 671 1767 Jacob
689 1738 757 1767 vidit
768 1747 855 1768 castra

351 1780 400 1809 Dei
414 1788 520 1809 metata.
534 1788 577 1810 IV.
591 1786 656 1810 650.
669 1793 695 1811 1-:.

264 1826 294 1853 2.
311 1824 379 1854 Vidi
397 1831 481 1852 castra
504 1825 672 1863 angelorum.
690 1833 722 1855 ΙΙ.
746 1831 809 1855 530.
828 1837 856 1855 n.

247 1872 295 1899 10.
311 1869 341 1896 In
358 1869 435 1907 virga
449 1869 520 1897 enim
532 1880 589 1897 mea
603 1869 653 1898 hac
668 1871 779 1898 transivi
794 1872 855 1901 Jor-

350 1912 457 1940 danem.
470 1919 514 1940 IV.
530 1917 595 1941 733.
611 1920 655 1941 lx.
670 1918 734 1942 327.
750 1925 774 1942 c.

238 1960 287 1985 11.
306 1957 391 1991 Deus,
408 1966 470 1984 erue
482 1966 524 1984 me
539 1955 572 1984 de
584 1967 664 1985 manu
679 1958 751 1986 Esau
766 1958 856 1987 fratris

350 2001 414 2028 mei.
431 2008 451 2029 I.
469 2005 531 2029 244.
546 2008 577 2031 II.
595 2006 660 2030 760.
674 2012 699 2030 c.

244 2046 292 2074 26.
311 2044 424 2073 Dimitte
448 2055 503 2078 me,
519 2045 581 2083 quia
605 2045 724 2074 ascendit
747 2045 855 2075 dilucu-

349 2089 415 2118 lum.
436 2096 480 2118 VI.
496 2094 558 2118 292.
572 2100 600 2119 A.

249 2136 296 2164 30.
313 2133 420 2173 Species
443 2134 504 2164 Dei.
523 2134 593 2168 Quia
616 2134 673 2162 vidi
695 2135 791 2162 Deum.
811 2141 855 2163 lv.

349 2181 631 2207 78⁶.n.v1.58-2.12.

310 2221 482 2259 Exponitur
496 2223 531 2250 T.
548 2229 593 2251 lv.
613 2226 749 2250 656-662.

194 2264 293 2295 13.14.
311 2265 543 2302 Nosti,d0mine‚
565 2266 627 2305 quia
648 2266 761 2294 infantes
786 2273 857 2294 tene-

352 2309 434 2338 riores
454 2317 554 2339 sunt....
577 2310 711 2339 Praecedat
730 2310 856 2339 dominus

351 2364 426 2382 meus
437 2361 497 2382 ante
510 2365 616 2383 servum
627 2365 716 2383 suum.
729 2362 748 2383 Ι.
759 2358 821 2383 244.
833 2366 856 2382 Β.

313 2398 482 2436 Exponilur
495 2399 530 2427 T.
552 2405 597 2429 IV.
617 2403 756 2427 662-665,

245 2443 294 2471 30.
314 2442 389 2470 Dixit
411 2442 481 2470 enim
499 2443 583 2471 Jacob
599 2442 633 2470 ad
656 2443 818 2481 Symeonem
832 2448 857 2470 et

355 2486 419 2513 Levi
431 2497 436 2512 ι
450 2485 583 2514 Odiosum
595 2497 637 2514 me
645 2487 783 2515 fecistis...
797 2485 857 2524 Ego

354 2536 444 2558 autem
469 2540 528 2558 sum
549 2530 678 2558 minimus
702 2540 820 2558 numero.
838 2537 856 2558 Ι.

355 2578 420 2602 244.
434 2584 461 2602 D.
478 2581 522 2602 lv.
535 2578 598 2603 669.
614 2585 639 2603 c.
654 2579 720 2603 724.
738 2585 765 2604 E.

322 2618 487 2655 Erponilur
500 2618 534 2645 T.
554 2625 594 2647 tv,
612 2622 745 2646 665-671.

233 1032 294 1059 1.2.

246 1077 295 1105 27.

249 1209 293 1236 15.

248 1294 296 1324 24.

192 1385 294 1416 3840.

191 1516 291 1547 39.41.

110 1691 157 1723 ῒὲ

113 2221 174 2252 55.

114 2395 174 2426 54.

915 289 976 308 CAP.
1016 290 1086 308 VERS

916 323 961 338 -μ

915 333 974 353 0.).
1071 326 1089 353 5

1052 415 1088 442 18

1053 501 1087 528 ΙΙ)

1069 1031 1087 1058 *1

1047 1120 1093 1147 10.

996 1251 1095 1279 19.’ὶΟ.

1045 1340 1092 1368 20.

1048 1384 1092 1411 ΙΙ).

1044 1472 1092 1500 33.

992 1558 1094 1589 3334.

1044 1693 1092 1721 35.

1030 1825 1092 1853 23.

1013 1958 1094 1986 7-10.

1045 2045 1092 2073 26.

1044 2134 1092 2161 29.

1641 223 1657 256 7

1095 346 1099 351 .
1117 324 1216 352 Factus
1232 331 1270 352 est
1295 324 1375 353 timor
1395 325 1446 354 Dei
1461 335 1541 365 super
1568 337 1659 355 omnes

1156 379 1202 408 per
1213 369 1356 398 circuitum
1373 369 1499 399 civitatis.
1513 379 1532 401 1.
1548 375 1612 400 244.
1629 382 1658 398 n.

1093 436 1099 441 .
1119 413 1224 451 Peperit
1240 413 1311 441 enim
1326 414 1439 453 Rachel,
1457 416 1660 455 partui-iensque

1156 457 1303 486 laborabat.
1320 465 1340 487 Ι.
1359 464 1422 488 245.

1093 523 1098 528 .
1115 500 1213 528 Filium
1231 501 1332 530 doloris
1347 503 1409 531 mei.
1430 510 1472 532 XI.
1490 509 1551 532 852.
1567 515 1592 532 Ε.

1111 545 1226 572 Partim
1247 550 1402 584 ezponitur
1421 548 1455 576 T.
1474 555 1506 576 11.
1526 553 1589 577 386.
1609 555 1654 577 iv.

1153 593 1216 617 672.

1112 633 1227 660 Partim
1239 637 1395 671 exponitur·
1405 634 1440 663 T.
1459 643 1503 664 IV.
1518 641 1655 665 674—683.

1086 701 1091 706 ,
1111 676 1271 713 Peregrinus
1287 685 1376 706 autem
1396 679 1447 708 fuit
1461 681 1544 709 Jacob
1562 681 1589 709 in
1604 688 1657 710 ter-

1151 730 1191 748 ra.
1208 727 1252 750 IV.
1272 725 1336 749 672.
1352 732 1379 750 D.

1090 786 1096 792 .
1114 763 1273 792 Detulerunt
1287 765 1357 793 enim
1380 766 1459 795 illum
1473 767 1585 796 crimine
1599 778 1658 797 ma-

1151 807 1189 843 lo,
1203 815 1227 836 et
1241 808 1359 838 videntes
1373 811 1445 848 quod
1458 822 1472 839 a
1490 819 1563 850 patre
1582 818 1658 840 caete-

1153 853 1217 881 teris
1230 853 1323 882 liberis
1339 855 1395 883 suis
1408 855 1471 894 plus
1486 855 1657 894 diligeretur.

1153 903 1172 924 l.
1189 897 1256 926 247.
1270 908 1299 925 A.

1086 963 1091 969 .
1111 940 1247 979 Diligebat
1270 952 1331 970 eum
1352 950 1429 982 pater
1445 943 1517 981 quod
1531 955 1592 972 eum
1614 955 1658 973 se-

1152 995 1203 1012 nex
1219 985 1364 1023 genuisset.
1381 994 1424 1015 111.
1440 992 1505 1018 678.
1522 1000 1550 1017 Α.

1092 1052 1097 1057 .
1115 1029 1251 1057 Videbam
1263 1031 1414 1070 manipulos
1427 1039 1528 1061 vestros
1541 1032 1656 1060 adoran-

1153 1081 1191 1102 tes
1206 1074 1378 1113 manipulum
1395 1087 1495 1106 meum.
1511 1084 1529 1105 I.
1546 1082 1609 1105 930.
1629 1087 1653 1107 B.

1111 1117 1251 1155 'Numquid
1263 1120 1402 1148 veniemus
1412 1131 1461 1159 ego
1472 1128 1496 1149 et
1508 1128 1591 1149 mater
1601 1128 1656 1154 tua,

1152 1168 1176 1189 et
1201 1162 1295 1191 fratres
1319 1163 1375 1200 tui,
1399 1171 1428 1193 ut
1449 1164 1590 1193 adoremus
1611 1165 1656 1193 te?

1151 1213 1195 1234 IV.
1214 1211 1277 1235 720.
1292 1219 1318 1235 Ε.

1113 1250 1183 1278 Ecce
1200 1250 1345 1278 somniator
1361 1263 1367 1278 :
1384 1262 1454 1280 nunc
1475 1263 1538 1291 ergo
1554 1253 1654 1290 venite,

1151 1293 1303 1322 occidamus
1318 1305 1391 1325 eum.
1407 1302 1427 1324 I.
1446 1301 1511 1325 207.
1526 1307 1551 1325 (3.

1110 1338 1143 1366 T.
1163 1345 1181 1366 1.
1200 1343 1262 1367 930.
1280 1350 1306 1367 c.

1112 1383 1241 1411 Dicamus
1253 1383 1326 1421 quod
1340 1395 1409 1412 unus
1422 1384 1502 1413 fuerit
1514 1396 1527 1413 a
1541 1385 1595 1414 sera
1607 1385 1656 1414 de-

1151 1434 1269 1455 voratus.
1286 1434 1330 1455 XI.
1348 1432 1412 1457 530.
1426 1439 1455 1458 A.

1111 1470 1177 1498 Fora
1203 1471 1317 1509 pessima
1337 1471 1477 1501 devoravit
1498 1473 1608 1513 Joseph.
1632 1481 1651 1504 Ι.

1153 1520 1216 1544 932.
1233 1526 1256 1546 1³.

1112 1559 1199 1588 Scidit
1214 1559 1298 1588 Jacob
1314 1560 1471 1589 vestimenta
1486 1571 1544 1590 sua.
1563 1582 1571 1590 .
1583 1561 1653 1590 Con-

1152 1604 1253 1642 gregati
1280 1612 1342 1633 sunt
1363 1612 1453 1633 autem
1489 1616 1580 1634 omnes
1603 1605 1654 1634 filii

1149 1649 1207 1687 ejus
1221 1655 1245 1676 et
1262 1648 1334 1677 ssliae.
1352 1657 1370 1678 1.
1386 1654 1449 1678 245.
1465 1661 1492 1679 D.

1111 1692 1203 1720 Noluit
1226 1692 1433 1722 consolationem
1454 1693 1584 1732 accipere.
1607 1700 1652 1722 lv.

1151 1740 1216 1765 720.
1237 1746 1264 1764 n.

1108 1780 1224 1807 Partim
1235 1781 1390 1818 &ponitur
1403 1781 1436 1808 T.
1451 1787 1495 1808 lv.
1509 1785 1644 1809 684-687.

1112 1824 1146 1851 Et
1160 1823 1231 1851 vidit
1242 1823 1325 1852 „Iudas
1338 1824 1453 1852 hominis
1467 1824 1609 1853 Chananaei
1621 1825 1656 1853 fi-

1151 1867 1251 1895 liam...
1268 1874 1293 1895 et
1318 1868 1472 1906 concipicus
1498 1869 1601 1907 peperit
1624 1869 1656 1897 [i-

1148 1913 1226 1941 lium.
1246 1920 1291 1941 lv.
1309 1918 1374 1941 684.
1390 1925 1417 1942 A.

1112 1957 1220 1986 Occidit
1234 1967 1294 1985 eum
1308 1958 1380 1985 Deus
1386 1979 1445 1987 .....
1469 1958 1567 1987 occidit
1582 1969 1653 1988 eum.

1151 2007 1196 2028 IV.
1209 2006 1272 2028 (387.
1285 2012 1309 2029 C.

1110 2044 1211 2073 Justior
1224 2052 1263 2073 est
1287 2045 1406 2075 Thamar
1426 2057 1506 2084 quam
1530 2058 1589 2085 ego.
1606 2055 1651 2077 w.

1152 2093 1216 2116 380.
1233 2101 1256 2118 A.

1111 2132 1201 2167 Quare
1220 2141 1328 2173 propter
1349 2141 1372 2163 te
1390 2135 1479 2164 excisa
1499 2141 1537 2163 est
1561 2135 1654 2175 sepes?

1152 2184 1207 2205 VII.
1223 2182 1267 2206 [42.
1281 2189 1310 2206 Δ.

1111 2221 1278 2259 Exponitur
1292 2223 1327 2251 T.
1342 2229 1385 2251 IV.
1400 2228 1539 2255 oss-694.

1086 2288 1090 2292 .
1112 2265 1146 2293 Et
1174 2273 1230 2294 erat
1258 2267 1358 2306 „Ioseph
1380 2267 1494 2306 pulchra
1525 2269 1607 2304 facie,
1629 2276 1655 2298 et

1151 2317 1260 2348 aspectu
1272 2310 1384 2339 decorus
1401 2312 1488 2340 valde.
1503 2320 1537 2342 X.
1553 2318 1615 2342 573.
1629 2326 1654 2343 E.

1152 2360 1198 2381 Χι.
1216 2355 1294 2383 ϋὸΝ

1085 2419 1091 2424 .
1110 2396 1184 2425 cuba
1199 2409 1311 2427 mecum.
1330 2406 1374 2428 III.
1390 2404 1454 2428 503.
1469 2412 1491 2428 B.
1506 2408 1537 2429 Χ.
1553 2406 1615 2430 500.
1628 2413 1654 2431 c.

1086 2463 1091 2468 .
1111 2441 1179 2469 Ecce
1190 2442 1316 2472 dominus
1327 2454 1401 2472 meus
1411 2452 1521 2484 propter
1534 2456 1574 2473 me
1586 2447 1654 2475 nihil

1154 2487 1203 2514 scit
1214 2498 1306 2516 eorum
1320 2499 1380 2526 quat
1393 2496 1455 2517 sunt
1469 2490 1493 2517 in
1506 2489 1585 2518 domo
1596 2502 1653 2520 sua.

1156 2537 1176 2558 l.
1193 2536 1255 2560 249.
1273 2539 1306 2560 X.
1326 2537 1390 2562 345.
1406 2543 1429 2561 Β.

1088 2598 1093 2603 .
1113 2577 1174 2610 Quo
1191 2583 1267 2614 pacto
1282 2576 1376 2604 faciam
1393 2577 1505 2606 verbum
1523 2577 1573 2606 hoc
1595 2588 1654 2606 ma·-

1153 2620 1219 2655 lxiiii,
1236 2627 1260 2648 ct
1283 2621 1407 2660 peccabo,
1423 2628 1472 2650 etc.
1493 2629 1523 2650 x.
1548 2627 1610 2650 500,
1629 2634 1653 2651 c.
