1884 2922
239 192 309 236 284

238 267 350 295 Crucem
367 266 424 304 ejus
438 270 462 292 01
477 262 642 302 sepulturam
659 260 829 300 praenuntiat.
844 262 888 289 lb.
907 261 976 289 San-

238 310 326 348 guinis
336 309 442 338 nomine
453 317 556 336 omnem
571 305 702 342 significat
717 304 907 343 mysteriorum
921 303 978 332 dis-

238 353 428 393 pensationem.
452 358 495 379 IV.
511 355 576 378 740.
601 359 628 376 L.
649 347 799 386 Morsjusti
815 348 898 376 Jacob
924 358 977 376 ma-

240 407 291 435 gno
307 395 438 424 miraculo
451 394 538 432 111000,
557 398 601 419 tv.
613 395 678 419 742.
696 401 724 419 D.
746 391 801 418 Cur
821 390 936 418 voluerit
951 391 977 418 in

240 439 325 479 patria
343 437 460 476 sepeliri.
477 443 521 464 tv.
534 439 599 462 729.
612 445 637 461 a.
654 433 692 461 Ut
707 433 772 470 qnid
787 433 910 472 planctus
923 443 979 461 ma-

241 493 309 521 gnus
322 482 348 509 in
364 481 420 519 ejus
434 478 584 517 sepultura.
603 483 647 505 IV.
662 481 764 504 743.13.
781 487 806 506 c.

279 527 400 555 Jaconns
411 529 436 551 et
450 523 564 552 Joannes
578 520 682 555 fratres,
696 519 747 548 filii
762 520 871 548 tonitrui
884 521 980 559 appel—

240 569 357 598 1011111.
375 571 475 595 129.n.
495 569 556 593 132.
573 575 598 592 Β.
616 570 658 591 tv.
674 569 738 591 801.
756 574 781 592 E.
805 574 895 602 quare.
910 571 979 593 vm.

243 617 307 640 130.
323 623 348 638 ,1.
364 608 464 638 Christi
477 608 614 636 dexteram
631 613 656 634 ct
670 606 804 634 sinistram
821 608 848 635 in
865 608 980 636 terrestri

242 664 322 693 regno
343 653 477 692 petebant.
501 659 522 679 Ι.
543 655 605 679 634.
622 661 646 677 Α.
667 654 732 679 635.
756 650 871 679 Iacobus
886 651 912 679 in
928 662 981 689 quo

241 697 411 737 praecelleret.
429 702 484 724 vlt.
500 699 565 723 637.
588 705 613 721 Α.
635 693 701 732 Ejus
722 693 757 720 ab
773 693 849 722 initio
869 705 982 733 magnus

240 741 330 770 ardor.
351 748 407 770 vu.
426 745 491 768 731.
514 749 540 766 L.
566 736 607 765 Ad
629 743 682 764 tam
698 736 833 765 ineffabile
850 738 982 767 virtutum

242 785 348 813 culmen
363 783 483 813 ascendit
495 804 504 817 ‚
515 788 543 810 ut
558 781 647 810 statim
663 787 807 809 mereretur
821 781 917 810 occidi.
935 784 980 810 ΙΙ).

243 830 312 857 Nam
326 828 416 868 gladio
431 833 509 865 caput
524 826 546 853 ei
563 824 711 853 abscissum
727 831 774 853 est.
790 833 810 854 1.
829 830 894 854 637.
906 838 931 854 Λ.
947 834 978 854 ΙΙ.

243 878 309 901 768.
324 883 350 900 D.
368 879 424 900 x'lt.
441 875 504 899 354.
523 881 549 897 c..
562 870 617 897 Cur
633 868 658 896 id
671 869 821 907 permiserit
833 872 915 898 Deus.
934 877 981 898 lx.

244 921 354 945 225.R

288 961 406 989 Jaconcs
417 958 540 997 (minor),
556 956 659 996 primus
671 956 912 996 Jerosolymitanus
930 957 983 995 epi-

242 1014 348 1043 scopus.
362 1010 417 1031 Vll.
435 1008 478 1031 90.
495 1013 521 1030 c.
537 1008 606 1029 vnt.
618 1005 681 1029 327.
700 1011 727 1028 D.
750 1008 795 1028 lx.
813 1004 877 1028 386.
894 1001 983 1030 13.Cur

245 1049 325 1075 frater
336 1046 444 1075 Domini
461 1052 577 1073 vocetur.
595 1051 651 1073 Vll.
666 1049 709 1072 90.
726 1055 752 1071 c.
764 1044 806 1072 Ex
819 1043 861 1071 his
871 1051 926 1071 erat
938 1044 983 1081 qni

244 1091 387 1130 cupiebant
409 1097 437 1118 111
457 1089 579 1116 Christus
598 1087 697 1115 mundo
718 1098 773 1115 sese
794 1088 981 1115 manifestaret.

246 1141 316 1162 vni.
341 1138 404 1162 327,
422 1143 446 1160 c.
461 1143 486 1160 n.
509 1142 534 1158 L.
553 1131 619 1167 Ejus
637 1129 737 1159 10111105,
753 1137 806 1158 Vll.
825 1135 871 1159 90.
888 1141 916 1157 A.
934 1130 985 1158 Vir

246 1187 358 1215 magnus
380 1183 403 1204 01
423 1174 599 1203 admirabilis.
616 1181 672 1201 ΥΙΙ.
695 1178 739 1201 90.
764 1184 790 1201 A.
815 1181 858 1201 tx.
879 1178 942 1201 386.
958 1186 981 1202 B.

249 1222 314 1260 Ejus
330 1231 421 1258 aspera
448 1219 510 1247 vita.
531 1224 587 1245 vlt.
603 1222 647 1245 90.
667 1229 690 1244 ,1.
713 1217 754 1244 Ex
772 1217 896 1255 precandi
916 1218 985 1245 assi-

246 1264 348 1292 duitate
377 1264 448 1291 frons
467 1263 524 1299 ejus
547 1261 623 1299 pellis
645 1261 832 1289 cameliinstar
850 1260 984 1288 obdurue-

248 1304 617 1336 1011111000ὒί1001105110111
630 1305 740 1333 concilio
749 1304 985 1343 Jcrosolymitano.

249 1359 292 1379 tx.
310 1356 355 1381 31,
373 1361 397 1377 n.
416 1354 479 1378 386.
504 1360 531 1376 1).
558 1348 619 1376 item
637 1347 786 1386 prudentia.
809 1355 854 1376 lx.
874 1353 938 1376 279.
958 1359 984 1376 c.

247 1395 316 1429 Quia
332 1395 472 1433 episcopus
487 1399 541 1420 crat
566 1392 591 1419 in
617 1391 841 1430 Jerosolymitana
854 1391 987 1427 Ecclesia,

250 1438 310 1466 ideo
327 1444 473 1476 postremus
489 1436 609 1473 loquitur
625 1436 649 1462 in
667 1435 787 1463 concilio.
801 1437 844 1463 Ib.

295 1482 426 1509 Jacobns
453 1480 547 1515 fralet·
572 1480 689 1506 Domini
718 1486 791 1513 erat,
815 1482 885 1518 quia
909 1479 989 1517 filius

253 1527 346 1553 dictus
364 1525 485 1561 Josepli.
505 1529 536 1550 ΙΙ.
558 1527 623 1550 954.
660 1534 679 1549 1.

289 1570 414 1597 ,11100015
452 1566 570 1603 Alphoei
603 1566 759 1603 lapt'dalus.

254 1617 279 1639 1Λ
296 1612 352 1639 col.

292 1656 448 1683 Jacriwm
465 1651 600 1691 fugienda.
623 1658 677 1679 Vll.
697 1656 758 1679 413.
778 1663 802 1679 L.
820 1654 909 1691 Opera
923 1653 989 1681 bona

251 1698 330 1725 delet.
347 1705 365 1724 Ι.
384 1701 479 1724 184.Α,
497 1706 520 1722 r..

290 1743 413 1770 Jxrnnri
431 1739 550 1777 probitas
569 1745 593 1766 et
607 1738 737 1767 honestas.
756 1747 799 1767 lv.
825 1744 888 1768 333.
905 1740 991 1769 Bene-

251 1785 350 1813 dicitur
366 1795 380 1811 a
407 1790 488 1822 patre.
502 1783 568 1816 Quae
588 1782 738 1810 benedictio
764 1783 903 1822 prophetia
926 1791 990 1812 erat.

254 1836 299 1857 tv.
315 1833 380 1856 339.
394 1838 420 1855 D.
434 1828 490 1855 Noe
500 1826 615 1865 Japheto
625 1826 794 1861 benedicens,
809 1827 927 1865 gentium
942 1839 993 1856 vo-

253 1872 383 1900 cationem
401 1870 552 1908 designasse
564 1869 681 1898 videtur.
700 1877 744 1898 IV.
762 1876 826 1899 340.
842 1882 868 1898 E.

293 1917 439 1945 JLJLNJLM
454 1924 547 1952 magna
563 1924 603 1941 res
621 1923 659 1941 051
673 1921 697 1941 01
715 1924 840 1951 maguum
854 1914 989 1952 quoddam

252 1961 363 1988 bonum.
379 1965 424 1988 IX‘.
445 1962 549 1986 237.1’,.
576 1957 601 1984 in
623 1968 686 1994 quo.
707 1965 727 1986 1.
743 1962 805 1986 3:53.
823 1965 866 1986 tv.
883 1964 910 1988 4.
925 1971 951 1988 A.
969 1971 991 1987 Β.

254 2009 319 2032 811.
337 2009 395 2030 Vll.
418 2006 481 2031 194,
501 2011 528 2028 D.
548 2011 575 2029 L.
598 2000 697 2038 Jejunii
715 2001 855 2039 prceconia.
874 2009 918 2030 tv.
941 2008 986 2030 88.

254 2057 280 2075 c.
299 2058 325 2075 D.
348 2053 402 2074 Vll.
421 2049 483 2073 654.
499 2055 521 2072 0.
535 2055 562 2071 n.
581 2045 620 2072 Dc
634 2045 739 2083 Jejunio
760 2052 785 2073 et
806 2046 993 2084 Temperantia

256 2090 367 2127 Ecloga.
388 2095 447 2117 ΧΙΙ.
463 2092 527 2116 626.
537 2097 599 2126 sqq.
611 2088 710 2126 Jejunii
720 2088 836 2118 lucrum.
848 2097 881 2117 11.
892 2094 954 2118 373.
965 2101 990 2118 c.

257 2140 283 2162 01
302 2133 354 2162 vis.
373 2139 419 2161 lv.
440 2137 466 2160 8.
490 2142 515 2160 c.
534 2142 561 2159 D.
587 2131 724 2169 jejunium
741 2132 797 2160 fons
819 2133 904 2161 omnis
929 2133 992 2172 phi-

256 2176 395 2216 losophiae.
421 2183 465 2204 lv.
489 2180 553 2204 777.
575 2186 601 2204 1).
622 2175 741 2203 omniurn
761 2176 892 2205 bonorum
915 2188 993 2206 causa

255 2228 280 2249 et
300 2227 394 2249 mater.
412 2226 457 2247 lv.
482 2224 510 2247 6.
529 2230 554 2247 L.
573 2226 665 2258 portus
679 2221 838 2248 animarum.
857 2229 902 2250 lv.
919 2227 946 2250 5.
964 2233 990 2252 Α,

255 2265 350 2292 animae
364 2264 529 2291 alimentum.
546 2270 590 2291 tv.
613 2269 639 2291 S.
655 2274 682 2291 D.
699 2271 724 2292 et
741 2265 928 2302 tranquillitas.
945 2272 990 2294 lv.

257 2314 301 2336 11.
322 2319 346 2335 0.
369 2307 551 2345 temperantia}
570 2318 672 2345 parens.
693 2315 737 2336 IV.
760 2314 825 2336 777.
847 2319 875 2336 D.
901 2319 993 2337 senum

255 2351 354 2386 decor,
378 2350 575 2378 adolescentum
602 2350 776 2389 paedagogus,
801 2352 993 2380 continentium

256 2394 390 2431 magister.
411 2400 457 2422 tv.
482 2399 526 2421 11.
545 2405 569 2422 13.
595 2394 708 2422 Omnem
728 2402 830 2423 aetatem
851 2403 874 2423 et
898 2406 993 2423 sexum

259 2438 334 2474 quasi
350 2437 500 2464 diademate
515 2436 631 2474 quodam
646 2445 729 2465 ornat.
742 2440 785 2465 Il).
803 2440 935 2466 Coronam
949 2449 994 2466 no—

257 2481 298 2508 bis
311 2488 397 2508 texere
410 2480 484 2508 50101.
498 2487 540 2508 Π.
553 2485 617 2509 747.
634 2492 655 2509 0.
668 2481 805 2519 Jejunium
821 2489 940 2513 ornatus.
953 2482 993 2510 si—

258 2525 312 2552 mul
328 2531 353 2552 et
367 2531 483 2552 tutamen
496 2531 520 2552 et
534 2524 663 2552 custodia.
678 2532 712 2553 ΙΙ.
726 2530 788 2553 365.
809 2525 942 2553 Medicina
956 2533 993 2554 cst

258 2574 281 2595 ct
301 2567 453 2596 remedium.
476 2575 504 2595 ΙΙ.
532 2573 572 2595 17.
596 2579 618 2595 n.
638 2575 680 2596 tv.
701 2574 724 2597 5.
753 2581 778 2599 ,1,
803 2570 893 2605 Quare
918 2569 992 2598 illam

873 199 974 222 lNDEX

803 1573 846 1594 Vt.
877 1571 938 1595 915.
965 1578 989 1595 c.

1007 197 1132 220 RERUM.

1030 256 1224 296 excogitaverit
1240 257 1322 285 Deus.
1338 262 1383 284 lv.
1402 260 1445 284 87.
1462 266 1490 284 D.
1508 257 1558 284 Per
1573 255 1669 284 utentis
1685 255 1768 293 impe-

1030 301 1120 330 ritiam
1146 310 1216 339 saepe
1229 299 1259 327 fit
1273 298 1387 327 inutilis.
1402 305 1434 327 ΙΙ.
1450 303 1494 327 47.
1514 309 1539 326 1³.
1560 299 1713 327 Necessaria
1730 305 1770 326 ta-

1032 355 1091 373 men
1103 351 1150 373 est.
1166 351 1199 373 11.
1220 348 1314 372 3650.
1340 342 1510 372 Moderatum
1523 342 1667 381 jejunium,
1682 342 1770 370 victus

1031 388 1128 424 tenuis,
1150 388 1230 416 timor
1247 387 1296 415 Dei
1314 393 1340 415 et
1358 387 1489 415 orationes
1503 385 1626 422 assiduae,
1639 386 1772 414 refrenant

1032 431 1218 471 cupiditatem.
1239 438 1271 459 V.
1285 435 1331 459 53.
1348 441 1376 459 n.
1395 437 1453 459 vn.
1472 434 1536 458 194.
1550 440 1576 458 n.
1589 441 1617 458 r..
1631 429 1772 458 Absurdo-

1033 486 1092 503 rum
1103 481 1225 503 motuum
1238 474 1334 502 ssuctus
1352 480 1432 511 atque
1445 473 1676 512 concupiscentias
1688 472 1770 502 sedat.

1034 523 1156 548 unm-1.
1175 529 1198 546 Β.
1217 518 1246 547 Si
1261 528 1321 546 cum
1334 517 1496 555 benignitate
1507 517 1648 556 jungatur,
1663 517 1707 546 iroe
1723 517 1773 546 Dei

1034 562 1229 591 vehementiam
1250 561 1413 600 exstinguit,
1432 568 1456 589 et
1470 560 1675 590 consolationem
1696 561 1774 589 nobis

1034 606 1126 641 affert,
1146 615 1206 633 cum
1223 605 1377 633 remissione
1395 611 1576 643 peccatorum.
1596 611 1664 633 vm.
1686 609 1730 633 54.
1748 615 1773 632 c.

1035 649 1179 677 Pristinam
1194 659 1244 678 nos
1261 649 1287 677 in
1311 648 1462 676 libertatem
1476 647 1590 676 reducit.
1609 655 1640 676 11.
1663 652 1726 676 364.
1747 659 1773 676 Δ.

1035 694 1137 721 Pennas
1151 693 1246 721 animae
1261 692 1374 720 leviores
1391 691 1493 728 reddit,
1508 699 1533 720 et
1545 691 1674 720 leviorem
1688 692 1775 720 carnis

1034 740 1164 768 sarcinam
1186 738 1277 767 efficit.
1295 745 1339 767 IV.
1356 743 1400 766 88.
1417 749 1444 767 c.
1466 744 1510 766 Vl.
1532 742 1596 766 163.
1621 747 1649 766 Ε.
1672 748 1699 766 A.
1715 744 1774 766 vlt.

1035 788 1128 812 654.13
1156 793 1182 810 0.
1203 783 1326 811 Animam
1340 782 1402 810 facit
1419 781 1579 810 habiliorem
1601 788 1626 810 et
1646 781 1776 810 valentio-

1035 838 1089 854 rem
1100 849 1107 862 ‚
1118 833 1197 864 atque
1211 826 1362 855 clariorem.
1379 832 1423 853 tv.
1438 830 1465 853 8.
1480 835 1507 853 L.
1521 830 1564 853 88.
1581 836 1608 853 c.
1623 825 1740 853 maxime
1754 825 1777 853 si

1036 881 1096 898 cum
1108 870 1226 899 oratione
1240 869 1411 898 adhibeatur.
1426 876 1457 897 11.
1473 873 1519 897 46.
1536 875 1568 898 V.
1586 873 1650 897 639.
1662 880 1686 898 0.
1701 869 1777 908 Jeju-

1037 914 1112 942 nium
1133 913 1279 941 auxiliator
1300 920 1324 941 et
1341 913 1488 941 commilito
1507 919 1605 941 noster.
1626 920 1657 941 11.
1680 917 1724 941 82.
1747 924 1773 942 Α.

1036 965 1059 986 01
1074 957 1183 995 quidem
1197 957 1367 985 necessarius.
1381 963 1411 984 ΙΙ.
1425 961 1487 984 365.
1500 967 1528 984 D.
1545 957 1681 994 Jejunium
1696 967 1779 994 quan-

1037 1008 1092 1028 tum
1110 1000 1277 1029 commendet
1292 999 1423 1028 Christus.
1442 1007 1496 1028 vn.
1511 1004 1574 1028 278.
1592 1011 1618 1028 c.
1633 1011 1657 1028 B.
1675 1004 1737 1028 654.
1754 1012 1778 1029 Α.

1037 1045 1165 1082 jejunans
1179 1044 1240 1082 igne
1251 1050 1290 1072 est
1304 1042 1449 1079 ardentior,
1462 1049 1486 1071 01
1504 1050 1579 1071 terrae
1592 1043 1722 1082 superior.
1732 1051 1775 1072 vt.

1038 1092 1101 1115 (354.
1115 1099 1141 1116 (j.

1078 1130 1178 1169 Jejnnii
1203 1131 1327 1169 praeclara
1354 1130 1481 1166 facinora,
1499 1130 1525 1158 in
1540 1131 1647 1169 Moyse,
1666 1130 1693 1158 in
1709 1130 1779 1165 Elia,

1040 1174 1065 1201 in
1088 1173 1209 1208 Daniele,
1228 1173 1254 1201 in
1272 1173 1416 1207 Ninivitis,
1432 1180 1456 1201 01
1470 1174 1496 1202 in
1519 1173 1637 1203 Christo.
1655 1181 1699 1203 tv.
1710 1179 1736 1202 7.
1750 1186 1778 1203 D.

1041 1228 1063 1245 E.
1077 1222 1103 1245 8.
1118 1224 1150 1245 ΙΙ.
1165 1222 1209 1245 47.
1226 1227 1251 1244 A.
1267 1227 1292 1244 c.
1313 1218 1397 1244 Moses
1418 1223 1443 1244 et
1460 1216 1543 1250 Elias,
1556 1217 1577 1244 si
1594 1218 1680 1245 Deum
1702 1217 1781 1246 vole-

1040 1262 1103 1289 bant
1113 1260 1225 1297 alloqui,
1238 1259 1270 1287 ad
1281 1259 1415 1298 jejunium
1430 1259 1629 1298 confugiebant.
1646 1265 1777 1289 11.365.n.

1042 1303 1165 1332 Monachi
1175 1303 1318 1342 jejunium,
1331 1313 1376 1330 0011
1388 1302 1539 1330 commercii
1555 1303 1669 1341 vitaeque
1679 1304 1781 1332 socium

1041 1348 1220 1387 suscipiebant
1238 1358 1244 1374 :
1259 1357 1340 1384 quare
1361 1347 1467 1384 angelos
1492 1357 1525 1374 ex
1547 1347 1702 1375 hominibus
1721 1347 1782 1376 illos

1042 1393 1110 1420 fecit.
1127 1394 1169 1419 Il).
1183 1392 1239 1419 Imo
1253 1392 1325 1419 Deus
1345 1391 1479 1419 hominem
1494 1401 1508 1418 0
1522 1390 1656 1429 principio
1671 1391 1780 1428 faciens,

1042 1436 1115 1464 illico
1131 1446 1190 1463 eum
1203 1435 1298 1474 jejunii
1321 1434 1444 1462 manibus
1469 1434 1680 1470 commendavit,
1697 1434 1782 1463 veluti

1043 1480 1093 1518 pice
1108 1479 1270 1517 amabilique
1281 1479 1356 1506 matri
1370 1485 1396 1506 et
1407 1478 1540 1517 magistrae
1555 1479 1733 1506 committens.
1746 1485 1779 1507 11.

1045 1529 1108 1552 365.
1126 1535 1150 1551 c.
1168 1524 1208 1551 De
1227 1523 1330 1561 jejunio
1354 1523 1458 1550 laetatur
1478 1523 1560 1552 Dens.
1583 1524 1629 1550 lb.
1646 1533 1671 1549 c.
1694 1522 1782 1556 Quam

1043 1567 1209 1596 daemonibus
1223 1566 1397 1594 tremendum.
1415 1573 1448 1596 ΙΙ.
1467 1570 1531 1594 364.
1549 1576 1577 1594 D.
1595 1576 1621 1593 E.

1083 1611 1221 1649 Jejunium
1235 1620 1287 1638 non
1299 1608 1509 1644 timcndum‚sed
1524 1608 1612 1647 potius
1625 1608 1780 1637 amandum.

1046 1662 1078 1683 ΙΙ.
1096 1659 1158 1684 364,
1178 1665 1205 1683 D.
1221 1664 1247 1681 ε.
1262 1653 1360 1682 Divina
1376 1653 1419 1681 lex
1435 1660 1474 1681 est
1487 1662 1546 1690 quae
1572 1651 1622 1680 hoc
1647 1653 1780 1692 praecipit.

1046 1706 1102 1727 Vll.
1128 1703 1192 1726 295.
1211 1709 1237 1727 0.
1263 1697 1349 1731 Quam
1362 1697 1513 1734 jucundum
1530 1696 1583 1724 illis
1597 1697 1642 1733 qui
1664 1695 1796 1734 [11ιί1050--

1047 1742 1121 1781 pluiri
1139 1743 1241 1770 volunt.
1259 1748 1304 1769 lv.
1321 1745 1384 1768 747.
1411 1752 1438 1770 a.
1461 1740 1490 1768 In
1507 1739 1610 1778 jejunio
1633 1746 1712 1778 caput
1734 1750 1784 1768 un-

1046 1785 1175 1823 gendum„
1188 1795 1302 1822 quonam
1321 1783 1412 1812 modo.
1430 1790 1474 1811 tv.
1492 1788 1556 1811 295.
1573 1793 1598 1810 Α.
1612 1793 1637 1810 13.
1648 1782 1677 1811 Si
1692 1782 1719 1810 in
1734 1794 1782 1822 pa-

1046 1828 1135 1857 radiso
1144 1829 1277 1867 jejunium
1301 1827 1478 1856 necessarium
1500 1828 1560 1861 suit,
1578 1833 1651 1855 extra
1674 1826 1782 1865 paradi-

1046 1883 1106 1900 sum
1121 1872 1205 1900 multo
1221 1871 1314 1909 magis.
1331 1878 1364 1900 11.
1391 1875 1455 1899 365.
1477 1882 1502 1898 c.
1518 1870 1561 1898 Ad
1572 1870 1705 1909 jejunium
1720 1870 1785 1899 hor-

1047 1923 1117 1944 tatur
1142 1916 1360 1954 Cbrysostomus.
1378 1921 1423 1943 IV.
1441 1919 1486 1943 88.
1505 1925 1528 1942 Β.
1545 1924 1571 1943 0.
1594 1913 1693 1952 Jejunii
1715 1914 1784 1952 leges

1047 1959 1189 1988 discendoe.
1206 1967 1238 1987 ΙΙ.
1256 1964 1301 1987 47.
1315 1970 1338 1987 n.
1353 1958 1533 1997 Jejunandum
1545 1958 1570 1986 10
1586 1957 1784 1986 tentationibus.

1048 2011 1094 2032 lx.
1114 2008 1177 2031 268.
1191 2015 1216 2032 A.
1230 2003 1284 2037 Qui
1297 2012 1347 2030 non
1359 2003 1473 2041 jejunat,
1489 2012 1549 2030 cum
1561 2001 1655 2040 possit,
1666 2001 1784 2029 maxima

1047 2047 1098 2075 sibi
1113 2047 1208 2074 damna
1222 2046 1353 2075 soncitiat.
1369 2053 1414 2074 lv.
1433 2051 1476 2074 88.
1493 2056 1517 2073 B.
1534 2045 1672 2084 Jejuuium
1686 2051 1783 2073 01010-

1048 2090 1084 2118 tio
1100 2091 1244 2119 necessaria
1256 2089 1290 2118 ad
1302 2090 1436 2118 daemoncs
1454 2088 1633 2128 expellendos.
1649 2095 1705 2118 vn.
1719 2093 1783 2117 654.

1047 2146 1073 2162 A.
1090 2145 1114 2163 B.
1130 2134 1301 2170 Quibusnam
1323 2133 1455 2172 jejunium
1473 2143 1523 2160 non
1541 2132 1575 2160 sit
1594 2132 1782 2162 necessarium.

1048 2183 1147 2206 11287,
1165 2188 1193 2206 D.
1207 2177 1343 2215 Jejunium
1354 2177 1399 2214 qui
1415 2177 1483 2204 serre
1493 2186 1545 2204 non
1558 2176 1659 2212 valent,
1675 2186 1784 2214 quomo-

1047 2221 1082 2249 do
1092 2221 1394 2259 110110001οο01110115010.
1411 2227 1456 2248 IV.
1469 2224 1514 2249 88.

1086 2264 1187 2303 Jejunii
1219 2265 1274 2292 veri
1305 2264 1431 2292 conditio.
1468 2271 1501 2292 11.
1538 2269 1578 2293 47.
1606 2274 1634 2292 Δ.
1669 2274 1693 2293 n.
1721 2267 1782 2292 198.

1049 2319 1076 2337 D.
1102 2319 1115 2335 L
1146 2313 1207 2337 199.
1230 2314 1255 2335 01
1278 2308 1357 2337 ratio.
1384 2315 1416 2336 ΙΙ.
1447 2312 1509 2336 518.
1533 2318 1560 2336 A.
1591 2318 1615 2335 Β.
1644 2307 1784 2335 Fructuosi

1044 2351 1141 2389 jejunii
1165 2350 1268 2379 modus.
1292 2358 1309 2378 t.
1335 2356 1439 2380 71911.
1459 2356 1524 2379 720.
1541 2351 1639 2380 Omnia
1663 2350 1784 2389 corporis

1048 2395 1165 2422 membra
1177 2395 1306 2433 jejunent.
1327 2402 1359 2423 ΙΙ.
1375 2400 1418 2423 49.
1434 2395 1558 2433 Jejunent
1571 2404 1665 2422 manus
1681 2404 1696 2421 0
1710 2394 1785 2432 rapi-

1048 2450 1096 2473 na,
1112 2438 1191 2477 pedes
1205 2449 1218 2465 a
1234 2449 1313 2466 cursu
1336 2438 1429 2466 illicito
1448 2460 1455 2473 ‚
1475 2437 1543 2465 oculi
1559 2437 1593 2465 ab
1615 2437 1708 2465 alienis
1722 2437 1784 2476 pul-

1047 2481 1262 2515 chritudinibus,
1289 2491 1365 2509 aures
1389 2491 1404 2508 0
1423 2480 1599 2508 detractorum
1625 2480 1732 2515 auditu,
1755 2491 1784 2508 os

1048 2537 1061 2553 0
1092 2525 1180 2553 verbis
1205 2524 1328 2563 turpibus
1352 2531 1376 2552 ct
1399 2523 1529 2554 convicio.
1562 2526 1605 2552 ΙΙι.
1633 2524 1783 2562 Jejunando

1049 2580 1098 2598 11011
1113 2569 1242 2607 jejunare,
1256 2575 1342 2597 0111011
1355 2566 1500 2606 jejunando
1514 2568 1643 2606 jejunare,
1658 2566 1724 2605 quid
1734 2567 1769 2596 sit
