1910 2907
0 2322 37 2336 uer.
50 2315 66 2335 1.
78 2313 100 2337 6,

646 207 736 230 NUNC
762 206 894 236 PRIMUM
921 204 1107 228 ADORNATA
1114 218 1121 225 .

113 279 144 298 ac
156 270 271 299 Joannes
291 280 306 297 a
323 269 380 298 foro
395 276 421 298 ct
433 269 606 299 saecularihus
628 269 732 309 penitus
754 268 855 297 abstra-

114 321 182 349 ctus,
198 325 283 343 unum
298 315 430 343 Basiliam
444 315 632 353 frequentaret,
644 325 675 343 ac
688 325 748 343 cum
761 314 808 342 illo
823 313 856 342 de

113 362 213 390 divinis
225 373 329 402 semper
342 370 365 391 et
378 362 411 391 de
426 363 481 391 vita
496 363 642 392 monastica
654 362 735 391 verba
750 363 856 397 faceret,

113 408 230 437 Basilius
245 432 251 440 ,
264 409 309 446 qui
322 409 378 437 sine
393 410 496 438 Joanne
507 420 559 438 non
574 409 686 437 vitalem
705 408 757 436 sibi
772 408 855 436 vitam

113 463 168 482 esse
190 455 302 493 putabat
316 477 323 490 ,
335 462 360 483 et
373 455 419 493 qui
430 458 527 494 saepius
553 455 587 483 ab
601 456 658 494 ejus
682 454 856 483 contubernio

113 500 193 528 avelli
210 501 364 539 cogebatur,
385 502 481 530 Joanni
506 501 656 540 proposuit,
670 507 698 528 ut
720 500 799 527 ambo
811 510 856 538 pa-

114 544 195 572 ternis
209 545 309 573 relictis
322 545 435 579 aedibus,
452 545 478 573 in
501 545 628 584 peculiari
644 544 761 582 quadam
775 544 855 571 domo

113 589 189 618 sedes
204 598 342 629 ponerent,
358 598 382 619 et
396 591 477 619 simul
492 592 575 619 vitam
591 591 716 619 ducerent
729 590 855 618 monasti-

113 646 150 664 cae
161 637 286 664 similem.
303 637 454 665 Consilium
469 636 577 664 tandem
593 636 717 675 probavit
727 637 857 671 joannes,

113 682 160 710 sed
175 693 203 710 re
214 690 349 721 comperta
371 682 481 712 Joannis
504 690 598 719 mater,
615 693 675 720 quae
697 682 806 710 unicum
819 681 856 709 fi-

111 727 180 756 lium
192 728 340 757 admodum
361 728 491 766 diligebat
505 752 511 764 ,
526 729 614 767 ipsum
634 728 748 767 profusis
768 727 856 766 lacry-

113 774 164 802 mis
178 774 276 802 ohnixe
295 782 418 813 precatur
429 785 460 803 ne
475 786 502 803 se
516 775 617 803 deserat
633 797 640 808 ‚
656 785 702 802 nec
717 785 744 802 se
767 773 856 802 viduae

112 827 201 848 ettam
215 821 281 849 bene
292 822 392 850 assectae
408 822 501 849 matris
516 821 679 849 consortium
693 820 769 849 alteri
781 826 856 859 post—

112 874 204 905 ponat,
218 867 251 895 iis
267 878 314 895 usa
333 868 433 904 verbis,
447 878 506 905 qua*
521 867 726 906 Chrysostomus
741 866 798 904 ipse
811 876 856 894 re-

113 913 164 941 fert
180 935 187 948 ,
212 924 324 951 quaeque
342 913 488 953 potuissent
502 914 629 952 juvenem
645 914 745 942 Joanne
768 912 857 939 minus

113 957 180 986 bene
191 959 316 987 affectum
331 970 345 987 a
360 959 494 998 proposito
508 969 641 987 revocare.
658 958 754 986 Mau-is
769 958 857 995 itaque

113 1004 185 1033 votis
207 1005 392 1044 obtemperans
417 1006 545 1042 Joannes,
563 1015 624 1033 cum
651 1004 697 1032 illa
715 1015 764 1042 pro
784 1014 857 1031 more

113 1060 162 1078 suo
176 1057 283 1079 manSit.

153 1097 184 1125 In
217 1104 336 1125 materna
368 1097 458 1136 itaque
482 1097 562 1125 domo
583 1108 598 1126 a
622 1096 735 1135 negotiis
760 1107 857 1125 vacans

113 1144 288 1172 saeeularihus
311 1144 453 1182 (Antliusa
476 1144 576 1183 quippe
608 1154 664 1172 rem
696 1143 857 1171 familiarem

113 1199 219 1217 omnem
234 1189 370 1225 curabat),
386 1191 500 1219 ,loannes
513 1189 614 1218 divinae
628 1196 730 1217 tantum
743 1189 860 1228 pbiloso-

113 1234 184 1273 phiae
203 1235 285 1263 dabat
310 1246 429 1273 operam,
447 1246 543 1274 corpus
567 1246 703 1264 macerans
723 1235 834 1273 jejuniis
847 1257 856 1269 ,

112 1280 217 1319 vigiliis
231 1304 238 1316 ,
253 1281 329 1309 humi
344 1282 474 1310 recubans
489 1303 496 1316 ‚
512 1292 611 1320 pravos
637 1281 749 1309 affectus
767 1292 858 1309 omues

112 1326 264 1361 eliminans,
282 1338 357 1355 vanae
369 1328 461 1366 gloriae
477 1329 582 1356 fumum
593 1327 730 1366 depellens
741 1335 766 1356 et
781 1327 858 1356 dissi-

112 1385 189 1413 pans.
218 1375 329 1413 Linguae
351 1386 414 1404 vero
437 1387 468 1404 ne
496 1376 563 1414 quid
589 1383 679 1404 contra
702 1376 858 1415 proximum

113 1420 176 1449 mali
189 1422 326 1460 proferret,
343 1422 465 1461 perpetui
480 1422 580 1451 silentii
594 1422 708 1450 claustra
721 1430 857 1461 posuerat3

113 1468 249 1497 neminem
277 1469 376 1508 quippe
400 1469 595 1507 alloquebatur.
608 1471 677 1498 Hinc
702 1469 775 1508 apud
796 1480 860 1498 non-

112 1513 202 1542 nullos
214 1515 305 1553 opinio
320 1522 377 1543 erat
391 1526 515 1554 asperum
527 1516 605 1544 illum
620 1526 685 1552 esse,
704 1516 749 1553 qui
766 1516 859 1544 huma-

111 1569 173 1588 nam
186 1561 334 1598 quamlibet
348 1561 500 1590 societatem
512 1562 616 1601 fugeret
627 1574 633 1589 :
643 1572 674 1590 ac
685 1573 747 1590 cum
760 1562 858 1591 similia

112 1606 223 1644 quidam
246 1607 331 1636 multa
351 1608 534 1646 proferrentet
546 1619 653 1636 rumore
666 1609 762 1637 nuntio
775 1609 803 1637 id
814 1609 859 1637 ille

112 1662 164 1680 nou
179 1653 332 1691 ignoraret,
350 1653 422 1682 haud
444 1654 558 1683 libenter
579 1655 659 1683 talem
682 1654 715 1683 de
731 1666 757 1683 se
773 1657 859 1694 suspi-

112 1699 215 1727 cionem
243 1700 336 1728 haberi
361 1701 490 1740 comperit
503 1713 509 1728 :
531 1701 627 1729 maluit
654 1708 741 1729 tamen
765 1701 859 1730 eadem

111 1755 220 1784 pergere
233 1746 276 1774 via
296 1746 522 1785 solitudinemque
541 1758 590 1787 pro
605 1758 678 1776 more
697 1748 799 1776 colere:
812 1759 860 1776 ex-

111 1798 202 1829 pertus
220 1792 329 1821 fortasse
339 1815 347 1829 ,
360 1792 426 1821 dum
439 1793 464 1821 in
475 1793 532 1822 foro
543 1800 705 1828 versaretur,
723 1794 772 1822 vix
782 1804 860 1832 posse

112 1836 254 1866 hominum
267 1839 399 1867 consortio
411 1839 607 1878 colloquiisque
621 1840 763 1875 fruentem,
775 1840 801 1868 in
813 1840 859 1869 illa

111 1883 220 1912 virtutis
235 1884 279 1913 via
293 1907 300 1920 ,
314 1895 394 1923 quam
412 1885 468 1924 ipse
478 1886 620 1925 amplexus
630 1893 696 1923 erat,
711 1886 767 1914 sine
778 1886 857 1926 lapsu

112 1929 249 1968 progredi.

152 1976 244 2014 Neque
259 1983 347 2004 tamen
365 1976 402 2004 ita
431 1984 610 2014 sequestratus
633 1984 689 2006 erat
709 1978 744 2006 ab
765 1977 856 2006 homi-

111 2031 176 2049 num
199 2022 337 2053 societate.
363 2029 392 2050 ut
408 2022 545 2051 sodalibus
566 2030 591 2051 et
615 2023 707 2052 amicis
730 2024 855 2053 omnibus

112 2067 301 2096 intercluderet
318 2068 432 2098 aditum.
444 2069 576 2098 Basilium
589 2070 660 2097 enim
673 2092 680 2105 ,
691 2070 737 2107 qui
752 2081 801 2109 par
812 2071 855 2099 vi-

111 2114 193 2143 vendi
219 2115 372 2143 institutum
384 2115 544 2151 sectabatur,
557 2116 591 2144 ad
604 2116 746 2154 colloquia,
762 2124 791 2145 ut
805 2117 855 2146 vi-

112 2161 212 2196 dimus,
226 2163 378 2200 frequenter
400 2163 567 2192 admittebat.
579 2165 670 2202 Neque
683 2175 792 2202 prorsus
809 2175 855 2193 ne-

114 2208 231 2246 gligebat
245 2209 347 2237 sodales
362 2209 434 2245 illos,
449 2210 495 2247 qui
511 2209 608 2238 iisdem
622 2220 712 2238 secum
727 2211 791 2239 olim
807 2211 855 2239 di-

113 2253 234 2292 sciplinis
253 2254 343 2290 tincti,
357 2255 510 2283 saecularem
529 2255 612 2283 vitam
625 2256 854 2295 amplectebantur

114 2305 140 2327 et
159 2299 308 2328 forensibus
329 2300 425 2329 studiis
445 2301 546 2329 dabant
565 2312 683 2340 operam.
699 2303 855 2330 «Persuasit

114 2345 185 2373 enim
195 2367 202 2381 ,
215 2345 302 2383 inquit
313 2346 448 2383 Socrates,
459 2347 602 2375 Theodoro
617 2355 643 2376 et
655 2348 778 2376 Maximo
793 2358 854 2376 con-

114 2390 256 2430 discipulis
276 2392 343 2427 suis,
358 2393 404 2430 qui
424 2403 476 2421 nna
495 2404 556 2421 cum
576 2394 634 2432 ipso
650 2394 794 2422 Libanium
812 2405 853 2423 so-

114 2437 231 2476 phistam
258 2437 407 2479 audierant,
430 2446 460 2467 ut
482 2440 574 2468 relicta
597 2440 772 2479 professione,
795 2451 854 2478 quae

114 2483 183 2511 nibil
196 2490 292 2522 praeter
305 2491 437 2521 quaestum
451 2492 589 2524 spectaret,
603 2486 752 2524 simplicem
765 2487 854 2525 potius

113 2539 144 2557 ac
160 2536 267 2557 tenuem
281 2530 364 2558 vitam
381 2531 635 2570 amplecterentur.»
652 2531 694 2560 Ex
711 2532 752 2560 his
764 2532 852 2561 Theo-

113 2575 195 2604 dorus
209 2576 381 2615 Mopsuestiae
398 2576 424 2604 in
440 2577 536 2606 Cilicia
555 2578 726 2616 postmodum
747 2579 854 2618 episco-

115 2632 165 2661 pus
177 2622 242 2661 fuit,
253 2622 392 2651 Maximus
405 2633 465 2652 vero
476 2623 602 2652 Seleuciae
615 2624 642 2652 in
653 2625 764 2654 Isauria.
777 2625 854 2653 Hunc

1581 192 1648 227 105

912 277 993 306 porro
1005 266 1157 294 Maximum
1179 265 1255 293 illum
1274 271 1350 304 putat
1368 264 1450 293 fuisse
1466 264 1656 301 Hermantius,

912 314 957 351 qui
982 312 1166 351 Chrysostomi
1186 311 1287 340 amicus
1307 317 1331 338 et
1351 310 1452 349 collega
1471 316 1542 345 erat,
1557 310 1657 348 quique
1666 315 1690 334 93

912 354 1119 387 concionabatur
1134 357 1243 386 alternis
1258 367 1319 385 cum
1335 356 1382 384 illo
1397 356 1516 391 vicibus,
1529 363 1557 384 ut
1572 357 1656 384 fertur

913 406 1000 434 Tomo
1012 405 1090 434 tertio
1105 416 1131 444 p.
1148 407 1217 439 911,
1227 406 1257 432 Α.
1269 403 1420 432 Maximum
1434 413 1540 441 quoque
1551 413 1656 431 memo-

912 461 953 481 rat
965 454 1176 492 Clirysostomus
1189 452 1240 481 sibi
1250 451 1366 480 amicum
1378 451 1404 479 in
1415 451 1526 490 epistola
1537 450 1655 488 quadam
1668 481 1679 493 r
1707 451 1735 472 T
1747 450 1770 473 3·
1783 459 1806 479 P·

911 499 947 527 ad
963 498 1166 538 Olympiadem.
1184 498 1305 527 Maximo
1326 497 1406 525 etiam
1423 497 1475 525 sibi
1490 497 1576 525 amico
1599 496 1656 535 epi·
1667 488 1720 509 ³9²*
1734 491 1753 502 ‘¹'

913 555 993 583 scopo
1009 545 1116 584 scripsit
1131 545 1185 573 ille.
1200 547 1302 571 Verum
1319 553 1352 571 an
1366 543 1392 571 in
1409 542 1440 570 iis
1452 542 1519 570 locis
1532 549 1571 570 ter
1584 541 1655 570 idem
1667 543 1806 572 T.3.p.t‘›87.

913 598 1091 626 memoretur,
1103 601 1135 619 an
1152 601 1229 625 vero,
1239 589 1259 617 si
1274 589 1363 628 plures
1375 590 1428 617 sint
1438 611 1444 622 ‚
1455 599 1547 617 eorum
1559 588 1657 625 aliquis

912 638 957 666 ille
972 639 1006 666 sit
1018 639 1052 666 de
1066 648 1119 676 quo
1129 639 1186 676 jam
1201 637 1302 675 agitur,
1318 636 1421 664 nonnisi
1439 635 1586 664 divinando
1601 635 1655 664 dici

912 691 1016 723 potest:
1032 684 1109 712 multi
1124 684 1225 722 quippe
1240 690 1301 710 tunc
1315 689 1390 710 erant
1405 682 1511 710 nomine
1524 683 1650 710 Maximi.

954 729 1114 758 Theodorus
1136 740 1198 757 vero
1211 752 1219 765 ,
1237 729 1282 766 qui
1298 729 1426 756 suadente
1440 729 1557 761 Joanne,
1577 727 1672 768 abdi'.
1693 765 1696 767 Δ
1712 764 1714 767 ἡ
1768 764 1771 767 .
1791 764 1794 766 -

911 776 976 804 catis
992 775 1072 803 rebus
1085 774 1234 803 forensibus
1245 796 1251 808 ‚
1273 774 1378 813 pietatis
1393 773 1526 801 exercitiis
1544 783 1599 801 sese
1614 780 1654 801 to-
1666 768 1731 814 22:1¹¹?
1740 763 1808 814 ²5⁹¹*

912 828 969 849 tum
984 821 1133 857 dediderat,
1149 821 1175 848 in
1189 820 1324 859 proposito
1339 830 1390 847 non
1401 819 1449 847 diu
1460 819 1595 858 perstitit3
1610 820 1656 848 sed
1666 825 1809 875 {flu-*odorum

1676 863 1760 883 ssPSUfD-

1713 731 1778 752 Tam.
1798 737 1805 752 1

911 879 1019 896 rursum
1031 867 1065 896 ad
1077 868 1163 907 prisca
1179 878 1314 901 reversus,
1331 866 1466 894 saecularia
1483 866 1586 904 negotia
1602 873 1657 895 tra-

911 921 982 943 ctare
996 915 1074 953 coepit
1086 937 1094 948 ‚
1109 913 1346 953 voluptatibusque
1361 912 1467 940 deditus
1477 935 1483 947 ,
1501 912 1658 941 Hermiones

911 961 991 989 etiam
1013 961 1109 1000 puella}
1130 960 1271 999 cujusdam
1289 969 1379 988 amore
1394 958 1522 997 flagrabat
1539 970 1544 985 ε
1560 958 1659 996 quihus

911 1007 1055 1046 compertis
1072 1007 1188 1035 Joanucs
1204 1006 1297 1034 intimo
1312 1004 1414 1033 doloris
1430 1014 1507 1032 sensu
1528 1004 1639 1032 affectus
1654 1026 1660 1039 ,

912 1053 1058 1081 orationem
1070 1052 1122 1091 ipsi
1135 1051 1318 1090 longissimam
1331 1051 1413 1085 misit,
1425 1061 1476 1087 qua
1491 1049 1568 1077 illum
1583 1049 1659 1087 quasi

910 1100 967 1138 jam
989 1098 1063 1127 vitiis
1086 1098 1209 1126 deditum
1225 1097 1389 1135 compellat,
1416 1095 1450 1124 ad
1475 1096 1659 1135 poenitentiam

913 1145 1068 1179 cohortans,
1084 1144 1119 1172 ad
1133 1154 1274 1177 secessum,
1291 1142 1324 1171 ad
1336 1142 1479 1182 pristinum
1492 1142 1554 1170 vitae
1568 1152 1658 1180 genus,

915 1191 989 1229 quod
1012 1203 1039 1220 se
1055 1191 1183 1220 suadente
1198 1198 1359 1230 susceperat.
1382 1190 1600 1228 Exemplumque
1617 1190 1659 1218 af·
1671 1192 1698 1212 T·
1714 1198 1732 1213 Ι-
1745 1190 1809 1220 p-28-

915 1239 966 1267 sert
979 1239 1086 1278 juvenis
1101 1237 1242 1277 cujusdam
1259 1237 1394 1266 Phoenicis
1407 1236 1511 1265 [rbani
1527 1236 1576 1264 silii
1587 1259 1594 1271 ,
1617 1246 1662 1264 no-

916 1284 1020 1313 bilitate
1039 1292 1063 1313 et
1078 1284 1175 1323 opibus
1191 1284 1315 1323 pollentis
1327 1305 1335 1318 ,
1353 1283 1397 1321 qui
1414 1293 1474 1311 cum
1487 1305 1493 1316 ‚
1515 1282 1559 1321 pio
1574 1289 1661 1310 motus

915 1332 1021 1367 affectu,
1040 1330 1248 1369 ludimagistris,
1266 1329 1344 1357 fastui
1360 1329 1523 1366 terrenisque
1536 1328 1661 1356 omnibus

915 1378 1026 1416 longum
1040 1377 1227 1411 valedixisset,
1248 1378 1275 1404 in
1291 1382 1392 1403 montes
1406 1373 1569 1409 ascenderat,
1587 1381 1610 1402 et
1625 1374 1660 1402 ad

916 1435 1052 1452 summum
1068 1423 1178 1451 virtutis
1196 1422 1311 1460 gradum
1326 1421 1475 1460 pervenisse
1493 1420 1658 1458 videbatur3

916 1470 962 1499 sed
979 1478 1067 1510 postea
1083 1481 1097 1498 a
1117 1469 1237 1508 cognatis
1252 1468 1383 1496 abductus
1398 1474 1423 1495 et
1443 1467 1477 1495 ad
1493 1467 1602 1506 pristina
1618 1478 1660 1495 re-

915 1524 1036 1552 vocatus,
1056 1527 1071 1544 a
1088 1516 1224 1544 montibus
1239 1515 1264 1542 in
1280 1513 1397 1542 medium
1419 1513 1506 1541 forum
1522 1523 1549 1540 se
1564 1520 1660 1541 contu—

915 1563 955 1598 lit,
971 1564 1019 1592 ubi
1031 1574 1099 1601 equo
1111 1569 1213 1597 rectus⁷
1225 1568 1250 1589 et
1260 1560 1422 1589 famulorum
1437 1558 1661 1597 adulatorumque

916 1611 995 1639 turba
1008 1611 1110 1639 cinctus
1120 1633 1127 1645 ,
1140 1608 1266 1637 omnibus
1281 1606 1431 1646 spectaculo
1445 1612 1500 1633 erat
1516 1617 1522 1632 ε
1536 1605 1659 1634 demum-

915 1668 966 1695 que
978 1668 993 1685 a
1008 1657 1060 1695 piis
1071 1654 1234 1694 quibusdam
1249 1653 1403 1683 hominibus
1413 1652 1509 1680 sensim
1523 1651 1557 1679 ad
1569 1662 1659 1680 sanam

915 1710 1031 1732 mentem
1047 1702 1189 1737 reductus,
1210 1700 1357 1730 solitariam
1380 1699 1463 1727 vitam
1486 1698 1612 1736 repetiit,
1635 1705 1661 1726 et

915 1749 949 1778 ad
963 1749 1072 1778 virtutis
1084 1748 1186 1787 apicem
1199 1746 1307 1776 demum
1320 1745 1452 1785 pervenit,
1465 1743 1548 1772 Aliud
1560 1745 1660 1783 profert

915 1796 1069 1834 exemplum
1086 1795 1151 1830 viri,
1169 1793 1215 1832 qui
1231 1803 1291 1821 cum
1307 1803 1353 1831 per
1370 1791 1468 1819 multos
1484 1801 1565 1819 annos
1577 1790 1660 1818 vitam

915 1842 1037 1871 duxisset
1053 1840 1201 1879 angelicam
1212 1862 1218 1874 ,
1238 1850 1268 1867 eo
1282 1838 1390 1867 demum
1407 1847 1560 1876 progressus
1577 1843 1615 1864 est
1631 1843 1660 1864 ut

916 1888 942 1916 in
967 1888 1082 1927 lupanar
1103 1897 1130 1914 se
1155 1886 1305 1920 conferret,
1330 1883 1377 1912 sed
1393 1889 1483 1922 postea
1509 1893 1523 1910 a
1539 1882 1610 1910 socio
1624 1881 1659 1910 ad

913 1935 1029 1973 priscam
1044 1933 1128 1961 vitam
1143 1938 1300 1965 revocatus,
1316 1930 1341 1957 in
1358 1928 1454 1957 cellula
1469 1938 1496 1956 se
1512 1928 1656 1964 conclusit,

914 1980 961 2008 ubi
977 1990 1045 2018 pane
1059 1978 1146 2006 solum
1159 1985 1182 2005 e:
1198 1987 1267 2014 aqua
1283 1975 1367 2003 vitam
1381 1981 1547 2009 sustentans,
1571 1981 1657 2003 tantos

914 2026 1074 2066 poenitentiae
1086 2025 1191 2052 fructus
1205 2022 1302 2057 emisit,
1318 2029 1347 2049 ut
1357 2021 1437 2048 etiam
1452 2021 1587 2048 miraculis
1602 2021 1656 2049 cla-

912 2072 1005 2101 ruerit.
1022 2071 1105 2099 Addit
1120 2069 1198 2097 etiam
1217 2068 1357 2097 Valerium
1367 2089 1374 2102 ,
1390 2067 1570 2101 Florentium,
1587 2067 1654 2095 Por·
1668 2071 1727 2093 [bid.
1738 2079 1808 2101 p.29.

911 2118 1042 2157 phyrium
1053 2139 1060 2152 ,
1084 2115 1203 2153 aliosque
1217 2115 1289 2143 viros
1303 2113 1435 2153 sapientes
1453 2112 1588 2141 Theodori
1607 2113 1655 2141 vi-

911 2174 968 2192 cem
985 2163 1083 2191 dolere.

952 2210 1074 2246 Cumque
1098 2218 1149 2235 non
1166 2212 1251 2245 posset
1272 2205 1361 2234 statim
1381 2204 1555 2233 Theodorum
1572 2216 1586 2234 a
1606 2206 1652 2234 tali
1704 2213 1806 2240 Epistola¹

911 2255 974 2283 vitae
999 2264 1093 2293 genere
1117 2263 1248 2285 avocare,
1273 2251 1333 2279 aliis
1352 2251 1472 2290 epistolis
1494 2258 1519 2280 et
1543 2252 1652 2289 quidem
1663 2243 1802 2295 :tghledoffo-

911 2301 1016 2335 multis,
1034 2307 1061 2328 ut
1085 2310 1118 2328 ex
1133 2299 1216 2338 ipsius
1228 2297 1338 2328 ,Ioannis
1353 2304 1461 2325 narratu
1483 2298 1649 2337 percipitur,
1670 2315 1741 2335 μιιω.

911 2347 989 2375 illum
1004 2346 1117 2374 sollicite
1129 2345 1196 2373 ursit
1211 2351 1239 2372 ut
1253 2343 1341 2383 prisca
1356 2350 1496 2382 repeteret.
1516 2343 1574 2372 Etsi
1589 2355 1652 2373 vero

911 2405 963 2422 non
977 2399 1068 2432 aperte
1081 2392 1161 2427 dicit,
1181 2390 1357 2419 Theodorum
1372 2390 1458 2418 literis
1474 2390 1529 2418 suis
1543 2401 1652 2429 respon-

910 2440 998 2474 disse,
1022 2449 1056 2467 ex
1074 2439 1131 2477 ejus
1145 2436 1234 2466 verbis
1254 2436 1330 2474 argui
1347 2446 1423 2474 posse
1441 2435 1546 2464 videtur
1561 2437 1652 2464 Theo-

911 2486 1007 2514 dorum
1023 2484 1142 2524 epistolis
1159 2482 1343 2522 Chrysostomi
1362 2482 1545 2520 frequentibus
1565 2483 1652 2511 conci-

911 2539 1007 2568 tatum,
1024 2529 1190 2570 respondisse
1202 2529 1243 2557 illi
1256 2540 1262 2556 z
1274 2539 1301 2556 se
1314 2528 1383 2556 nihil
1397 2535 1486 2556 contra
1502 2529 1546 2566 jus
1560 2529 1652 2566 fasque

910 2579 1004 2612 facere,
1020 2577 1233 2613 Hermioneuque
1248 2585 1352 2609 amare,
1368 2574 1431 2612 quia
1447 2574 1520 2602 illam
1542 2585 1652 2603 uxorem

910 2624 1008 2653 ducere
1029 2623 1173 2662 cogitabat.
1194 2621 1251 2651 Sub
1266 2620 1324 2649 haec
1337 2627 1426 2649 autem
1445 2619 1654 2659 Chrysostomus
