1884 2922
732 208 831 231 INDEX
863 209 988 231 mittun.

83 273 138 301 vita
154 283 235 311 quam
250 273 383 302 monachi.
402 280 421 302 1.
443 278 507 302 321.
523 284 547 301 c.
565 274 631 311 Ejus
652 273 772 303 officium
788 282 827 303 est

84 327 192 355 pascere
202 328 272 345 oves.
287 325 306 346 1.
322 322 387 346 606.
410 329 431 346 1.
444 317 594 356 Episcopus
610 317 760 346 animarum
772 318 825 347 do-

84 367 142 388 ctor
155 367 180 389 et
193 361 311 391 medicus
326 369 373 390 est.
388 369 432 390 XI.
448 367 512 391 801.
529 372 555 389 D.
570 361 764 401 Episcoporum
779 363 826 390 of-

84 404 176 433 ficium
193 412 220 433 ut
234 405 363 434 adversus
380 405 525 434 contrarias
540 413 657 444 pugnent
672 413 824 445 potestates,

83 455 108 476 ct
124 456 216 477 contra
230 449 306 477 vitia.
324 457 345 477 1.
356 454 421 478 455.
433 460 458 476 Β.
474 456 556 486 utque
570 460 638 489 saepe
650 449 743 478 domos
756 451 824 478 visi-

83 498 148 520 tent.
164 500 182 521 1.
192 497 256 521 489.
267 504 291 522 B.
304 504 328 520 c.
342 492 482 532 Episcopis
492 492 637 521 viduarum
648 500 673 522 et
687 493 824 532 virginum

82 546 146 564 cura
158 547 213 565 esse
225 537 311 565 debet.
324 544 344 565 1.
358 541 419 565 484.
432 541 528 565 486.A.
538 547 601 575 sqq.
618 537 761 576 Episcopis
775 549 824 566 cu-

83 579 172 608 randae
185 581 264 609 etiam
278 581 469 615 mulieres,nec
479 581 536 608 sine
547 582 675 620 periculo.
689 590 707 610 Ι.
721 586 784 610 523.
795 593 821 611 c.

83 628 146 653 524.
162 624 291 664 Episcopi
318 625 449 653 rationem
476 624 607 653 reddituri
633 625 665 654 de
689 625 822 662 doctrina,

82 669 116 698 de
131 681 280 709 pauperum
295 670 455 710 patrocinio,
472 671 505 699 dc
520 671 643 699 examine
657 671 823 700 ordinando—

82 724 154 750 rum,
171 721 195 742 et
213 713 246 742 de
263 714 363 742 caeteris
379 714 482 742 multis.
509 721 554 743 111.
578 720 621 744 10.
642 715 823 754 11.Episcopi

82 767 131 795 pro
146 757 270 786 omnibus
285 758 365 786 etiam
380 757 431 786 sibi
452 757 568 786 subditis
583 758 712 786 rationem
730 759 824 788 reddi-

81 801 146 829 turi.
162 808 181 830 1.
194 806 259 830 490.
274 801 426 841 Episcopus
438 802 553 830 aliorum
564 803 677 840 peccatis
689 802 823 831 obnoxius

81 852 130 874 est.
148 853 195 874 lx.
214 850 260 874 35.
282 856 310 876 Ε.
328 846 383 881 Qui
407 846 508 874 invitus
523 845 677 882 ordinatur,
699 857 750 874 non
764 845 822 874 idco

79 889 166 928 poenis
191 889 319 918 immunis
345 890 409 925 erit,
437 889 459 918 si
485 890 572 928 impar
598 890 631 917 sit
657 890 772 918 muneri.
802 897 821 918 1.

80 938 146 962 491.
164 944 226 972 sqq.

119 980 247 1020 Episcopi
262 979 377 1009 virtutes
391 990 461 1018 quae.
478 988 525 1009 XI.
540 985 615 1009 664³.
633 991 661 1009 D.
678 982 742 1021 sqq.
755 987 820 1013 800,

77 1037 103 1052 A.
122 1035 187 1064 sqq.
207 1024 375 1064 Episcopum
394 1024 500 1062 qualem
515 1035 571 1053 esse
589 1031 704 1064 oportet.
720 1032 740 1054 Ι.
757 1031 821 1055 483.

77 1080 103 1096 c.
122 1079 151 1099 D.
177 1080 205 1098 E.
224 1069 368 1098 Virtutum
390 1069 510 1096 omnium
533 1069 673 1108 exemplar
696 1080 751 1098 esse
778 1069 824 1098 de-

76 1112 131 1141 bet.
158 1120 203 1142 XI.
220 1117 284 1141 816.
313 1124 337 1141 B.
365 1112 432 1152 Ejus
446 1113 533 1150 major
551 1114 678 1152 perfectio
697 1124 752 1142 esse
772 1113 819 1142 de—

76 1155 121 1184 bet
143 1167 222 1195 quam
244 1156 379 1184 monachi.
405 1164 425 1185 I.
450 1160 513 1186 516.
530 1169 552 1185 13.
568 1167 630 1195 sqq.
655 1162 718 1186 521.
742 1169 765 1186 B.
794 1169 820 1185 r..

77 1200 230 1240 Episcopus
251 1210 284 1228 ne
304 1210 404 1228 avarus
424 1200 468 1236 sit,
492 1200 539 1229 sed
562 1201 688 1229 omnibus
712 1208 819 1237 exutus,

75 1244 162 1283 magis
177 1254 257 1282 quarn
272 1243 428 1272 monachus.
447 1251 468 1271 1.
488 1248 552 1272 519.
567 1256 591 1272 A.
608 1255 631 1272 11,
647 1245 687 1273 ΑΙ)
697 1246 821 1284 episcopo

76 1302 198 1329 quaenam
211 1291 364 1330 exigantur.
380 1298 426 1319 xl.
444 1296 510 1320 797.
529 1302 553 1320 B.
571 1303 598 1320 c.
615 1303 643 1320 n.
659 1304 686 1321 E.
704 1292 821 1332 Episco-

75 1346 126 1374 pus
149 1346 201 1364 non
223 1336 257 1363 ad
276 1335 458 1374 principatum
484 1336 574 1370 venit,
597 1336 644 1365 sed
672 1337 819 1366 innumeris

75 1380 157 1407 servit
173 1379 289 1408 dominis
306 1378 438 1407 contraria
454 1379 606 1408 volentibus
616 1390 646 1408 ac
657 1380 818 1409 dicentibus.

76 1430 123 1452 XI.
140 1428 205 1451 795.
224 1434 248 1451 E.
271 1423 343 1457 Quot
364 1422 497 1450 obnoxius
513 1422 547 1450 sit
567 1424 805 1453 criminationibus

75 1474 120 1496 XI.
150 1472 216 1496 795.
243 1471 308 1496 796.
336 1471 401 1495 797.
424 1467 553 1506 Episcopi
574 1468 619 1496 vel
651 1469 814 1508 simpliciora

74 1517 146 1549 gesta
159 1511 195 1539 ad
207 1511 335 1539 trutinam
344 1516 517 1540 revocantur.
532 1518 550 1538 1.
567 1516 631 1539 489.
644 1522 670 1539 c.
682 1512 817 1551 Episcopo

74 1565 138 1583 num
150 1555 228 1584 liceat
240 1555 309 1584 clam
320 1565 440 1594 peccare.
455 1561 503 1583 IX.
520 1559 564 1584 36.
577 1566 605 1583 D.
618 1556 816 1595 Episcoporum

73 1607 180 1638 peccata
202 1606 332 1637 quantum
347 1598 408 1626 aliis
432 1598 524 1626 noxia.
546 1606 564 1627 1.
581 1604 645 1628 478.
662 1612 687 1628 A.
706 1611 731 1628 Β.
749 1601 816 1639 Epi-

73 1653 169 1682 scopus
188 1643 352 1683 suspiciones
366 1642 445 1670 etiam
467 1642 546 1671 falsas
566 1653 598 1671 ne
613 1650 774 1672 contemnat.
793 1652 814 1673 I.

73 1692 136 1716 524.
152 1699 180 1716 D.
199 1699 227 1718 E.
239 1687 372 1716 Invidiam
388 1694 413 1715 et
428 1687 588 1715 calumniam
606 1698 637 1716 ne
653 1689 754 1723 timeat,
767 1699 814 1717 ne-

72 1742 126 1769 que
139 1739 225 1760 tamen
240 1731 348 1760 omnino
363 1738 523 1760 contemnat.
539 1739 558 1760 I.
576 1736 639 1760 509.
658 1743 687 1760 D.
707 1743 732 1762 E.
748 1733 811 1772 Epi-

72 1785 182 1814 scopum
196 1775 230 1804 ad
242 1775 354 1814 gratiam
370 1785 446 1813 agere
462 1775 504 1804 vel
519 1775 592 1814 loqui
605 1784 736 1814 quantum
754 1787 814 1805 ma-

72 1819 141 1847 lum.
166 1827 187 1849 Ι.
204 1824 269 1848 483.
285 1830 313 1848 D.
331 1824 393 1848 508.
414 1830 442 1849 Δ.
459 1830 483 1848 1³.
506 1820 600 1848 Unum
615 1827 718 1848 tantum
733 1820 813 1850 debet

72 1870 133 1892 ante
147 1864 239 1892 oculos
263 1863 370 1899 habere,
383 1863 510 1891 Ecclesiae
530 1874 626 1902 nempe
639 1871 811 1894 structuram.

73 1914 93 1935 I.
119 1912 184 1936 483.
217 1918 246 1935 D.
275 1907 425 1946 Episcopus
452 1917 522 1945 saepe
549 1918 601 1936 non
629 1908 736 1947 prodest
766 1920 813 1948 per

71 1961 101 1979 ea
121 1962 180 1990 quae
195 1951 316 1990 placent,
344 1951 390 1979 sed
413 1961 461 1990 per
477 1962 507 1979 ea
532 1962 590 1990 quae
608 1959 742 1991 pungunt.
765 1961 810 1982 Ix.

73 2000 117 2024 53.
137 2008 164 2025 A.
180 2007 204 2024 B.
218 1996 395 2030 Quandonam
410 2005 471 2023 cum
490 1997 647 2025 auctoritate
660 2004 720 2036 agat
733 2008 810 2037 opor·

70 2046 116 2068 tet.
131 2047 179 2068 XI.
202 2045 266 2068 800.
284 2050 310 2068 c.
338 2040 445 2068 Hortari
470 2041 555 2079 magis
574 2051 655 2079 quam
678 2041 815 2081 increpare

71 2083 160 2113 debet.
186 2084 263 2112 Ibid.
292 2095 318 2114 B.
348 2083 481 2122 Episcopo
509 2091 605 2122 quanta
631 2086 757 2124 patientia
780 2087 815 2115 sit

71 2128 228 2157 necessaria.
267 2135 288 2156 l.
313 2133 376 2156 484.
410 2139 438 2156 D.
469 2128 633 2168 Episcopum
661 2140 712 2158 non
739 2129 814 2159 dccet

70 2171 195 2210 superbia
213 2182 260 2200 nec
286 2171 434 2201 iracundia.
460 2180 507 2201 XI.
528 2174 604 2202 664⁶.
618 2184 645 2201 D.
661 2185 686 2203 E.
706 2179 771 2202 800.
786 2186 812 2202 A.

70 2225 96 2242 Β.
119 2225 145 2243 e.
172 2214 241 2243 Eum
255 2222 360 2254 oportet
370 2226 425 2244 esse
441 2216 562 2245 sobrium
577 2224 602 2246 et
619 2217 739 2255 vigilem.
764 2225 810 2246 XI.

70 2257 145 2286 664⁶.
166 2269 192 2286 1³.
209 2258 360 2298 Episcopus
373 2259 478 2288 deliciis
502 2271 554 2290 non
574 2261 608 2289 sit
629 2261 813 2298 ded11us5'sed

70 2301 91 2329 si
107 2312 204 2340 corpus
228 2302 363 2331 moderate
387 2309 413 2331 et
437 2311 527 2332 sancta
556 2305 701 2334 intentione
725 2313 811 2340 curet,

70 2355 122 2373 non
136 2345 287 2384 culpandus
301 2353 349 2374 est.
368 2353 414 2374 XI.
433 2352 496 2375 797.
508 2359 534 2378 c.
551 2349 718 2388 Episcopum
733 2360 811 2388 opor-

69 2395 108 2417 tet
119 2399 174 2417 esse
184 2389 326 2428 pudicum,
335 2396 469 2426 ornatum,
477 2398 527 2420 etc.
538 2399 583 2421 XI.
594 2394 671 2421 664⁶.
682 2403 711 2421 D.
723 2394 810 2428 Quam

70 2432 185 2460 vitandae
200 2433 251 2473 ipsi
266 2433 409 2462 mulierum
424 2434 565 2464 illecebrze.
583 2444 602 2465 I.
619 2441 683 2465 516.
700 2448 725 2465 e⁴
745 2442 808 2467 517.

70 2486 100 2504 1).
118 2476 282 2516 Episcopum
303 2484 407 2516 oportet
421 2488 476 2506 esse
495 2479 574 2507 unius
590 2480 682 2509 uxoris
704 2480 809 2518 virum3

44 2558 47 2559 .
69 2520 204 2557 quomodo
224 2520 282 2549 haec
303 2521 485 2560 intelligenda.
505 2530 550 2552 XI.
563 2528 626 2553 665.
639 2535 664 2552 r.
680 2535 709 2554 A.
726 2526 812 2554 Debet

69 2564 217 2593 virtutibus
231 2565 310 2594 etiam
325 2565 477 2595 domesticis
489 2567 598 2605 pollere.
613 2570 659 2597 Ib.
677 2579 705 2598 D.
723 2569 809 2608 Opor-

1560 202 1625 248 esp.)

882 278 917 299 tet
935 281 992 299 esse
1004 270 1172 310 hospitalem.
1193 278 1210 298 1.
1229 275 1292 300 486.
1307 281 1332 300 F..
1354 278 1398 300 xl.
1414 275 1488 300 664&
1508 282 1535 300 D.
1549 273 1622 301 mul-

881 315 1025 351 tisormem,
1045 325 1161 353 quonam
1177 325 1265 343 sensu.
1285 322 1304 343 1.
1326 319 1387 343 520.
1407 314 1551 344 doctorem.
1575 324 1621 345 ΧΙ.

881 364 956 387 664ῡ.
977 370 1003 387 D.
1023 359 1156 398 Episcopo
1173 370 1223 387 uon
1239 359 1382 388 verborum
1401 359 1470 387 fastu
1489 370 1556 399 opus
1570 368 1619 396 cst,

880 403 924 431 sed
936 405 1136 442 Scripturarum
1148 404 1277 443 peritia.t.
1287 409 1545 442 4¹.)9.c.sqq.50·2.A.
1557 416 1620 444 sqq,

881 454 925 475 XI.
941 452 1006 475 801.
1022 459 1045 476 F.
1059 448 1224 486 Episcopum
1239 447 1465 486 sapientissimum
1481 455 1506 476 et
1523 449 1624 487 perspi-

879 491 1047 519 cacissimum
1070 502 1123 520 esse
1146 498 1260 530 oportet.
1291 499 1312 519 I.
1336 496 1400 520 475.
1428 503 1455 519 Β.
1488 492 1623 531 Episcopo

878 541 976 571 quanta
992 541 1049 562 arte
1071 541 1095 562 ct
1114 534 1225 561 consilio
1247 534 1279 561 sit
1296 545 1373 572 opus.
1391 542 1410 562 1.
1427 539 1490 563 4:56.
1511 547 1535 563 A.
1559 541 1623 565 457.

880 582 944 606 458.
960 578 1043 607 Verbi
1059 588 1122 605 usus
1137 577 1159 605 ei
1173 578 1335 605 necessarius
1350 577 1383 605 ad
1395 579 1485 616 spuria
1497 578 1622 618 dogmata

880 621 1036 651 refellenda.
1062 628 1082 649 I.
1108 626 1172 649 498.
1191 632 1214 648 A.
1237 625 1299 648 499.
1324 630 1386 659 sqq.
1409 621 1562 650 Necessaria
1583 630 1622 651 est

877 665 1003 703 expedita
1021 664 1127 693 dicendi
1150 664 1270 692 facultas,
1290 671 1309 692 t.
1330 669 1394 692 498.
1417 676 1443 692 E.
1464 666 1559 704 visque
1581 667 1622 695 lo-

877 708 979 746 quendi
998 715 1022 736 et
1039 707 1232 736 sermocinandi
1250 708 1275 736 111
1295 709 1470 738 conventibus
1493 710 1619 749 publicis.

878 760 897 780 1.
917 757 980 781 507.
999 759 1035 781 V.
1050 757 1112 780 508.
1132 763 1155 779 Β.
1174 762 1199 780 C.

918 796 1103 834 Episcopus‚si
1115 795 1181 833 quid
1190 794 1488 834 admittatdepositione
1499 797 1622 836 dignum,

878 850 929 868 non
946 839 1024 868 debet
1049 839 1164 867 aliorum
1188 845 1342 877 exspectare
1361 839 1475 877 judicia,
1502 841 1548 869 sed
1567 852 1622 870 scse

877 883 924 911 illo
939 893 1049 912 munere
1063 882 1198 911 abdicare.
1217 890 1236 911 1.
1256 888 1320 911 474.
1338 895 1362 910 A.

918 927 1045 966 Episcopi
1055 937 1140 955 mores
1153 935 1178 955 et
1189 926 1285 965 agendi
1299 927 1367 955 ratio
1378 934 1434 955 tum
1443 928 1550 967 publica
1564 936 1620 959 tum

876 970 982 1010 privata
998 978 1116 1010 tempore
1134 970 1321 1010 Chrysostomi
1340 972 1444 999 curiose
1462 972 1621 1011 investigan-

876 1021 929 1044 tur.
959 1023 1004 1045 XI.
1027 1020 1093 1044 795.
1123 1020 1187 1044 796.
1213 1015 1339 1054 Episcopi
1362 1016 1445 1044 asello
1470 1017 1548 1044 vecti.
1570 1019 1615 1046 [b.

876 1064 942 1088 796.

915 1105 1057 1144 Episcopis
1077 1103 1248 1133 instituendis
1268 1110 1373 1132 aetatem
1393 1114 1444 1131 non
1465 1105 1617 1143 prcescribit

876 1148 986 1177 Paulus.
1003 1156 1022 1178 1.
1042 1153 1107 1177 415.
1130 1159 1158 1176 D.
1180 1148 1375 1186 Episcopornm
1394 1148 1573 1177 ordinationes
1590 1157 1618 1178 ut

875 1192 1034 1221 honorificas
1047 1192 1181 1231 discipulo
1197 1202 1244 1220 suo
1259 1192 1428 1231 permittebat
1441 1193 1552 1231 Paulus,
1565 1193 1617 1222 sibi

874 1236 959 1274 magis
974 1246 1065 1274 aspera
1077 1245 1225 1263 reservans.
1241 1242 1286 1263 XI.
1307 1240 1371 1263 793.
1392 1246 1418 1263 D.
1432 1236 1460 1263 In
1476 1236 1614 1276 episcopos

873 1279 948 1307 electi
963 1278 1095 1307 monachi.
1110 1286 1130 1306 1.
1148 1283 1212 1306 481.
1229 1278 1423 1317 Episcoporum
1436 1279 1617 1309 ordinationes

875 1323 964 1350 multae
991 1333 1042 1351 non
1068 1321 1160 1350 divina
1185 1322 1282 1359 gratia,
1305 1321 1349 1349 sed
1379 1322 1496 1351 humano
1526 1323 1616 1352 studio

872 1366 950 1394 siunt.
966 1374 984 1394 1.
997 1370 1059 1394 494.
1078 1376 1104 1394 A.
1120 1372 1145 1393 et
1160 1364 1304 1403 aliquando
1320 1372 1417 1394 temere
1431 1373 1455 1394 ct
1482 1366 1614 1396 inconsul-

872 1417 908 1438 to.
923 1418 943 1439 1.
958 1415 1021 1439 473.
1042 1421 1070 1438 D.
1091 1409 1243 1447 Episcopus
1263 1419 1312 1447 per
1333 1408 1511 1446 ignorantiam
1536 1411 1614 1439 indi-

872 1464 936 1492 gnos
959 1453 1098 1489 ordinans,
1131 1451 1276 1490 aliquando
1306 1453 1467 1491 puniendus.
1500 1462 1520 1482 Ι.
1549 1459 1612 1483 496.

871 1503 936 1527 497.
956 1498 1119 1537 Episcopum
1143 1497 1189 1534 qui
1211 1496 1271 1524 vult
1292 1496 1472 1532 constituere,
1492 1508 1544 1526 non
1561 1499 1616 1527 sola

870 1543 946 1581 vulgi
962 1542 1086 1581 opinione
1100 1547 1238 1569 contentus
1252 1539 1286 1567 sit
1301 1547 1416 1578 oportet,
1429 1540 1475 1569 sed
1489 1542 1613 1572 examine

870 1597 937 1625 opus
945 1593 993 1614 est.
1005 1593 1024 1614 I.
1040 1584 1322 1623 460.A.Episcopatus
1339 1583 1507 1622 adipiscendi
1520 1587 1609 1623 gratia

870 1630 948 1659 multi
971 1629 1103 1658 Ecclesias
1126 1627 1255 1666 sanguine
1287 1627 1472 1666 repleverunt.
1500 1635 1520 1657 I.
1551 1634 1614 1658 474.

869 1684 898 1704 A.
915 1675 945 1703 In
962 1674 1099 1713 episcopos
1121 1672 1238 1701 ordinari
1260 1672 1304 1709 qui
1326 1678 1610 1710 appetunt,quantuin

868 1726 959 1747 contra
976 1729 1003 1747 se
1014 1724 1111 1747 errent.
1131 1724 1176 1746 XI.
1197 1721 1262 1745 795.
1278 1715 1473 1754 Episcoporum
1489 1716 1607 1745 ministri

867 1763 1011 1801 aliquando
1019 1773 1111 1791 corum
1125 1761 1282 1799 dignitatem
1296 1760 1456 1788 ambiebant.
1469 1767 1490 1788 Ι.
1505 1765 1569 1789 479.
1579 1774 1603 1790 A.

909 1808 1062 1847 Episcopus
1093 1805 1241 1834 Antiochia>
1271 1811 1414 1842 antequam
1449 1803 1483 1832 ad
1518 1804 1610 1833 sedem

867 1852 1037 1887 ascenderet,
1050 1857 1095 1878 aut
1109 1849 1202 1878 docere
1221 1848 1361 1888 inciperet,
1377 1858 1472 1887 pacem
1489 1849 1613 1877 omnihus

867 1896 1039 1935 precabatur.
1056 1902 1075 1923 Ι.
1094 1898 1158 1923 749.
1177 1903 1202 1921 c.

907 1944 1034 1983 Episcopi
1063 1942 1174 1980 quidam
1201 1939 1386 1980 Chrysostomi
1421 1947 1540 1979 tempore
1575 1943 1609 1970 ad

869 1989 1052 2028 presbyterum
1064 1987 1106 2016 vel
1119 1986 1262 2014 diaconum
1278 1985 1433 2017 scribentes,
1450 1984 1520 2023 ipsos
1535 1996 1610 2014 com-

867 2033 1036 2072 presbyteros
1045 2038 1070 2060 et
1079 2030 1255 2059 condiaconos
1266 2028 1406 2057 vocabant.
1421 2033 1506 2058 §1122
1513 2034 1536 2058 4.
1548 2041 1606 2059 A.c.

909 2080 1035 2119 Episcopi
1044 2079 1098 2107 duo
1107 2085 1166 2106 ante
1173 2077 1395 2115 Clirysostomum
1405 2077 1608 2105 concionantur.

868 2131 926 2152 XII.
939 2128 1002 2151 499.
1013 2122 1197 2160 A.Episcopus
1207 2119 1534 2158 CucusiClirysostoinum
1542 2121 1611 2159 opti-

868 2178 909 2195 me
922 2167 1033 2205 excipit.
1051 2173 1096 2194 111.
1114 2169 1179 2194 715.
1197 2176 1222 2193 A.

907 2214 1035 2254 Episcopi
1050 2214 1077 2241 in
1089 2223 1218 2242 carcerem
1228 2212 1304 2247 trusi,
1313 2211 1355 2241 vel
1368 2211 1394 2239 in
1407 2210 1520 2239 exilium
1533 2212 1610 2240 missi

865 2266 926 2297 post
937 2258 1122 2298 expulsionem
1136 2255 1321 2294 Chrysostomi
1335 2254 1475 2290 (referente
1488 2256 1606 2284 Honorio

871 2306 1012 2341 Augusto).
1031 2309 1077 2330 ΙΙΙ.
1103 2305 1168 2329 626.
1193 2299 1339 2337 Plusquam
1355 2299 1532 2336 quadraginta
1547 2310 1609 2327 cum

867 2346 967 2385 populo
991 2346 1074 2384 fugati
1101 2345 1125 2373 in
1152 2343 1309 2381 expulsione
1336 2343 1530 2381 Chrysostomi.
1561 2351 1606 2371 111.

867 2394 931 2417 619.
945 2400 970 2417 n.
987 2388 1115 2428 Episcopi
1130 2398 1162 2415 ex
1177 2385 1324 2425 Theophili
1338 2385 1460 2424 partibus
1473 2386 1603 2414 tumultus

867 2431 1154 2472 Constantinopolitani
1169 2430 1259 2458 duces.
1279 2437 1323 2458 III.
1340 2433 1404 2457 619.
1422 2439 1448 2457 c.

906 2481 1058 2520 Episcopis,
1072 2478 1236 2519 presbyteris
1252 2485 1278 2506 et
1292 2477 1412 2506 diaconis
1430 2477 1465 2505 ob
1478 2476 1603 2515 pietatem

866 2525 892 2553 in
907 2535 1011 2553 carcere
1023 2524 1131 2553 inclusis
1146 2522 1239 2551 scribit
1254 2522 1472 2560 Chrysostomus.
1486 2528 1530 2549 111.
1544 2526 1608 2550 627.

867 2581 893 2597 A.
909 2569 1012 2598 Eorum
1025 2567 1213 2597 fortitudinem
1225 2572 1251 2594 et
1263 2565 1438 2594 constantiam
1449 2564 1552 2593 laudat.
1568 2567 1609 2593 lh.

1406 2618 1451 2645 16.
