1884 2922
684 233 714 255 Its
723 233 786 255 DEX
815 232 926 254 unum!
936 245 942 252 .

46 297 119 325 Bona
129 295 288 324 conscientia
300 305 347 324 nos
356 295 444 333 erigit.
462 302 509 325 IX.
527 299 591 324 608.
608 305 636 323 n.
650 294 783 334 Superbia

45 350 115 379 saepe
123 350 155 368 ex
166 339 235 368 bona
249 339 409 368 conscientia
424 339 518 368 oritur.
535 347 579 368 VI.
596 343 658 369 130.
673 350 699 368 ε.
712 342 784 368 Cou-

45 383 156 412 scientia
168 383 237 412 bona
253 382 333 411 unde.
352 390 397 411 III.
415 387 479 411 321.
497 395 522 412 A.

84 423 252 452 Conscientia
273 434 338 462 pura
364 422 482 451 laetitiam
507 423 586 462 parit.
602 429 647 451 1X.
671 427 735 451 473.
753 433 781 451 n.

46 477 226 506 magnamque
247 462 465 495 Consolationem.
489 475 521 496 X.
537 471 600 495 514.
625 478 654 494 n.
672 477 722 495 non
738 477 785 495 au—

44 517 96 540 tem
122 511 262 551 quidpiam
300 511 456 539 humanum.
478 519 524 542 IX.
541 516 606 540 473.
631 522 660 539 n.
682 521 728 538 nec
750 510 785 538 ad

46 556 255 585 consolationem
278 563 380 584 tamum
393 578 399 591 ,
416 555 461 584 sed
476 563 501 584 et
514 555 547 583 ad
562 555 786 583 coronamrsuffi—

46 599 82 628 cit
103 600 262 629 conscientia
285 611 364 639 pura.
387 608 421 630 X.
438 604 502 628 514.
520 611 546 627 A.
561 600 589 627 Si
611 599 725 627 velimus
740 610 786 638 per

46 643 167 681 singulos
180 643 237 672 dies
252 643 348 671 festum
364 642 471 677 habere,
490 642 677 670 conscientiam
690 642 786 681 purifi-

49 698 149 718 cemus.
164 695 211 717 IV.
229 692 294 717 857.
312 699 340 717 n.
359 686 485 724 Purgatio
507 687 672 714 conscientiae
693 697 786 715 verum

49 731 199 761 lavacrum.
211 739 283 761 VIII.
297 737 361 760 475.
374 742 400 761 c.
413 730 587 759 Conscientiae
597 731 700 770 puritas
710 741 787 759 eom-

49 777 198 805 municanti
216 776 370 805 necessaria.
384 783 418 804 X.
435 779 498 804 292.
512 785 538 802 n.

90 822 276 849 Conscientia
315 820 512 848 examinanda
546 825 615 847 ante
641 829 785 848 somnum.

51 871 84 892 v.
100 870 167 895 717.

90 910 224 937 Coxsrrn
239 907 289 936 Dei
302 917 353 935 non
366 906 549 945 expendenda.
568 914 588 935 1.
604 911 669 938 212.
682 919 705 935 A.
723 912 787 938 213,

90 954 291 981 Constantes
306 951 467 979 necessarius
481 951 560 979 etiam
573 961 683 979 summae
700 951 790 979 virtu-

52 995 86 1024 tis
102 996 169 1025 viro.
182 1003 228 1024 111.
247 1000 308 1024 142.
323 1007 349 1024 A.

93 1041 275 1068 CoxsonA'rio
295 1049 375 1076 quam
391 1039 463 1066 Deus
490 1037 596 1076 ingerit,
610 1045 718 1076 quanta.
734 1046 791 1068 VII.

54 1088 118 1113 216.
136 1095 162 1112 A.
176 1084 228 1112 Dei
243 1090 281 1111 est
295 1083 408 1111 afflictos
421 1081 562 1110 consolari.
580 1089 613 1111 v.
639 1087 700 1111 578.
721 1093 747 1113 1-1,
765 1095 789 1113 n,

56 1129 85 1158 Si
99 1129 140 1158 vis
155 1127 363 1157 consolationem
379 1126 496 1164 assequi,
513 1125 594 1154 redde
608 1126 724 1166 teipsum
737 1127 793 1154 hu-

55 1173 145 1202 milem
176 1174 217 1202 lb.
235 1184 260 1201 a.
279 1172 336 1200 Non
357 1170 479 1209 vulgaris
496 1169 521 1197 in
548 1169 685 1197 laboribus
702 1180 794 1198 conso-

56 1217 132 1253 latio,
143 1227 254 1256 precum
269 1215 438 1244 assiduarum
453 1213 596 1243 auxilium.
610 1220 668 1242 VII.
687 1218 751 1243 327.
766 1227 792 1244 A.

57 1262 188 1297 Quaenam
210 1260 244 1288 sit
268 1270 331 1288 vera
355 1258 510 1287 consolatio.
536 1265 580 1286 XI.
607 1262 652 1286 35.
670 1268 696 1286 c.
719 1269 748 1288 n.
764 1260 794 1287 In

57 1303 247 1333 tentationibus
281 1302 427 1332 consolatio
454 1301 525 1330 unde
551 1301 690 1330 sumenda.
721 1309 793 1331 VIII.

58 1353 122 1378 520.
141 1359 167 1377 Β.
185 1358 210 1376 c.

98 1391 251 1421 Consolatio
280 1390 427 1419 verborum
464 1390 557 1418 animae
583 1397 677 1419 aestum
705 1390 796 1419 sedare

58 1437 204 1465 cousuevit.
224 1443 257 1466 II.
281 1440 326 1464 86.
354 1446 378 1464 B.
397 1434 552 1464 Sacerdotes
575 1434 654 1473 elegit
675 1436 748 1463 Deus
769 1442 797 1464 ut

59 1481 177 1510 dolentes
192 1480 372 1509 consolentur.
387 1481 432 1508 ΙΙ).
451 1490 480 1506 D.
499 1479 603 1507 Habere
616 1489 796 1507 aerumnarum

60 1525 144 1554 socios
159 1531 196 1552 est
206 1523 274 1562 quid
285 1523 376 1562 magni
390 1522 423 1551 ad
439 1523 750 1554 consolationem.v.278
767 1534 795 1551 n.

60 1570 90 1597 In
106 1568 265 1607 gravissimo
290 1568 362 1596 luctu
378 1567 523 1596 consolatio
539 1577 589 1595 non
609 1567 698 1595 statiin
723 1567 799 1595 adhi-

60 1613 158 1644 benda,
176 1620 198 1641 I.
215 1617 279 1641 413.
298 1623 326 1640 A.
343 1623 366 1640 B.
382 1611 490 1649 Frigida
508 1611 654 1640 consolatio
672 1611 799 1650 supplicii

61 1657 145 1686 socios
159 1656 269 1685 habere.
284 1664 317 1685 v.
337 1661 401 1685 278.
417 1667 444 1684 E.
458 1660 523 1684 279.
540 1662 598 1684 VII.
618 1660 682 1685 522.
697 1666 724 1683 n.

102 1704 262 1730 CoxsonTIA
281 1707 434 1729 sanctorum
453 1700 626 1739 cupiditatem
647 1699 798 1729 refraenant.

65 1753 96 1774 V.
111 1750 157 1775 53.
170 1756 200 1772 n.
218 1756 244 1774 E.
263 1746 291 1774 Si
307 1755 368 1773 cum
385 1744 462 1773 bonis
483 1744 595 1772 verseris
607 1766 614 1779 ‚
631 1743 716 1772 bonus
730 1745 798 1781 eris;

61 1790 85 1818 si
99 1800 160 1818 cum
175 1788 264 1825 malis,
274 1789 370 1818 malus.
385 1793 431 1817 87.
446 1800 472 1817 A.
488 1788 622 1816 Malorum
638 1788 801 1817 consortium

62 1832 139 1861 bonis
149 1833 377 1863 molestissimum,
389 1837 453 1861 399.
468 1842 639 1870 summopere
649 1831 799 1861 vitandum.

63 1884 97 1906 Υ.
116 1881 179 1906 506.
199 1884 309 1907 D.V111.
325 1881 389 1905 385.
405 1888 430 1904 Α.
441 1886 466 1903 B.

103 1924 250 1950 Con-smus
263 1932 277 1949 a
289 1928 401 1960 tyranno
424 1919 578 1958 Magnentio
593 1919 619 1947 in
633 1919 705 1948 bello
718 1919 800 1949 inter-

64 1966 157 1995 fectus.
172 1973 192 1995 I.
204 1970 269 1995 420.
284 1976 310 1996 A.
322 1977 346 1994 n.
363 1965 434 1993 Vide
448 1971 473 1992 et
491 1964 629 1992 Monitum
645 1969 709 1993 412.

105 2011 295 2043 CONSTANTII,
322 2008 472 2037 Constantii
501 2008 554 2036 filia
566 2031 572 2041 ‚
598 2008 725 2038 Gratiano
744 2009 802 2038 viro

63 2054 122 2093 ejus
137 2053 281 2083 metuebat,
298 2060 316 2081 1.
328 2057 392 2081 421.
409 2059 437 2080 et
452 2053 482 2080 in
495 2053 608 2080 Monito
623 2057 686 2083 412.

106 2100 297 2126 Coum-Alvum
317 2097 410 2136 Magni
433 2096 578 2136 pulchrum
601 2097 724 2133 effatum,
743 2107 805 2126 cum

67 2141 106 2169 illi
129 2142 271 2170 referretur
292 2148 408 2170 statuam
432 2151 507 2169 suam
524 2140 670 2180 lapidatam
686 2152 751 2170 csse.
770 2149 802 2172 tt.

67 2189 133 2214 258.
146 2197 172 2215 Β.
183 2185 235 2213 Illo
247 2192 384 2223 regnante,
396 2184 484 2214 Judaei
501 2185 632 2223 templum
645 2185 807 2214 reaedificare

67 2235 201 2265 conantes,
229 2229 339 2258 auribus
374 2228 488 2257 mutilati
518 2235 588 2257 sunt.
608 2236 629 2257 Ι.
651 2234 715 2258 789.
736 2241 761 2257 13.
776 2229 808 2257 In

68 2272 202 2300 vestibulo
225 2272 341 2301 ecelesiae
366 2273 396 2302 S.
422 2272 493 2301 Petri
509 2272 741 2312 Constantinopoli
769 2284 809 2302 se-

70 2315 162 2354 pultus
179 2315 261 2353 jacet.
289 2323 321 2344 X.
345 2320 412 2344 742.

111 2360 299 2388 Constantini
314 2365 442 2396 tempore
456 2359 809 2399 clsrqztentil21ts‚sarnes,

71 2410 153 2432 terroe
168 2409 272 2437 motus,
282 2403 464 2440 pestilentioe‚
480 2404 646 2432 auditiones
659 2405 812 2441 hcm-esum,

71 2447 217 2484 corruptio
233 2457 355 2475 morum.
377 2453 422 2475 VI.
439 2451 503 2475 945.
524 2453 552 2475 1⁴²
564 2447 619 2475 col.

114 2492 334 2519 Coxs‘rtiwm‘cs
345 2491 438 2529 junior
448 2490 474 2518 in
486 2490 556 2518 bello
571 2490 661 2529 periit,
676 2498 697 2520 1.
710 2496 774 2521 420.
787 2504 813 2520 A.

76 2547 101 2564 n.
121 2534 193 2563 the
207 2541 234 2562 et
249 2536 396 2563 fllonltum
411 2539 476 2564 412.

119 2584 385 2612 Con’s‘rAxwxorou
399 2591 514 2622 quantus
528 2583 653 2623 populus,
668 2591 732 2622 quot
743 2583 820 2612 Chri-

81 2626 172 2665 stiani,
196 2627 296 2665 judaei,
321 2628 443 2666 gentiles.
467 2635 514 2659 IX.
550 2632 614 2658 108.
637 2638 662 2657 c.
692 2639 720 2657 D.
748 2630 820 2663 Quot

1515 235 1532 254 2
1544 235 1550 256 l
1563 236 1580 267 7

837 304 969 333 pauperes
983 293 1010 321 in
1022 304 1050 321 ea
1065 292 1183 328 civitate,
1199 299 1304 331 quantae
1322 292 1434 322 divitiae.
1450 296 1496 322 ΙΙ).
1509 296 1580 323 Cou-

836 337 1065 376 stautinopolitani
1094 337 1228 373 tumultus
1254 337 1351 375 imago.
1379 344 1424 365 ΙΙΙ.
1454 342 1517 368 483.
1552 349 1578 366 D.

837 380 946 410 Gaudet
981 381 1191 419 Clnrysostouius
1222 380 1256 409 de
1285 381 1450 409 tumultuum
1486 382 1579 420 populi

837 425 991 453 cessatione.
1007 432 1040 453 Υ.
1058 429 1122 453 624.
1142 435 1172 455 ι).
1189 425 1262 454 Urbs
1274 425 1391 454 incensa.
1408 432 1453 454 III.
1469 430 1532 454 463.
1548 436 1577 456 D.

836 469 926 496 Terrae
941 475 1030 496 motus
1044 468 1118 496 illam
1129 469 1294 497 concutiunt.
1308 476 1354 498 IX.
1369 474 1415 500 67,
1427 479 1455 496 A.
1469 474 1533 498 347.
1551 481 1577 500 c,

842 513 915 540 Vide
933 519 1032 540 notant
1049 523 1073 540 a.

877 556 1123 595 Constantinopolis
1147 556 1211 585 urbs
1239 557 1420 595 apostolorum
1435 558 1516 587 dicta.
1533 565 1578 586 Vt.

839 605 902 629 317.
926 603 1103 639 Imperatores
1126 600 1416 639 Constantinopolitani
1442 612 1492 629 nou
1514 612 1580 640 pro-

838 655 871 683 pe
895 645 1028 683 apostolos
1042 644 1207 683 sepulturam
1235 644 1381 682 elegerunt,
1399 645 1444 673 sed
1463 645 1498 673 ad
1524 646 1580 684 ipsa

838 687 932 715 limina
945 694 1104 726 optaverunt
1118 698 1227 726 corpora
1244 698 1290 715 sua
1305 688 1420 726 sepeliri.
1437 696 1456 718 Ι,
1471 693 1535 717 697.
1551 700 1578 716 n.

839 731 1071 769 Constantinopoli
1087 738 1143 758 erat
1158 731 1280 766 ecclesia,
1297 732 1396 769 Magna
1410 733 1520 760 ecclesia
1535 732 1581 760 di·-

840 781 892 803 cta.
908 782 941 804 V.
959 779 1022 804 623.
1038 786 1062 804 Β.

882 821 1215 847 (ἶοΝεΤΛΝτιΝοΡΟΙΛΤΛΜ
1228 817 1363 853 catholici,
1377 818 1485 847 absente
1496 819 1582 858 Chry-

841 869 972 897 sostomo‚
988 873 1049 890 eum
1082 861 1213 889 haereticis
1235 862 1381 891 colluctati.
1404 870 1450 891 Ill.
1469 868 1534 892 490.
1554 868 1582 891 2a

843 907 899 936 col.
926 906 1035 945 Fugati,
1059 905 1083 933 in
1114 905 1266 933 nemoribus
1299 907 1396 934 festum
1423 914 1516 945 agunt.
1550 915 1579 935 Y,

844 955 907 979 619.
926 961 951 980 C.
969 949 1258 988 Constantinopolitani
1273 950 1450 979 conventibus
1470 951 1582 980 assidui.

844 1001 865 1023 1.
877 998 941 1022 669.
956 1005 984 1021 n.
997 993 1112 1029 Quantis
1124 993 1197 1020 vitiis
1211 993 1380 1022 laborabant.
1390 1002 1435 1024 IX.
1448 999 1510 1023 214.
1521 1006 1543 1023 n.
1559 1006 1583 1022 c.

845 1038 932 1072 Quam
947 1037 1121 1076 incomposite
1135 1037 1161 1064 in
1177 1037 1286 1066 ecclesia
1303 1038 1420 1066 stabant.
1436 1043 1498 1067 214.
1516 1050 1543 1066 n.
1556 1050 1582 1066 r..

847 1086 910 1111 215.
925 1081 1088 1111 Juramentis
1103 1081 1243 1110 assuefacti
1259 1089 1341 1110 eram.
1354 1086 1415 1112 102.
1434 1093 1458 1111 n.
1473 1093 1498 1112 e.
1519 1082 1586 1116 Qui-

846 1126 907 1154 dam
928 1125 1073 1153 Christiani
1090 1124 1116 1152 in
1139 1125 1168 1154 S.
1193 1125 1337 1154 parasceve
1354 1126 1388 1154 ad
1403 1127 1585 1165 spectaculum

847 1176 957 1198 currunt
976 1179 1105 1207 equorum
1132 1179 1236 1199 cursus.
1260 1176 1303 1198 VI.
1326 1174 1390 1200 315,
1418 1180 1442 1197 13.
1470 1175 1533 1198 316.
1557 1171 1587 1197 ln

847 1215 957 1242 sabbato
969 1221 1059 1242 sancto
1069 1213 1102 1241 ad
1116 1213 1283 1241 theatrorum
1296 1213 1446 1253 spectacula
1459 1224 1586 1242 conscen-

847 1258 922 1286 dunt.
940 1263 1002 1286 320.
1017 1269 1044 1287 15.
1061 1257 1286 1296 Chrysostomum
1311 1257 1448 1285 audientes
1469 1267 1587 1296 arguen-

849 1309 901 1330 tem
923 1302 1171 1341 increpantemque,
1185 1301 1348 1340 gemebundi
1369 1302 1523 1340 percutiunt
1537 1301 1589 1330 sibi

849 1347 955 1375 frontes.
966 1353 1011 1375 VI.
1028 1350 1092 1374 325.
1111 1357 1138 1373 A.
1155 1353 1186 1374 X.
1204 1350 1266 1374 492.
1282 1357 1310 1374 n.

889 1393 1069 1419 Coxsrm‘no
1091 1390 1249 1429 presbytero
1275 1390 1366 1418 scribit
1382 1389 1590 1428 Chrysostomus

850 1446 883 1463 ex
906 1434 1012 1462 Nicaena
1037 1434 1154 1462 civitate.
1172 1441 1216 1463 III.
1239 1439 1304 1462 871.
1324 1445 1352 1463 n.
1373 1441 1398 1461 et
1424 1444 1457 1461 ex
1474 1435 1589 1461 Cucuso.

851 1483 916 1507 874.
939 1489 965 1506 C.
982 1489 1011 1506 n.
1034 1480 1170 1506 Cucusum
1197 1478 1269 1506 venit
1292 1478 1325 1506 ad
1351 1477 1586 1516 Chrysostomum.

851 1528 914 1552 714.
931 1533 956 1551 c.
975 1522 1018 1550 cui
1034 1521 1134 1551 aderat.
1160 1527 1226 1551 791.
1254 1534 1279 1550 A.
1307 1521 1508 1550 consuetudine
1531 1532 1592 1550 sau-

851 1567 961 1596 ctissimi
984 1566 1101 1605 episcopi
1123 1573 1266 1595 recreatur.
1290 1571 1354 1596 884.
1371 1577 1398 1594 c.
1418 1565 1484 1594 Inde
1498 1565 1592 1593 scribit

852 1612 932 1640 matri
956 1622 1019 1640 suae.
1039 1615 1103 1639 882.
1133 1621 1196 1649 sqq.
1213 1617 1238 1638 et
1265 1610 1360 1640 sorori.
1387 1614 1450 1638 884.
1471 1620 1498 1640 n.
1523 1619 1587 1648 sqq.

852 1666 882 1684 ac
906 1662 997 1694 postea
1022 1654 1132 1684 Valerio
1160 1662 1185 1683 et
1227 1654 1391 1693 Diophanto.
1420 1658 1482 1681 836.
1512 1654 1593 1682 Jussu

853 1699 1049 1739 Chrysostomi‚
1072 1699 1205 1737 evangelii
1232 1709 1367 1737 praecones
1387 1698 1477 1736 juvat,
1504 1703 1529 1725 et
1551 1708 1593 1725 ee-

852 1744 995 1772 clesiarum
1016 1750 1091 1771 curat
1105 1742 1303 1771 aedificationes.
1322 1747 1386 1771 750.
1408 1753 1436 1769 E.
1466 1743 1594 1769 Comme-

853 1795 992 1817 morantur
1003 1788 1060 1826 ejus
1074 1787 1157 1816 litera:
1172 1787 1205 1815 ad
1220 1787 1388 1825 presbyteros
1411 1793 1436 1814 et
1451 1784 1594 1812 monachos

854 1832 1010 1861 Phoeniciae.
1036 1837 1099 1860 800.
1125 1842 1148 1860 n.
1178 1832 1265 1869 Rogat
1290 1831 1366 1858 illum
1389 1830 1418 1859 S.
1445 1828 1540 1856 doctor
1565 1835 1594 1856 ut

854 1876 1011 1911 Phoeniciae,
1025 1875 1130 1903 Arabi-a:
1139 1873 1289 1903 etOrientis
1305 1873 1486 1902 Ecclesiarum
1501 1882 1594 1899 curam

855 1927 938 1960 gerat.
952 1925 1015 1948 871.
1032 1930 1055 1948 13.

895 1967 1206 1993 CoxsesssTmmLms
1222 1970 1246 1991 et
1260 1960 1397 2000 aequalitas
1409 1958 1494 1988 Patris
1509 1966 1534 1987 et
1549 1958 1596 1986 Fi-

855 2009 886 2037 lii
909 2007 1118 2036 demonstratur.
1138 2014 1194 2036 VII.
1213 2011 1275 2034 616.
1300 2016 1326 2034 D.
1350 2016 1377 2033 r..
1397 2003 1459 2032 Filii
1480 2003 1595 2031 consub-

857 2052 1017 2082 stantialitas
1033 2051 1197 2079 declaratur.
1221 2057 1290 2078 VIII.
1311 2054 1374 2077 498.
1393 2059 1421 2076 D.
1447 2054 1472 2075 ct
1497 2047 1596 2085 proba-

859 2105 912 2126 tur.
928 2105 949 2126 1.
966 2101 1030 2125 615.
1046 2108 1071 2125 Ε.
1088 2107 1116 2124 A.
1131 2095 1255 2123 Christus
1266 2104 1294 2122 se
1303 2093 1375 2121 Patri
1388 2091 1599 2120 consubstantia-

859 2142 911 2170 lem
927 2140 1053 2170 ostendit.
1085 2146 1154 2167 VIII.
1179 2143 1243 2166 354.
1263 2148 1289 2165 c.

903 2181 1187 2213 consubstantialem
1205 2181 1292 2208 Patri
1310 2180 1454 2208 Christum
1482 2177 1600 2216 definic-

861 2235 927 2257 runt
937 2235 1084 2258 CCCXVIII
1099 2225 1337 2263 lt'icaenipazres.
1352 2229 1420 2251 VIII.
1437 2225 1500 2250 902.

903 2275 1098 2301 Cowscmuno
1108 2269 1175 2297 dura
1191 2279 1241 2296 res.
1256 2275 1275 2297 1.
1296 2271 1359 2296 104.
1374 2277 1401 2294 D.
1420 2265 1539 2294 secunda
1552 2275 1602 2293 na—

864 2326 935 2346 tura.
953 2324 986 2345 11.
1000 2320 1101 2344 008.1-:.
1115 2322 1147 2343 X.
1162 2319 1247 2342 70.ῐ).
1263 2312 1403 2352 tyrannica
1413 2318 1460 2340 est.
1476 2317 1508 2339 X.
1520 2316 1599 2339 70.c.

865 2364 964 2399 Magna
980 2358 1179 2388 consuetudinis
1194 2358 1248 2394 vis,
1263 2364 1289 2385 et
1307 2357 1333 2385 in
1348 2356 1425 2384 bonis
1437 2356 1501 2384 etin
1517 2355 1603 2382 malis.

867 2414 900 2436 X.
917 2410 963 2433 70.
979 2415 1003 2432 c.
1017 2408 1078 2432 574.
1096 2410 1141 2431 XI.
1159 2407 1223 2430 753.
1241 2413 1267 2429 A.
1284 2401 1372 2428 Tanta
1383 2406 1432 2433 est,
1449 2406 1479 2427 ut
1492 2399 1518 2427 in
1530 2405 1606 2426 natu-

869 2461 903 2479 rae
919 2448 1098 2478 necessitatem
1114 2452 1240 2474 transeat.
1258 2453 1292 2475 X.
1313 2449 1377 2473 574.
1397 2443 1495 2471 scilicet
1515 2452 1601 2470 mora⁴

870 2495 922 2523 lem
957 2491 1136 2520 necessitatem
1148 2513 1154 2525 ‚
1182 2497 1207 2518 ct
1234 2489 1280 2517 Dei
1311 2494 1440 2527 przecepta
1467 2485 1606 2524 superarit.

871 2543 917 2567 70.
935 2547 962 2566 c.
981 2537 1111 2573 Magnum
1129 2535 1231 2562 bonurn
1247 2532 1324 2560 bonis
1337 2538 1471 2559 assuetum
1486 2539 1549 2556 esse.
1563 2535 1608 2557 XI.

872 2586 938 2611 753.
958 2592 984 2610 1-2.
1000 2580 1073 2609 Boua
1089 2577 1252 2607 consuetudo
1264 2577 1308 2605 lex
1325 2574 1431 2604 tandem
1444 2573 1543 2602 evadit.
1561 2579 1606 2601 XI.

875 2626 951 2655 663⁵.
967 2638 992 2654 Α,
1006 2624 1059 2653 [bi
1074 2630 1112 2652 est
1125 2623 1213 2659 timor,
1224 2621 1301 2650 facile
1315 2620 1427 2650 solvitur
1438 2615 1612 2653 consuetudo,

1434 2657 1479 2686 14.
