1884 2922
725 214 757 237 ΙΝ
764 214 828 237 DEX

83 277 185 305 funem
205 276 230 304 iu
249 286 295 304 ore
310 275 437 304 habentes
453 276 479 304 iu
501 275 660 304 barathrum
683 276 827 305 trabeban-

83 327 134 348 tur.
150 328 182 350 ΙΙ.
201 324 264 349 746.
280 332 305 348 c.

120 365 182 392 Ru
194 371 306 393 vocatur
331 365 417 399 Deus,
430 371 455 392 et
481 364 528 401 qui
550 374 611 392 cum
627 365 684 393 Deo
706 374 734 392 50
750 364 825 402 loqui

79 408 158 444 dicit,
175 418 228 437 non
245 409 348 447 βασιλεῖ
365 408 413 443 ait,
428 407 474 436 sed
484 409 522 447 τῷ
535 408 651 445 βασιλεῖ.
668 415 680 436 x
693 431 700 437 .
721 413 782 436 193.
797 419 822 437 11.

121 455 181 482 Rex
205 464 268 482 vere
289 460 328 481 est
349 453 395 490 qui
420 452 488 482 iram
512 452 655 490 cohibens,
671 453 759 481 omnia
775 453 826 481 sub

80 498 130 526 Dei
145 498 203 536 lege
216 497 312 536 agit.t.
328 503 336 525 1
348 501 389 525 43.
401 506 427 524 0.
441 497 602 535 Complures
616 507 690 536 reges
699 497 732 525 ad
747 497 825 536 prin—

79 542 200 580 cipatum
214 541 297 570 evecti
311 541 354 574 iis,
365 552 380 568 a
395 540 496 578 quibus
510 541 575 569 olim
590 541 695 569 fuerant
710 541 806 570 oss'ensi
818 563 825 576 ,

79 589 425 625 pepercerunt.1v.875.13.
438 584 518 623 Regis
532 584 662 613 osticium.
679 592 700 614 I.
720 589 784 615 143.
800 595 824 614 11.
843 616 846 619 ,

79 629 233 659 Sacerdotis
261 639 312 658 non
335 628 415 657 debet
440 639 570 668 usurpare
597 629 765 667 dignitatem.
778 636 824 657 VI.

81 678 146 703 146.
162 685 185 702 13.
205 674 318 702 Necesse
328 679 366 702 est
380 683 440 701 eum
456 680 480 701 et
492 673 597 712 lapillis
611 679 636 701 et
648 683 715 701 auro
730 683 826 712 super-

79 717 146 746 bum
159 727 225 746 esse.
243 724 264 745 I.
286 721 347 746 145.
372 727 396 744 Ε.
413 717 498 755 Reges
521 723 610 745 nostra
631 716 767 745 destruere
782 717 824 744 in-

80 772 183 790 cassum
208 762 297 790 eonati
311 767 382 789 sunt.
397 768 428 789 II.
447 765 512 791 644.
531 772 556 788 e.
573 760 700 797 Quotidie
714 761 827 799 exigunt

80 816 109 835 ea
125 816 184 844 quae
206 806 280 834 nulla
300 805 344 834 lex
366 805 509 844 permittit.
527 812 548 835 1.
566 810 628 834 1¹45.
647 817 674 834 A.
693 805 825 844 paup-*res

80 850 142 888 plus
156 860 237 888 quam
264 849 363 878 divites
378 849 548 888 opprimunt.
567 857 586 877 I.
603 854 666 878 145.
688 860 713 877 Β.
729 850 825 884 Quan-

82 894 114 922 tis
129 894 207 922 malis
221 893 343 922 subditos
358 894 487 921 alliciant.
508 900 526 921 I.
552 898 615 921 145.
637 904 666 921 A.
687 894 746 921 Rex
760 893 826 921 solio

79 937 197 976 dejectus
223 948 284 965 eum
309 937 404 972 fuerit,
437 943 493 964 tum
520 936 628 964 demum
656 936 748 964 multis
764 947 826 965 sane

79 981 158 1009 sociis
178 980 293 1018 indiget.
317 987 337 1008 I.
362 985 423 1008 147.
452 991 478 1007 n.
495 981 579 1017 Reges
591 980 624 1008 ad
640 979 784 1008 monachos
798 980 825 1008 in

79 1024 246 1063 temporibus
268 1023 447 1052 sormidandis
472 1023 642 1062 confugiunt.
669 1030 690 1052 I.
716 1028 777 1052 146.
797 1035 824 1051 ε.

79 1069 154 1096 Mors
171 1068 227 1106 regi
243 1067 373 1096 terribilis
388 1074 436 1096 051.
454 1075 474 1096 Ι.
493 1073 556 1097 147.
578 1078 604 1096 D.
622 1068 680 1096 Rex
692 1090 700 1104 ,
722 1067 825 1095 etiamsi

79 1113 150 1150 juste
164 1112 307 1151 imperium
326 1112 449 1147 rexisset,
467 1112 598 1140 minorem
609 1111 721 1140 salutem
736 1118 760 1140 et
775 1111 826 1139 ho-

78 1166 169 1185 norem
191 1157 326 1185 sortietur.
355 1163 376 1184 1.
408 1161 472 1185 148.
491 1167 516 1184 c.
534 1156 582 1184 Sin
610 1163 700 1184 autem
725 1156 826 1183 malum

80 1200 182 1228 vixisse
193 1210 253 1227 eum
266 1199 413 1227 constiterit
425 1222 431 1228 .
447 1199 504 1237 quis
519 1209 641 1228 enarrare
652 1199 736 1238 possit
751 1199 825 1227 cala-

79 1245 187 1272 mitates
201 1254 266 1280 quas
281 1243 435 1271 sustinebit.
449 1250 468 1273 l.
490 1248 550 1271 148.
568 1254 593 1271 c.

116 1289 174 1316 Rex
190 1289 332 1315 Persarum
358 1298 410 1315 uon
433 1287 591 1326 simpliciter
608 1287 730 1325 βασιλεύς
746 1297 825 1315 voca-

80 1330 176 1365 batur,
207 1330 252 1358 sed
279 1330 401 1369 βασιλεὺς
426 1332 549 1370 Περσῶν.
577 1337 609 1360 V.
637 1335 696 1359 193.
716 1341 744 1358 A.
767 1332 827 1359 Rex

80 1375 268 1403 Armeniorum
283 1385 336 1403 uon
352 1375 511 1414 simpliciter
528 1375 649 1413 βασιλεύς
670 1375 826 1411 vocabatur,

80 1419 126 1447 sed
143 1418 264 1458 βασιλεὺς
277 1419 432 1458 Ἀρμενίων,
451 1426 483 1449 Y.
505 1424 565 1447 193.
584 1430 612 1447 A.

118 1464 179 1491 Rex
191 1462 302 1500 quidam
317 1463 458 1491 Persarum
474 1473 582 1491 auream
596 1462 647 1491 sibi
660 1462 723 1490 fecit
735 1463 824 1501 plata-

80 1517 144 1535 num
156 1513 180 1534 et
196 1505 294 1534 coelum
305 1516 426 1534 aureum.
443 1513 488 1535 XI.
504 1511 566 1535 ¹133.
586 1517 610 1536 0.
632 1507 691 1534 Rex
707 1506 827 1535 Gottho-

81 1560 142 1578 rum
156 1556 232 1587 rogat
242 1549 396 1588 episcopum
408 1550 460 1577 sibi
478 1550 560 1579 mitti.
576 1557 623 1578 111.
635 1554 699 1578 722.
710 1561 735 1579 A.
746 1550 827 1589 Regis

80 1593 178 1623 Gotthi
191 1592 307 1620 insoleus
323 1591 426 1620 dietum
439 1592 465 1620 in
479 1593 624 1621 Romanos.
638 1601 659 1622 1.
672 1598 737 1622 421.
755 1604 783 1622 D.

120 1638 225 1675 Regum
251 1635 358 1664 nomine
379 1636 584 1675 appellabantur
614 1637 693 1666 ctiam
719 1637 827 1676 plebeii.

82 1688 128 1709 VI.
145 1685 210 1709 232.
230 1691 257 1707 Β.

120 1725 224 1753 Rhaca
235 1723 381 1751 Hebraice
396 1733 518 1752 vacuus.
537 1730 584 1752 VI.
600 1728 664 1753 796.
678 1735 706 1753 A.

119 1769 278 1796 Rammium
293 1767 446 1806 spectacula
460 1767 619 1805 agonalibus
633 1768 826 1799 certaminibus

81 1812 191 1841 similia.
208 1818 278 1840 VIII.
307 1815 333 1839 2.
358 1810 449 1840 Verbo
475 1810 674 1850 praedicationis
694 1812 826 1842 adversa-

81 1856 180 1885 bantur
191 1855 320 1883 rhetores.
333 1862 354 1883 1.
370 1860 434 1883 704.
445 1867 471 1883 A.
488 1855 548 1883 Non
564 1855 635 1893 quod
648 1857 675 1884 in
687 1867 828 1886 commune

82 1899 208 1929 conducit
221 1906 344 1936 qua-runt
356 1922 364 1933 ‚
383 1898 429 1927 sed
444 1899 516 1928 illud
530 1907 668 1939 spectant,
683 1908 711 1930 ut
726 1902 778 1930 sint
799 1902 825 1930 in

35 1942 40 1945 ⁸
81 1943 270 1972 admiratione.
289 1950 308 1970 I.
322 1947 386 1971 906.
402 1953 430 1970 n.

122 1989 236 2016 Rintm:
250 1993 377 2026 perpetuo
389 1993 413 2015 et
420 1986 543 2015 deliciari
553 1997 604 2016 non
615 1987 827 2018 Christianorum

82 2039 133 2062 est.
147 2035 288 2060 VII.115.

122 2077 206 2104 Risus
217 2084 270 2102 non
284 2074 457 2102 manifestum
472 2081 607 2113 peceatum
617 2081 670 2112 est,
680 2076 764 2105 sedin
776 2076 828 2106 cri-

84 2130 144 2148 men
159 2118 273 2147 inducit.
289 2126 321 2148 II.
338 2123 400 2147 184.
415 2130 441 2148 Α.
458 2120 553 2147 Risum
568 2120 686 2148 solutum
696 2120 830 2159 declinare

84 2176 193 2204 prorsus
220 2171 334 2204 oportet.
361 2171 408 2192 III.
435 2168 499 2193 912.
524 2175 552 2194 Ε.
580 2172 639 2196 VII.
660 2171 722 2196 112.
735 2178 762 2195 A.
779 2169 829 2197 Vae

84 2211 154 2241 dixit
165 2213 290 2241 Christus
305 2212 455 2241 ridentibus
469 2212 552 2240 risum
567 2213 647 2252 hujus
663 2215 770 2243 mundi.
782 2223 829 2244 XI.

87 2261 150 2285 349.
166 2267 193 2285 c.
211 2257 291 2284 Risus
304 2256 330 2284 in
346 2256 456 2285 eeclesia
469 2256 632 2295 prohibitus.
646 2266 705 2287 XII.
717 2263 781 2288 223.
805 2272 824 2287 x.

126 2303 195 2330 Rmx
209 2308 237 2330 et
250 2302 449 2340 Edoclafilioe
464 2303 576 2331 Adam.
598 2311 642 2333 VI.
658 2309 724 2333 755.
742 2316 765 2333 n.

125 2348 207 2375 R1xffi
221 2353 245 2374 et
256 2345 345 2384 jurgia
360 2345 480 2376 vitanda.
491 2353 549 2375 VII.
562 2351 628 2376 231.
640 2348 830 2378 contentiones

87 2398 112 2419 ct
125 2390 198 2419 rixas
211 2390 347 2418 attrahens
362 2390 425 2418 seris
441 2389 557 2419 deterior
571 2398 619 2419 est.
636 2398 695 2420 VII.
716 2397 781 2421 231.
799 2404 828 2424 n.

86 2436 116 2463 In
130 2434 199 2463 rixis
212 2434 278 2472 quid
294 2444 373 2472 agere
387 2441 516 2472 oporteat.
535 2441 595 2465 VII.
612 2439 675 2466 229.
692 2448 718 2464 A.

125 2479 218 2507 Rouffi
234 2477 342 2506 codices
363 2484 546 2514 asservantur,
573 2478 600 2506 in
616 2479 714 2516 quibus
727 2479 831 2509 descri-

88 2522 144 2563 ptio
156 2522 267 2561 Cyrenii
281 2521 366 2561 Syria:
381 2521 513 2561 prmsidis.
531 2529 563 2550 II.
584 2527 645 2551 420.
668 2534 695 2551 1).

130 2568 245 2595 Romam
271 2566 413 2605 occupavit
427 2566 521 2594 Petrus
538 2566 662 2605 piscator.
681 2575 710 2595 x'.
727 2573 788 2597 235.
805 2580 830 2598 1.

91 2611 194 2646 Petrus,
211 2610 310 2639 Paulus
326 2617 349 2639 ct
368 2609 487 2648 Ignatius
501 2610 536 2638 ibi
558 2611 665 2640 suerunt
680 2611 809 2641 immolati
824 2635 830 2644 .

857 214 983 237 neuun.
1553 202 1615 248 371

881 284 908 305 ut
931 278 1004 306 ittam
1027 277 1160 306 idolorum
1186 276 1328 305 cruoribus
1354 276 1484 315 pollutum
1509 275 1618 315 proprio

878 322 1006 360 sanguine
1023 328 1176 360 purgarent.
1204 329 1236 349 II.
1264 325 1330 349 714.
1353 331 1374 347 t.
1400 320 1431 348 In
1456 320 1529 358 regia
1552 319 1618 348 urhe

879 365 963 393 Roma
985 365 1018 393 ad
1038 365 1158 404 sepulcra
1172 364 1311 403 piscatoris
1324 370 1349 392 ct
1364 364 1540 393 tentoriorum
1558 363 1615 402 opi-

879 409 936 437 ficis
957 415 1101 437 accurrunt
1118 419 1219 437 omnes.
1244 415 1263 437 Ι.
1288 413 1353 437 697.

918 453 1099 482 Romus-onum
1114 453 1214 481 civium
1225 461 1326 490 magnae
1337 456 1411 479 erant
1421 450 1617 489 praerogativae.

879 504 924 525 Ix.
956 502 1019 526 403.
1051 508 1076 526 n.
1107 497 1289 524 Romanorum
1311 495 1384 533 regio
1410 494 1491 523 fidem
1518 494 1620 523 Christi

879 540 1004 579 suscepit.
1022 548 1043 570 I.
1055 544 1119 569 702.
1134 550 1160 569 n.

919 587 1056 614 Romanus
1071 591 1177 614 senatus
1200 583 1386 612 Alexandrum
1410 582 1544 611 decimum
1568 589 1621 611 ter-

877 629 947 657 tium
971 628 1051 657 deum
1079 639 1134 657 esse
1158 627 1271 657 censuit.
1300 634 1335 655 x.
1351 631 1415 655 740.
1432 638 1459 654 Λ.
1481 626 1620 655 Christum

878 675 965 700 Deum
976 672 1111 700 declarare
1123 671 1219 700 noluit.
1232 678 1266 700 x.
1280 675 1345 699 740.
1360 680 1385 698 1³.

918 717 1055 745 Romanus
1068 715 1200 754 pontifiex
1210 715 1243 743 de
1260 714 1346 743 causis
1361 713 1509 752 majoribus
1523 712 1621 742 doeen-

878 760 940 796 dus,
954 767 984 788 ut
999 760 1157 798 quantocius
1168 759 1248 788 rebus
1260 765 1442 787 succurratur.
1456 764 1501 788 III.
1516 762 1619 786 615.A.

880 804 945 843 Ejus
958 804 1075 833 muneris
1099 811 1136 832 est
1150 803 1266 832 scribere
1282 809 1311 831 ut
1328 803 1419 841 inique
1432 801 1553 840 judicata
1569 811 1621 830 non

880 849 993 876 habeant
1009 849 1103 877 robur.
1122 855 1166 876 III.
1192 852 1255 875 620.
1278 858 1300 875 n.
1322 846 1389 885 Ejus
1408 846 1498 874 literas
1512 852 1538 874 et
1551 846 1622 874 eari-

878 899 959 920 tatem
985 892 1063 920 011150
1084 892 1185 929 flagitat
1209 891 1418 930 Chrysostomus
1439 890 1473 917 ab
1499 889 1622 918 hostibus

879 936 1027 974 impetitus.
1045 943 1091 963 III.
1109 940 1171 963 620.
1186 945 1209 962 B.
1224 935 1332 969 Quanto
1347 934 1445 962 ssuetus
1455 933 1623 962 extolluntur

878 979 1038 1013 sublimius,
1055 985 1079 1007 et
1100 978 1190 1017 plures
1211 977 1293 1006 latent
1308 976 1427 1016 scopuli,
1439 976 1619 1006 vehementio-

878 1034 972 1060 resque
992 1029 1053 1051 sunt
1084 1029 1261 1061 teiupcstatcS,
1274 1028 1346 1050 tanto
1374 1021 1459 1059 magis
1483 1021 1622 1059 vigilantia

879 1067 993 1095 Romani
1006 1067 1143 1095 Pontiticis
1157 1074 1280 1105 augetur,
1296 1067 1343 1104 qui
1359 1066 1431 1094 velut
1443 1066 1622 1104 0111110115ςο-

878 1111 1003 1140 bernator
1017 1118 1080 1139 tunc
1095 1111 1212 1139 maxime
1225 1111 1336 1149 vigilat,
1349 1120 1409 1138 cum
1424 1120 1496 1138 marc
1508 1110 1622 1139 intume-

878 1166 951 1184 scere
963 1155 1047 1184 videt.
1063 1163 1108 1184 III.
1123 1160 1188 1185 621.
1208 1167 1233 1186 B.
1247 1155 1335 1194 Ipsius
1347 1153 1555 1183 sollicitudinem
1570 1165 1623 1183 non

879 1199 995 1228 deterret
1025 1200 1074 1229 viae
1107 1200 1248 1238 prolixitas
1267 1221 1275 1234 ,
1297 1209 1345 1227 1100
1375 1197 1502 1237 temporis
1539 1198 1624 1227 inter-

879 1244 1000 1281 vallum,
1022 1255 1069 1272 nec
1091 1254 1180 1271 rerum
1203 1243 1360 1272 difficultas.
1381 1250 1426 1270 III.
1451 1247 1513 1270 621.
1530 1254 1552 1270 B.
1567 1242 1623 1281 Ipsi

879 1288 1033 1317 certandum
1047 1295 1085 1316 est
1100 1299 1147 1327 pro
1158 1295 1212 1316 toto
1225 1288 1289 1316 orbe
1298 1310 1305 1322 ,
1318 1297 1365 1326 pro
1375 1286 1503 1315 Ecelesiis
1513 1285 1623 1324 dejectis

879 1339 957 1370 atque
972 1332 1126 1372 prostratis,
1142 1343 1190 1370 pro
1203 1332 1310 1371 populis
1324 1330 1470 1370 dispersiS,
1487 1341 1536 1369 pro
1550 1330 1624 1359 clero

879 1376 1024 1411 divexato,
1045 1387 1094 1416 pro
1109 1376 1242 1415 episeopis
1253 1376 1393 1404 exsulibus
1406 1397 1414 1409 ,
1433 1385 1482 1413 pro
1497 1375 1625 1403 constitu-

879 1420 950 1448 tione
965 1428 1072 1459 patrum
1090 1420 1201 1449 violata.
1216 1427 1261 1448 111.
1275 1424 1340 1448 622.
1353 1431 1380 1448 A.
1396 1419 1500 1447 Caritas
1523 1418 1622 1446 Roma-

879 1465 905 1493 ni
919 1465 1065 1504 pontificis,
1078 1475 1182 1499 murus,
1198 1464 1339 1498 securitas,
1354 1470 1458 1502 portus,
1468 1462 1626 1490 innumero-

880 1519 940 1536 rum
977 1509 1109 1537 bonorum
1142 1507 1298 1543 thesaurus,
1324 1506 1426 1535 laetitiae
1451 1506 1625 1543 mirifiercque

880 1552 1027 1591 voluptatis
1038 1563 1128 1582 causa.
1149 1559 1195 1580 III.
1212 1556 1277 1580 622.
1292 1562 1317 1581 11.
1341 1551 1478 1579 Romanus
1502 1550 1624 1588 pontifex

879 1596 1009 1625 deliberat
1019 1595 1154 1635 quomodo
1165 1596 1327 1625 oecumenica
1337 1594 1456 1635 synodus
1467 1592 1624 1622 celebranda

882 1640 926 1669 sit.
943 1648 989 1669 111.
1005 1645 1069 1669 623.
1087 1651 1113 1668 c,

920 1685 1058 1713 Romus
1080 1683 1220 1722 presbyter
1234 1681 1422 1721 Chrysostomi
1444 1680 1559 1709 amicus.
1576 1687 1622 1710 III.

881 1733 946 1757 731.
976 1740 999 1758 n.
1032 1727 1074 1756 Ad
1098 1727 1177 1754 illum
1206 1726 1313 1765 scripsit
1339 1726 1562 1765 Clu-ysostomus.
1580 1731 1623 1753 III.

881 1776 946 1801 731.
962 1784 987 1802 11.
1005 1773 1070 1800 Atiae
1084 1770 1203 1810 epistolae
1218 1771 1252 1799 ad
1268 1769 1404 1799 eumdem.
1434 1775 1480 1797 111.
1507 1772 1572 1796 765.
1596 1778 1620 1796 B.

881 1821 947 1845 772.
964 1828 991 1845 c.

922 1861 1060 1889 Ronaxcs
1075 1867 1178 1899 martyr
1205 1865 1316 1888 vexatos
1341 1856 1509 1886 Christianos
1531 1855 1625 1894 lingua

880 1910 905 1932 et
919 1904 1037 1932 oratione
1059 1903 1246 1932 confirmabat.
1265 1909 1310 1930 III.
1329 1906 1395 1931 731.
1412 1911 1436 1929 c.
1450 1900 1503 1928 Hic
1519 1906 1623 1938 martyr

881 1947 990 1976 citharae
1011 1947 1108 1976 similis
1130 1954 1193 1976 erat.
1210 1954 1243 1975 II.
1257 1951 1322 1975 737.
1337 1957 1363 1974 A.
1382 1947 1404 1974 A
1424 1944 1517 1983 judice
1542 1943 1626 1971 inter-

882 1998 990 2030 rogatus
1012 1991 1138 2020 infantem
1162 2002 1177 2019 a
1194 1991 1251 2019 foro
1278 1990 1341 2019 duci
1363 1988 1491 2028 postulat,
1508 1994 1537 2015 ut
1564 1997 1626 2015 eum

878 2035 998 2074 judicem
1015 2036 1108 2074 saciat;
1121 2043 1146 2064 et
1162 2035 1247 2064 infans
1262 2041 1331 2063 recte
1355 2033 1484 2071 loquutus
1498 2031 1627 2070 martyrio

882 2086 1032 2108 coronatur.
1057 2087 1090 2108 lt.
1110 2084 1176 2109 737.
1200 2091 1225 2108 c.
1241 2080 1270 2107 In
1289 2077 1432 2116 equuleum
1448 2086 1510 2104 cum
1525 2075 1625 2103 infante

882 2123 1020 2151 Romanus
1039 2124 1165 2162 abreptus
1180 2130 1229 2152 est.
1247 2130 1281 2152 II.
1297 2127 1363 2150 738.
1382 2120 1496 2149 Romani
1523 2118 1558 2147 ad
1581 2125 1626 2158 ty-

882 2177 997 2195 rannum
1012 2168 1095 2196 oratio
1110 2174 1170 2196 ante
1189 2167 1288 2204 linguae
1302 2164 1493 2193 exsectioncm.
1509 2170 1542 2192 II.
1560 2167 1625 2192 740.

883 2222 910 2239 A.
922 2211 1060 2239 Romanus
1078 2218 1184 2240 exsecta
1206 2210 1298 2247 lingua
1313 2208 1442 2246 loquitur.
1460 2214 1494 2237 11.
1514 2210 1578 2235 733.
1596 2217 1621 2234 A.

883 2261 947 2285 738.
969 2268 995 2288 A.
1013 2262 1076 2286 741.
1096 2269 1122 2285 A.
1139 2264 1164 2285 et
1191 2255 1297 2284 clariori
1324 2264 1388 2283 voce
1403 2261 1548 2293 tyrannum
1577 2263 1626 2280 ar-

883 2301 991 2338 guebat.
1009 2307 1118 2330 11.740.
1138 2313 1164 2331 e.
1180 2301 1247 2339 Ejus
1266 2298 1397 2328 laudatio.
1418 2305 1449 2326 II.
1467 2301 1625 2326 729.A.v1.

886 2349 980 2373 182.c.

924 2389 1058 2418 Romcras
1072 2396 1098 2418 et
1118 2388 1252 2419 Severinae
1267 2387 1356 2415 literas
1371 2385 1454 2415 mittit
1468 2385 1628 2424 Chrysosto-

885 2442 954 2461 mus.
968 2440 1016 2461 III.
1032 2438 1095 2462 869.
1108 2444 1134 2461 n.

929 2478 1043 2506 Romam
1061 2477 1124 2506 urbs
1136 2499 1144 2511 ,
1159 2477 1255 2505 Roma.
1270 2481 1301 2503 11.
1313 2478 1379 2502 207.
1396 2484 1421 2501 B.

927 2524 1062 2551 Rom-trs
1074 2528 1099 2549 ct
1114 2521 1202 2559 Byzus
1217 2518 1340 2547 monaehi
1358 2517 1455 2556 pietate
1469 2515 1606 2555 conspicui
1619 2528 1626 2545 z

885 2568 919 2597 atl
935 2567 995 2595 illos
1011 2565 1105 2594 scribit
1121 2564 1338 2603 Chrysostomus.
1355 2568 1399 2589 111.
1416 2565 1480 2589 75¹.
1493 2570 1522 2590 1).

928 2612 1023 2640 1101111·
1039 2610 1141 2638 l'aciuus
1156 2615 1211 2637 erat
1228 2606 1306 2635 valde
1316 2605 1455 2635 nefarium.
1468 2611 1512 2634 tv.
1522 2608 1586 2633 671.
1600 2614 1627 2632 11.
