1884 2922
709 198 811 221 INDEX

108 258 202 286 Sar-m
217 268 272 287 vox
281 257 411 287 Hebraica
421 258 603 288 adversarium
617 261 757 299 significat.
773 268 806 290 11.

68 305 132 331 725.
150 312 176 330 c.
194 309 228 330 x.
245 306 311 331 736.
330 313 358 331 Α.

106 351 254 379 SATANJffls
269 352 378 380 canticis
394 352 512 380 immissa
534 353 679 390 corruptio.
695 359 728 382 V.
741 357 804 383 386.

67 404 93 422 Ε.
117 394 239 423 satanica
261 395 386 433 quaedam
407 396 521 432 cantica,
543 396 641 433 quaein
655 407 704 424 usu
719 403 806 433 erant,

65 439 207 476 proscribit
219 440 439 479 Cluysostomus.
455 447 499 469 xl.
516 444 579 468 453,
599 450 626 469 e.

104 483 319 519 Ssrmonnmu,
336 494 385 512 seu
402 485 584 522 hippodromi
594 485 740 522 nequilioe,
755 484 808 511 Ec-

63 526 159 555 clesioe
168 528 355 566 hippodromo
370 531 548 568 antepositoe.
562 535 633 556 vui.
646 532 709 556 721.
730 539 752 558 x,

103 571 235 599 Siru-:sz
255 579 338 600 mater
352 579 390 600 est
404 572 491 600 morbi
505 578 530 600 et
543 571 717 600 infirmitatis.
732 578 803 600 ΥΙΙΙ.

66 618 129 642 150.
144 626 168 643 B.

104 657 325 696 ‚Siwmurxsjet
337 658 465 697 ingluviei
479 659 559 687 mala.
575 666 623 687 xu
639 659 714 696 1395.
728 670 750 687 n.

104 702 290 730 Sucnmscs
302 710 326 731 et
341 703 497 731 Aurelianus
512 703 565 731 viri
576 703 698 742 primarii
713 702 747 730 ad
762 713 806 731 ne-

64 756 120 774 cem
136 746 276 785 postulati,
289 747 359 783 etjn
374 747 501 775 exsilium
520 747 581 775 acti.
593 754 637 775 ΙΙΙ.
652 751 716 775 482.
735 747 806 775 Vide

64 791 222 818 ,Monilum.
239 791 278 819 De
290 791 399 819 illorum
414 791 510 820 exsilio
521 791 642 819 homilia.
660 792 705 820 lb.

103 839 226 868 Sarum-u
239 840 312 868 locus
324 839 351 868 in
365 841 469 869 Cicilia.
484 848 530 869 ΧΙ.
550 845 614 868 809.
627 850 651 868 c.

102 888 267 924 SATURNUS,
285 889 385 918 Graece
410 890 516 928 Κρόνος.
541 896 572 918 V.
592 893 656 917 8:32.
673 901 697 917 A.
718 889 806 917 Adde

63 932 142 960 Bait
153 939 181 961 et
196 934 263 963 Bm..

101 982 175 1009 sliu
186 982 318 1010 Samuelis
328 982 452 1021 precibus
464 993 478 1010 a
491 982 659 1010 damnatione
670 981 736 1020 cripi
748 992 799 1010 non

64 1024 160 1062 potuit.
172 1032 192 1054 Ι.
207 1030 252 1054 47.
270 1037 298 1054 n.
314 1026 344 1053 In
360 1026 491 1053 thesauris
512 1036 636 1061 versans,
647 1035 728 1063 regno
744 1037 808 1064 proe-

63 1071 169 1099 sentiet
194 1072 284 1099 futuro
307 1079 403 1100 exutus
425 1079 474 1101 est.
500 1079 533 1100 ΙΙ.
566 1076 631 1100 412.
654 1073 685 1100 In
709 1079 808 1110 quanta

63 1116 182 1153 pericula
194 1126 227 1144 ex
238 1117 391 1155 juramento
413 1127 466 1154 quo
481 1123 660 1155 praeceperat,
678 1123 707 1144 ut
731 1127 807 1145 nemo

63 1169 147 1197 usque
156 1160 189 1187 ad
201 1170 337 1199 vesperam
356 1167 380 1188 et
394 1170 476 1198 usque
486 1159 519 1188 ad
538 1160 666 1188 ultionem
688 1161 807 1189 inimico-

63 1214 124 1232 rum
143 1215 254 1233 suorum
282 1204 442 1242 comederet,
466 1215 493 1232 se
509 1204 631 1243 conjecit.
647 1212 680 1233 11.
700 1209 761 1233 168.
780 1215 804 1233 B.

63 1259 128 1287 sqq.

103 1297 179 1326 Saiili
202 1305 300 1335 quanta
325 1297 454 1326 beneficia
477 1296 617 1324 contulerit
641 1296 743 1324 David.
759 1304 804 1327 tv.

63 1345 128 1370 867.
146 1352 172 1369 D.
190 1352 216 1369 E.
235 1335 300 1380 Ejus
320 1341 346 1370 in
362 1340 497 1369 Davidem
525 1340 623 1378 injusta
644 1340 765 1379 suspicio
780 1348 805 1369 et

63 1384 176 1413 invidia.
191 1392 236 1413 lv.
258 1390 322 1414 868.
346 1396 370 1413 B.
389 1384 522 1413 Davidem
541 1384 690 1412 interficere
710 1391 803 1414 tentat.

65 1436 108 1457 [V.
121 1434 185 1457 871.
200 1440 263 1457 D.1-:.
279 1429 351 1457 Alias
365 1428 463 1456 Davidi
474 1428 585 1457 insidias
601 1435 684 1466 parat.
694 1429 737 1456 [b.
750 1439 804 1456 mn.

63 1473 93 1500 In
114 1483 221 1511 manusd
233 1472 348 1501 Davidis
363 1471 469 1504 incidit,
485 1471 530 1510 qui
553 1471 666 1499 illaesum
682 1482 743 1500 eum
757 1472 805 1500 di-

61 1516 146 1544 misit.
162 1524 206 1546 lv.
223 1521 287 1545 872.
300 1527 324 1545 Β,
338 1521 402 1544 873.
420 1515 526 1544 Saulem
547 1515 694 1543 honorifice
710 1522 806 1544 tractat

62 1560 170 1597 David,
193 1561 376 1598 christumque
396 1560 467 1596 Dei,
486 1559 539 1588 i.e.
558 1566 669 1587 unctum
696 1569 784 1597 regem
795 1580 804 1595 ‚

62 1615 125 1633 eum
135 1611 222 1633 vocat.
236 1611 281 1632 [V.
291 1609 357 1633 877.
371 1615 396 1632 Α.
406 1614 431 1632 13.
445 1603 534 1631 Saiilis
546 1603 572 1631 in
580 1602 711 1630 Davidem
723 1603 805 1631 vehe-

62 1648 324 1676 mensodium.ll1.c.
339 1648 378 1675 Ne
387 1657 481 1676 nomen
489 1646 598 1685 quidem
609 1648 666 1685 ejus
676 1647 804 1676 sustinere

63 1699 174 1730 poterat.
200 1699 233 1720 ΙΙ.
260 1696 321 1720 104.
336 1702 364 1720 E.
381 1691 461 1719 Saiile
475 1690 566 1718 nullus
586 1690 700 1718 deterior
715 1691 804 1719 inimi-

62 1746 118 1764 cus.
136 1743 182 1764 lv.
199 1740 264 1764 893.
280 1747 305 1764 c.
322 1734 419 1763 Davidi
442 1733 530 1763 Sa'ulis
549 1733 641 1762 odium
666 1734 733 1762 nihil
753 1745 803 1763 no—

62 1780 126 1810 cuit.
142 1788 186 1809 IV.
203 1784 267 1808 895.
286 1790 314 1809 E.
333 1779 397 1807 Sa'ul
423 1778 515 1806 audita
536 1788 600 1806 voce
621 1778 735 1806 Davidis
757 1779 804 1807 ab·

58 1824 121 1862 jecit
145 1824 324 1852 inimicitiam.
343 1829 389 1851 lv.
413 1826 477 1851 898.
497 1832 524 1849 E.
549 1833 575 1849 A.
597 1821 710 1850 Das-idis
724 1832 802 1850 man-

59 1867 202 1897 suetudine
210 1868 308 1896 fractus
318 1890 324 1903 ‚
336 1867 470 1905 lacrymas
479 1865 559 1894 fudit.
575 1872 619 1893 lv.
636 1870 700 1894 901.

100 1917 165 1945 Saul
180 1917 252 1944 unde
272 1915 371 1944 sciebat
394 1914 528 1942 Davidem
548 1924 603 1942 esse
615 1920 799 1951 regnaturum.

61 1969 106 1991 IV.
125 1968 190 1991 904.
205 1973 232 1991 A.
258 1961 390 1990 Davidem
417 1961 534 1990 filiorum
557 1970 666 1988 suorum
686 1966 802 1988 tutorem

61 2006 198 2044 relinquit.
214 2013 260 2035 lv.
275 2010 339 2034 905.
357 2016 382 2033 c.
403 2016 430 2033 n.

99 2055 164 2083 Saul
174 2066 236 2083 cum
248 2054 329 2082 vellet
348 2053 436 2081 filium
451 2063 530 2081 suum
542 2053 609 2091 legis
625 2059 802 2091 transgresso-

61 2109 118 2127 rem
138 2098 275 2134 occidere,
307 2108 398 2126 omnes
424 2097 619 2132 reclamarunt3
650 2098 802 2125 innoeentes

59 2142 159 2171 occidit
171 2142 327 2178 sacerdotes,
342 2148 366 2170 et
378 2151 456 2170 nemo
467 2151 560 2170 vocem
571 2141 670 2170 emisit.
688 2148 719 2169 V.
733 2145 800 2170 468.

60 2196 87 2214 n.
103 2196 130 2216 ε.

98 2234 180 2262 Saiilc
190 2245 266 2262 nemo
275 2234 418 2268 scelestior,
436 2233 543 2262 Davide
553 2243 630 2262 nemo
640 2233 800 2272 simplicior.

61 2286 115 2307 Vll.
138 2284 201 2308 704.
220 2290 248 2308 n.
273 2279 415 2314 Quomodo
440 2279 505 2307 Sa'ul
524 2289 579 2307 sese
610 2279 637 2307 in
659 2279 801 2318 perniciem

57 2323 208 2362 conjecerit.
224 2330 281 2352 Vll.
295 2328 359 2352 920.
379 2333 406 2350 n.
420 2333 447 2352 E.
460 2323 550 2351 Adde
570 2324 677 2351 Diuo.

96 2373 208 2401 sinu-s
228 2372 345 2409 primum
366 2381 461 2399 nomen
488 2371 578 2405 Pauli,
603 2381 685 2409 quare
709 2376 800 2398 muta-

57 2423 126 2445 tum.
144 2423 192 2447 111.
208 2420 272 2446 128.
290 2427 317 2444 A.
341 2420 402 2444 129.
424 2426 448 2443 n.
464 2422 508 2443 ΙΥ.
530 2420 594 2443 801.
621 2422 667 2443 ΙΧ.
692 2419 756 2443 241.
774 2425 800 2444 Β.

59 2459 146 2496 Sauli,
183 2460 240 2489 sive
274 2460 363 2494 Pauli,
387 2459 535 2488 conversio.
561 2466 607 2487 IX.
625 2463 688 2487 165.
715 2469 741 2488 n.
767 2468 793 2487 c.

60 2514 124 2542 sqq-

101 2554 289 2582 SAL-nomm.
304 2561 322 2582 1.
343 2558 406 2582 559.
426 2564 450 2582 c.
466 2552 500 2581 ad
517 2552 596 2581 sidem
617 2562 756 2581 accessere.
778 2559 797 2580 Ι.

62 2602 125 2626 692.
142 2608 167 2625 Ε.

839 199 965 222 RERUM-

1528 193 1596 242 379

905 262 1051 291 sciram
1070 268 1094 290 ct
1119 261 1251 290 cathedr-:e
1267 273 1299 291 ex
1322 271 1429 302 argento
1442 275 1456 292 a
1471 264 1604 295 divitibus

863 305 1028 343 quibusdam
1039 306 1146 334 fiebant.
1163 314 1209 337 ΧΙ.
1226 311 1289 337 436.
1310 317 1334 336 11.

902 350 1056 378 Summam
1070 350 1220 385 transilire,
1241 351 1307 389 ὑπὲρ
1327 350 1360 378 τὰ
1383 351 1534 389 σκάμματα
1558 364 1608 389 πη-

862 393 920 431 δᾷν,
938 394 1088 432 adagium.
1101 401 1132 421 V.
1149 399 1193 423 66.
1205 405 1231 422 13.

901 437 1081 465 Somnia-M
1102 437 1182 466 etiam
1203 438 1299 475 injuste
1314 445 1485 477 susceptum,
1507 440 1530 468 si
1549 440 1607 468 lieri

861 487 956 518 potest,
974 480 1126 510 vitandum.
1141 488 1161 509 1.
1179 486 1244 509 283.
1257 491 1285 509 n.
1298 483 1320 509 A
1333 492 1410 520 poeua
1422 482 1549 511 seandalo
1564 484 1607 512 iu-

861 523 944 559 uicta,
965 530 1028 552 tunc
1041 525 1128 553 solum
1145 525 1289 553 liberamur
1300 547 1307 559 ,
1324 525 1346 553 si
1363 536 1396 553 ex
1413 526 1539 555 scandalo
1554 528 1604 555 ali-

860 569 933 606 quod
955 570 1042 608 majus
1066 570 1171 599 lucrum
1194 571 1306 605 oriatur,
1324 581 1404 608 quam
1420 571 1518 600 damno
1532 573 1607 610 quod

860 623 893 641 ex
907 613 1032 642 scandalo
1049 614 1090 643 fit.
1111 616 1154 643 lh.
1174 615 1306 643 scandalo
1328 625 1383 643 esse
1401 615 1482 644 modo
1504 617 1605 645 vitarit

861 657 972 693 Paulus,
996 657 1075 685 modo
1097 664 1186 686 autem
1214 658 1362 686 contemsit.
1392 666 1411 687 1.
1447 664 1511 688 284.
1537 671 1560 688 e.
1575 672 1603 690 n.

859 700 1022 729 scandalum
1034 709 1162 740 aggravat
1176 712 1259 741 poenae
1271 702 1447 741 supplicium.
1462 711 1481 732 1.
1499 708 1562 732 292.
1578 715 1601 733 c.

860 747 1024 776 Scandalum
1034 748 1080 786 qui
1091 749 1246 787 patiuntur,
1259 756 1323 777 tunc
1337 750 1523 779 contemnendi
1535 758 1606 787 sunt,

860 801 921 819 eum
936 802 983 820 nos
997 791 1115 820 scandali
1127 803 1204 821 ansas
1217 803 1269 821 non
1282 793 1488 832 praebuerimus.
1504 802 1523 823 1.
1538 799 1568 823 31
1580 800 1602 826 4.

861 846 884 863 Β.
896 835 951 863 Sed
962 836 983 863 si
995 836 1055 873 quis
1064 836 1119 864 sine
1132 837 1233 865 ratione
1243 837 1308 865 alios
1319 837 1491 873 scandalizet,
1502 838 1607 867 etiamsi

859 889 910 907 non
934 887 1034 918 peccet,
1051 890 1064 907 a
1087 887 1194 918 peccato
1219 891 1270 909 non
1296 888 1383 909 vacat.
1408 883 1452 909 ΙΙ).
1469 882 1602 910 Scandala

859 923 1004 961 aliquando
1029 923 1230 959 contemnenda,
1250 924 1394 961 aliquando
1410 935 1473 953 vero
1488 935 1540 953 non
1556 925 1606 954 tle-

859 967 1005 1005 spicienda.
1022 974 1077 996 Vll.
1097 972 1161 996 590.
1178 979 1203 996 c.
1220 968 1308 996 Probo
1321 968 1397 996 utilia
1410 979 1464 997 esse
1476 977 1585 1007 possunt
1597 992 1604 1005 ‚

862 1011 1029 1048 vigilantiam
1045 1012 1101 1050 ejus
1117 1012 1278 1040 exercendo.
1293 1019 1350 1041 vn.
1365 1018 1428 1041 670.
1444 1025 1470 1042 A.

901 1055 993 1084 Set-:NA
1005 1062 1101 1093 quanta
1111 1055 1205 1084 inferat
1213 1056 1292 1085 mala.
1305 1063 1364 1085 ΠΙ.
1375 1061 1440 1085 476.
1452 1067 1478 1085 Β.
1488 1058 1516 1085 In
1529 1068 1606 1086 scena

861 1098 972 1136 quidam
997 1099 1142 1127 histriones
1164 1098 1295 1138 stupenda
1309 1107 1333 1128 et
1349 1100 1499 1139 periculosa
1522 1101 1604 1129 susti—

862 1143 958 1170 nebant
978 1149 1096 1181 tempore
1121 1143 1321 1181 Chrysostomi.
1351 1151 1407 1172 vu.
1433 1148 1498 1174 302.
1529 1155 1548 1172 i.
1576 1155 1600 1174 Β.

862 1187 996 1225 Agiliorcs
1011 1185 1121 1223 quidam
1135 1186 1161 1214 in
1179 1197 1255 1214 scena
1271 1197 1382 1226 corpora
1405 1188 1603 1226 pervertebant.

863 1238 920 1260 Vll.
935 1235 1000 1260 669.
1017 1241 1042 1258 c.
1059 1230 1149 1258 Adde
1160 1231 1391 1267 SPECTAmmUM,
1407 1231 1581 1260 Tunnnmu.

900 1276 1087 1303 Scenopnffl
1102 1274 1165 1302 feria
1177 1274 1343 1303 Judaeorum.
1358 1282 1378 1303 1.
1391 1280 1455 1303 717.
1472 1285 1498 1302 Β.
1509 1275 1605 1303 festum

863 1318 1106 1347 tabernaculorum.
1132 1325 1163 1346 V.
1182 1323 1248 1347 407.
1266 1329 1292 1346 n.
1309 1318 1379 1346 lluic
1398 1318 1479 1346 multi
1499 1319 1605 1346 assiste-

860 1363 925 1391 bant
939 1361 1097 1391 Christiani.
1112 1369 1132 1389 1.
1146 1366 1212 1390 717.
1228 1372 1251 1388 Β.
1273 1363 1310 1388 In
1332 1363 1508 1400 scenopegia
1523 1372 1604 1390 ςιιηι-

860 1418 923 1436 mus
943 1407 1078 1436 sacerdos
1092 1408 1123 1434 in
1137 1413 1240 1434 sancta
1262 1413 1429 1435 sanctorum
1454 1408 1596 1435 incl-abal.

862 1459 918 1480 Vll.
927 1456 992 1480 947.
1007 1462 1033 1479 (ἴ.

897 1495 1065 1524 Scfflsums
1088 1493 1166 1524 mala,
1181 1500 1238 1522 vu.
1254 1498 1319 1523 424.
1334 1505 1361 1523 ε.
1381 1494 1503 1523 Schisma
1517 1495 1603 1523 unita-

860 1547 910 1568 tem
924 1538 1022 1578 perdit.
1037 1545 1071 1567 Χ.
1090 1543 1134 1567 17.
1151 1550 1173 1566 n.
1189 1537 1339 1566 schismata
1365 1549 1487 1576 quaenam
1502 1539 1603 1568 Paulus

859 1590 934 1612 vocet
949 1583 977 1610 in
988 1582 1041 1620 Ep.
1055 1582 1088 1610 ad
1100 1581 1223 1610 Corinth.
1240 1589 1258 1610 Ι,
1275 1589 1309 1611 Χ.
1326 1587 1391 1611 283.
1413 1593 1439 1610 n.

897 1628 1018 1658 Schisma
1030 1627 1268 1656 Eustathianorum
1278 1651 1286 1663 ‚
1300 1628 1375 1666 quod
1388 1628 1468 1666 longo
1483 1635 1602 1668 tempore

859 1672 1007 1701 Antiochiae
1034 1678 1251 1710 perseveraverat
1264 1694 1271 1706 ‚
1298 1673 1384 1700 notari
1406 1673 1525 1701 videtur.
1552 1681 1599 1702 ΧΙ.

860 1722 922 1745 101.
938 1728 964 1746 A,
978 1727 1002 1743 B.
1014 1714 1084 1742 J‘Yde
1097 1715 1254 1750 Monstum,
1263 1716 1389 1754 itemque
1403 1717 1549 1745 Monicmn
1560 1718 1601 1745 ad

859 1760 972 1788 Homil.
999 1759 1044 1786 De
1064 1769 1123 1786 non
1138 1759 1288 1786 anathem.
1308 1766 1329 1787 1.
1345 1764 1409 1787 844.
1432 1764 1497 1788 845.
1522 1761 1599 1789 Schi-

857 1803 950 1831 smatis
979 1808 1116 1841 peccatum
1147 1811 1179 1830 ne
1204 1801 1311 1841 sanguis
1341 1802 1450 1840 quidem
1473 1805 1596 1843 martyrii

857 1847 945 1876 delere
958 1852 1050 1886 potest.
1074 1853 1119 1874 Xl.
1135 1850 1180 1875 99.
1197 1857 1225 1874 D.

894 1893 1016 1921 Senonr.
1031 1901 1114 1929 usque
1138 1891 1172 1918 ad
1195 1890 1334 1919 meridiem
1359 1902 1373 1919 a
1399 1892 1521 1930 puerulis
1542 1893 1594 1922 sre·

855 1936 1061 1974 quentabantur.
1080 1941 1125 1963 111.
1146 1940 1209 1963 131.
1227 1946 1250 1963 13.

895 1981 1029 2009 Scimus
1039 1979 1218 2012 destruetur,
1241 1979 1376 2017 quomodo
1392 1979 1422 2008 id
1445 1980 1597 2019 intelligen-

855 2024 932 2052 dum.
947 2031 967 2052 Ι.
980 2028 1045 2052 545.
1059 2030 1091 2052 x.
1106 2027 1171 2052 363.
1188 2033 1216 2052 A.
1232 2033 1284 2051 non
1298 2023 1331 2052 de
1342 2024 1496 2059 universali,
1508 2025 1554 2053 sed
1563 2025 1598 2054 de

856 2067 1011 2106 particulari
1024 2066 1144 2096 scientia.
1163 2073 1184 2095 Ι.
1198 2071 1261 2095 545.
1277 2067 1398 2096 Scientiae
1409 2075 1509 2106 partem
1520 2069 1597 2097 mini-

857 2121 927 2139 mam
950 2111 977 2139 in
993 2112 1043 2138 hac
1057 2110 1113 2138 vita
1129 2117 1257 2138 tenemuS.
1276 2117 1296 2138 l.
1311 2115 1375 2139 546.
1391 2122 1418 2139 n.
1432 2122 1459 2139 E.
1474 2112 1597 2141 scientiae

857 2154 1021 2193 imperfectio
1032 2153 1195 2189 destructur,
1208 2164 1259 2182 non
1272 2154 1390 2182 scientia·
1403 2162 1422 2182 1.
1442 2159 1507 2185 545.
1528 2160 1594 2187 546.

858 2198 891 2226 Et
903 2199 958 2226 haec
970 2198 1117 2226 destructio
1132 2204 1171 2225 cst
1183 2198 1408 2236 complementum
1421 2205 1447 2226 et
1465 2199 1492 2227 in
1509 2200 1597 2239 majus

856 2249 1038 2281 augmentum.
1067 2249 1087 2270 1.
1111 2246 1175 2270 546.
1202 2242 1326 2270 Scientiae
1350 2242 1439 2271 nimiae
1459 2244 1594 2282 cupiditas

857 2294 955 2325 quanta
969 2286 1038 2314 mala
1052 2286 1148 2324 pariat.
1168 2293 1188 2314 Ι.
1205 2290 1270 2317 547.
1286 2298 1311 2315 Λ,

896 2330 1010 2359 Scientia
1024 2330 1074 2357 Dei
1090 2328 1226 2368 quomodo
1238 2329 1372 2358 mirabilis
1383 2329 1461 2360 sacta,
1480 2338 1510 2360 v.
1528 2337 1592 2361 497,

856 2385 886 2403 D.
902 2384 926 2402 Ε.
944 2374 1013 2402 Vide
1024 2374 1078 2401 Dm
1095 2383 1250 2402 sirintvrn.

896 2418 1012 2447 scientia
1022 2417 1078 2445 sine
1088 2417 1196 2445 caritate
1207 2416 1326 2455 inutilis;
1338 2418 1433 2446 caritas
1444 2418 1500 2446 sine
1509 2419 1593 2448 scien-

857 2461 892 2491 tia
909 2461 992 2490 utilis.
1019 2468 1052 2490 x.
1072 2466 1134 2489 198.
1158 2471 1184 2489 E.
1201 2472 1227 2489 a.
1243 2461 1366 2489 Scientiae
1387 2461 1519 2490 indicium
1534 2469 1591 2499 est,

857 2505 926 2534 nolle
935 2505 1023 2534 omnia
1040 2504 1173 2544 profunda
1185 2515 1270 2533 nosse.
1287 2512 1331 2533 XI.
1344 2509 1410 2533 769.

895 2550 984 2579 Semi:
997 2549 1066 2579 male
1084 2550 1160 2588 pejus
1173 2555 1211 2578 est
1222 2571 1228 2584 ,
1241 2549 1399 2587 quambene
1412 2549 1543 2587 ignorare.
1559 2557 1592 2580 ΙΙ.

860 2598 923 2622 92'6.
943 2606 967 2620 s.
