1910 2907
1 407 119 438 .9.p.57S.

0 499 35 522 ,8.
46 498 119 527 p.6,c.

0 686 116 709 .2.p.197.

0 866 114 895 .4.p.185.

7 1193 115 1223 2.p.5r9.

0 1617 112 1642 ,t.p.109,

0 2116 111 2146 .¹.p.228.

0 2393 112 2424 ‚1.p.248.

449 201 521 231 QUAE
547 201 579 223 IN
608 201 771 224 OPElttBUS
798 198 1031 223 CHRYSOSTOMI
1058 198 1313 222 OBSERVANTUR.

129 263 239 292 amictos
258 262 285 291 in
300 262 410 292 ecclesia
425 263 548 292 circuire.
564 264 665 292 Caetera
679 274 737 302 quse
756 263 792 292 ad
807 263 869 291 dia-

129 320 209 338 conos
233 309 388 349 spectabant
409 320 474 338 mox
497 309 666 347 adferemus,
693 310 739 338 uhi
764 309 798 338 de
822 309 871 338 Li·-

129 356 227 393 turgia.

170 401 359 430 catechumeni
370 402 416 440 qui
428 402 565 442 Mysteriis
577 402 761 438 initiabantur,
772 402 798 430 in
810 413 871 441 my-

130 447 194 475 stica
215 448 368 487 precatione
390 448 445 477 haec
466 449 553 488 primo
572 449 653 477 verba
676 449 842 488 proferebant
862 461 868 477 ι

130 495 167 521 In
180 504 236 532 quo
247 495 420 528 clamamus,
436 495 528 523 Alaba
539 502 630 534 pater.
643 496 711 523 Cum
726 495 869 523 initiaban-

129 547 174 568 tur
186 547 286 576 autem,
304 540 360 568 haec
380 547 457 579 pacta
471 551 532 569 cum
548 540 730 569 sacerdotibus
746 541 848 569 inibant
863 553 869 568 :

128 586 233 615 Satanae
251 593 275 614 et
289 587 391 625 angelis
407 587 464 625 ejus
479 587 711 620 abrenuntiabunt,
727 588 870 625 promitte-

127 631 246 670 bantque
268 642 294 660 sc
315 632 349 660 ad
374 632 434 660 illos
457 643 604 670 numquam
628 643 683 661 esse
703 633 866 661 deflexuros.

128 676 298 716 Quapropter
309 677 433 706 mulieres
445 685 469 706 et
483 678 602 717 parvuli,
615 685 645 706 ut
664 685 755 706 contra
767 678 868 707 diaboli

127 723 239 752 insidias
258 723 286 751 in
301 730 359 751 tuto
373 731 470 761 essent,
488 725 626 763 evangelia
643 735 657 752 e
672 724 740 753 collo
755 735 869 763 suspen-

126 768 236 805 debant,
252 777 331 808 atque
345 771 379 798 ad
395 771 522 810 majorem
539 770 688 799 custodiam
705 770 805 808 ubique
816 770 872 798 cir-

127 816 318 845 cumferebant.

167 864 268 892 Recens
282 863 351 892 natis
365 863 456 902 pueris
465 863 499 892 ad
510 863 618 892 libitum
632 870 773 902 parentum
783 863 870 891 nomi-

127 920 161 938 na
178 909 407 948 imponebantur:
425 908 535 947 quidam
553 915 714 944 sanctorum,
734 909 781 937 alii
800 919 868 937 avo-

127 967 188 984 rum
207 963 233 984 et
253 965 416 994 proavorum
433 955 541 983 nomina
556 954 696 989 indebant,
718 955 761 983 vel
776 966 868 983 eorum

126 1002 173 1040 qui
189 1011 283 1040 genere
300 1001 365 1030 clari
381 1002 494 1030 fuerant.
515 1002 616 1030 Verum
635 1001 760 1029 hortatur
777 1002 869 1030 Antio-

126 1049 224 1077 chenos
234 1049 490 1088 Chrysostomus‚ut
499 1054 650 1076 sanctorum
662 1048 709 1085 qui
722 1048 869 1077 virtutibus

124 1095 257 1123 fulserunt
268 1095 331 1123 filiis
344 1094 451 1123 nomina
462 1094 594 1123 tribuant.
608 1094 681 1122 Illud
694 1105 758 1122 vero
770 1094 869 1122 factum

126 1140 339 1180 deprehenditur
352 1142 378 1168 in
397 1140 529 1169 Encomio
547 1140 575 1168 S.
590 1140 706 1174 Meletii‚
729 1147 869 1177 antequam

128 1187 179 1215 hoc
194 1187 335 1215 consilium
357 1186 478 1215 daretur.
493 1199 507 1213 (ι
522 1187 591 1215 Nam
610 1197 671 1214 cum
686 1197 747 1215 eum
770 1187 870 1224 (Mele-

129 1233 208 1269 tium)
221 1244 234 1261 a
249 1233 393 1272 principio,
407 1233 505 1271 inquit,
524 1233 550 1261 in
566 1233 703 1261 civitatem
720 1234 869 1271 ingressum

128 1278 304 1317 accepissetis,
327 1278 511 1316 unusquisque
533 1278 622 1306 fitium
642 1288 721 1306 suum
742 1280 799 1317 ejus
822 1290 871 1307 no-

128 1325 200 1353 mine
221 1324 386 1364 appellabat,
415 1335 462 1364 per
484 1324 691 1364 appellationem
713 1325 870 1354 existimans

126 1381 154 1399 se
167 1371 195 1399 in
209 1370 321 1399 domum
336 1381 412 1398 suam
427 1377 548 1399 sant-tum
566 1371 747 1407 introducere,
763 1372 870 1400 missis-

126 1427 178 1454 que
190 1416 323 1456 patribus,
345 1416 402 1445 avis
422 1423 448 1445 et
467 1418 586 1455 proavis,
604 1424 700 1445 matres
720 1417 789 1445 beati
808 1420 869 1446 Me-

125 1464 183 1492 letii
197 1474 293 1492 nomen
309 1463 482 1502 imponebant
495 1463 674 1501 liberis,quos
684 1471 869 1503 pepererant.»

165 1511 227 1539 Mos
239 1517 295 1538 erat
309 1510 467 1543 Antiochiae,
486 1517 515 1538 ut
529 1509 708 1538 adolescentes
725 1510 759 1538 ad
774 1521 870 1539 mona-

125 1556 205 1584 steria
220 1556 397 1591 mitterentur,
410 1562 440 1583 ut
455 1556 492 1583 ibi
506 1566 552 1595 per
567 1555 703 1593 quoddam
717 1563 823 1595 tempus
834 1557 869 1586 ad

125 1613 212 1630 mores
234 1601 416 1630 informandos
439 1601 576 1640 degerent.
598 1602 659 1637 Qua
677 1602 710 1630 de
737 1613 763 1631 re
778 1603 869 1643 Chry-

126 1655 257 1676 sostomus
276 1659 282 1674 :
303 1660 317 1675 «
339 1648 411 1686 Ergo
434 1658 480 1676 nec
504 1648 576 1677 filios
600 1655 705 1677 nostros
732 1660 745 1677 a
771 1649 868 1677 deserti

126 1694 332 1722 commoratione
351 1701 412 1722 ante
433 1701 537 1733 tempus
561 1694 749 1730 abducamus3
768 1695 814 1724 sed
833 1695 868 1723 si-

125 1751 220 1769 namus
233 1740 390 1779 disciplinas
411 1741 493 1769 altius
509 1741 640 1780 imprimi,
652 1748 676 1769 et
701 1742 804 1781 plantas
826 1753 868 1770 ra-

125 1786 231 1815 dicibus
245 1786 357 1815 firmari.
374 1786 488 1815 Etiamsi
529 1787 632 1823 decem,
654 1787 759 1816 etiamsi
773 1788 865 1826 vigin—

125 1833 146 1862 ti
168 1843 250 1861 annos
276 1833 303 1860 in
328 1833 487 1861 monasterio
508 1833 544 1861 ali
565 1840 697 1872 oporteat,
717 1844 749 1862 nc
773 1835 864 1862 turbe-

125 1889 196 1913 mur,
214 1889 262 1907 nec
282 1889 396 1906 moerore
414 1879 583 1914 afficiamur3
607 1886 705 1917 quanto
722 1879 792 1908 enim
805 1881 865 1908 diu-

125 1925 178 1953 tius
192 1925 218 1953 in
232 1924 371 1963 gymnasio
386 1925 585 1962 exercitabitur,
598 1932 670 1954 tanto
683 1926 796 1965 majores
807 1926 862 1955 adi-

124 1977 241 2010 piscetur
255 1981 335 1999 vues.
349 1982 363 1997 n

163 2016 248 2045 Erant
260 2015 307 2044 illo
320 2026 379 2044 aevo
393 2015 510 2054 virgines
521 2016 680 2045 Christianae
692 2016 792 2052 multae,
805 2028 864 2055 quae

123 2072 171 2101 per
185 2069 266 2091 totam
281 2062 362 2091 vitam
375 2073 389 2089 a
404 2062 505 2101 nuptiis
520 2063 692 2099 abstinerent,
707 2073 736 2091 ac
751 2062 864 2101 virgini-

123 2113 204 2137 tatem
223 2115 379 2147 perpetuam
405 2108 603 2146 profiterentur.
633 2109 865 2148 Constantinopoli

123 2164 187 2182 vero
208 2154 319 2192 quidam
340 2154 458 2192 virgines
480 2155 622 2183 nonnullas
641 2165 731 2184 secum
754 2155 865 2184 induce-

123 2199 188 2228 bant
202 2200 322 2236 domum,
335 2200 421 2239 specie
436 2200 557 2238 quidem,
576 2207 606 2229 ut
625 2212 672 2229 ceu
692 2202 785 2229 fratres
804 2212 865 2229 cum

124 2246 261 2274 sororibus
283 2253 352 2275 caste
375 2246 513 2283 viverent3
536 2246 581 2275 sed
605 2258 639 2276 ex
663 2247 710 2275 tali
734 2247 866 2275 consortio

124 2298 224 2329 quanta
238 2298 393 2330 parerentur
405 2292 484 2327 mala,
506 2292 579 2321 haud
593 2293 705 2322 difficile
721 2299 760 2321 est
774 2302 864 2330 augu-

124 2337 248 2366 rari.Has
262 2347 324 2365 vero
338 2337 457 2376 virgines
471 2339 667 2375 συνεισάκτους,
680 2338 865 2366 subintrodu-

125 2390 195 2419 ctas,
208 2383 253 2411 vel
267 2383 347 2411 simul
365 2383 487 2412 inductas
502 2384 684 2423 appellabant.
702 2383 786 2411 Erant
801 2383 863 2411 item

124 2430 182 2459 aliae
201 2429 318 2468 virgines
339 2429 435 2468 opibus
458 2430 602 2468 pollentes,
623 2439 689 2467 quas
712 2428 863 2464 κανονικάς,

126 2476 283 2515 regulares,
299 2475 438 2504 vocabant.
455 2476 503 2504 Hae
521 2476 607 2504 cultui
634 2475 752 2515 corporis
766 2475 863 2503 admo-

124 2521 190 2550 dum
212 2521 367 2557 studebant,
386 2527 411 2550 et
438 2521 511 2550 viros
532 2521 696 2550 inducebant
722 2528 751 2549 ut
775 2531 863 2549 secum

125 2567 198 2596 domi
210 2574 355 2596 manerent.
370 2568 468 2596 Contra
483 2574 538 2596 tam
552 2567 688 2596 exitialem
700 2574 798 2607 pestem
815 2578 864 2607 pro

126 2624 198 2643 more
212 2624 260 2643 suo
275 2613 405 2642 declamat
420 2613 635 2653 Chrysostomus.

1597 198 1667 232 2¹9

964 264 1003 291 De
1020 261 1125 291 funebri
1148 261 1232 296 luctu,
1253 261 1342 299 qualis
1361 270 1409 289 suo
1428 266 1546 299 tempore
1567 259 1594 287 in
1615 270 1665 287 usu

922 315 987 345 erat,
1002 309 1059 338 haec
1072 308 1116 337 ille
1132 308 1212 336 refert
1225 319 1231 335 z
1248 320 1262 334 α
1272 308 1325 336 Νο5
1337 306 1382 345 qui
1393 307 1449 346 jam
1462 306 1512 334 sub
1528 305 1611 343 gratia
1622 315 1665 333 su·
1677 313 1815 342 T.(3.p.306.

923 365 991 389 mus,
1012 355 1062 383 sub
1082 360 1151 382 certa
1172 364 1217 392 spe
1236 352 1446 388 resurrectionis,
1461 351 1560 390 quibus
1578 351 1665 379 omnis
1677 346 1718 367 ‘³⁰¹-
1732 352 1752 367 ἳ-
1765 346 1815 367 ι’·ς·

922 403 1031 431 tristitia
1050 401 1229 435 interdicitur,
1247 412 1297 438 qua
1318 403 1405 429 fronte
1428 406 1548 427 mortuos
1563 405 1666 427 nostros

923 449 1063 487 gentilium
1080 459 1153 476 more
1173 447 1342 486 plangimus,
1357 446 1476 474 ululatus
1495 445 1601 473 insanos
1623 450 1666 472 at-

922 496 1053 529 tollimus,
1069 495 1153 523 veluti
1170 495 1223 522 alio
1237 504 1331 531 genere
1341 492 1513 527 bacchantes,
1527 490 1666 519 conscissis

923 541 1020 569 tunicis
1040 548 1145 580 pectora
1160 540 1305 576 nudamus,
1322 538 1404 567 verba
1420 537 1508 566 inania
1527 544 1552 565 et
1567 537 1666 565 naenias

921 588 993 615 circa
1025 598 1123 626 corpus
1150 594 1174 614 et
1200 586 1337 614 tumulum
1359 584 1478 613 defuncti
1506 582 1664 612 cantamus?

922 635 1060 662 Postremo
1079 634 1157 662 etiam
1171 644 1222 671 qua
1239 632 1340 660 ratione
1358 638 1442 659 vestes
1457 631 1547 669 nigras
1561 629 1666 668 tingui-

922 690 982 708 mus
999 679 1081 718 (sic),
1102 678 1154 707 nisi
1174 685 1203 706 ut
1222 688 1269 706 nos
1284 688 1346 706 vere
1360 676 1481 705 infideles
1502 683 1527 704 et
1542 679 1665 713 miseros,

922 735 974 753 non
989 732 1093 753 tantum
1108 724 1226 758 fletibus,
1245 723 1288 751 sed
1305 723 1384 751 etiam
1399 722 1518 751 vestibus
1533 722 1668 760 approbe-

921 771 1002 799 mus?
1016 783 1030 797 n
1050 771 1135 799 Nemo
1148 777 1212 798 tunc
1226 769 1349 808 sepulcra
1362 769 1387 796 in
1404 768 1518 796 urbibus
1530 775 1667 796 construe-

920 816 976 847 bat.
999 817 1053 852 Qui
1076 827 1133 845 mos
1152 816 1187 844 ab
1203 814 1321 852 antiquis
1336 821 1457 842 manarat
1477 821 1531 842 tam
1550 814 1664 851 Graecis,
1678 826 1722 855 T·7
1736 831 1819 856 p7¹„

922 874 1003 902 quam
1018 863 1157 897 Romanis,
1172 870 1201 891 ut
1215 861 1336 891 vidimus
1351 862 1378 890 in
1394 861 1558 899 Antiquitate
1571 861 1698 900 expia-⁵¹·
1711 859 1734 879 ¹³·

921 917 982 938 nata
995 911 1030 939 T.
1043 911 1081 943 V,
1095 920 1122 948 p.
1134 909 1174 937 18
1191 915 1216 937 et
1229 909 1276 937 19.
1294 907 1526 946 Constantinopoli
1538 917 1601 935 vero
1613 907 1668 935 Im-

921 963 1064 995 peratores,
1076 955 1120 994 qui
1137 955 1163 983 in
1176 954 1285 983 ecclesia
1300 954 1349 983 SS.
1368 953 1557 992 Apostolorum
1570 959 1667 981 tumu-

922 1001 1057 1037 labantur,
1068 1011 1120 1029 non
1131 1011 1215 1039 prope
1228 999 1379 1038 Apostolos,
1391 998 1436 1027 sed
1450 998 1515 1026 foris
1524 998 1558 1026 ad
1569 998 1626 1037 ipsa
1637 998 1669 1026 li·
1678 1008 1706 1029 T.
1714 1015 1721 1030 ι
1729 1009 1817 1039 .p.570.

922 1048 994 1076 mina
1007 1053 1170 1086 optaverunt
1179 1056 1290 1084 corpora
1303 1056 1349 1073 sua
1362 1044 1464 1084 speliri,
1474 1051 1552 1082 atque
1565 1045 1600 1072 ita
1611 1055 1669 1083 per·
1680 1041 1703 1061 ὃ·

922 1093 961 1131 git
979 1093 1197 1132 Chrysostomus,
1216 1093 1392 1131 Imperatores
1410 1090 1572 1130 piscatorum
1587 1091 1668 1118 ostia-

923 1139 956 1168 rii
976 1139 1036 1167 faeti
1050 1145 1122 1167 sunt.

961 1186 1107 1219 Λιτανεῖαι,
1128 1184 1251 1217 litaniae,
1270 1188 1456 1210 memorantur
1472 1193 1486 1210 a
1503 1182 1668 1221 Chrysosto-

911 1242 965 1261 ·1no
987 1232 1014 1260 in
1029 1232 1166 1265 concione,
1182 1240 1263 1268 quam
1287 1229 1516 1268 Constantinopoli
1532 1229 1626 1258 habuit
1641 1229 1667 1257 in

921 1278 965 1306 die
982 1277 1119 1306 paschatis
1139 1288 1207 1305 anno
1222 1277 1289 1311 599,
1312 1276 1390 1314 cujus
1409 1275 1498 1303 locum
1518 1282 1603 1305 totum
1624 1275 1819 1318 ¹¹icT-6·P·²53-

921 1323 1088 1352 afferendum
1103 1330 1229 1362 putamus
1242 1333 1247 1348 z
1262 1334 1275 1348 ιι
1292 1324 1358 1349 Ante
1369 1328 1421 1349 tres
1434 1320 1499 1355 dies,
1516 1321 1668 1359 irrumpen-
1679 1319 1702 1340 ¹³·

922 1377 947 1398 te
960 1370 1065 1409 pluvia,
1082 1375 1161 1406 atque
1177 1368 1266 1396 omnia
1281 1377 1371 1395 secum
1387 1366 1514 1400 trahente,
1528 1373 1551 1394 et
1568 1367 1602 1394 ab
1613 1377 1667 1403 ore,

921 1424 950 1445 ut
967 1417 1002 1445 ita
1023 1416 1123 1448 dicam,
1142 1414 1320 1453 agricolarum
1341 1423 1459 1441 mensam
1475 1412 1601 1451 rapiente,
1619 1424 1668 1441 co-

922 1469 1006 1491 matas
1022 1462 1109 1501 spicas
1127 1461 1277 1499 dejiciente,
1293 1467 1437 1496 caeteraque
1452 1459 1540 1486 omnia
1557 1470 1603 1496 per
1616 1459 1668 1486 hu-

921 1507 1002 1536 midae
1018 1508 1134 1536 materiae
1151 1507 1255 1546 copiam
1271 1505 1435 1539 devastante,
1453 1504 1552 1532 litaniae
1565 1511 1590 1532 et
1604 1516 1667 1544 sup-

921 1554 1076 1592 plicationes
1090 1554 1175 1584 fuere,
1192 1559 1299 1589 totaque
1311 1551 1404 1579 civitas
1418 1557 1508 1578 nostra
1524 1551 1599 1587 quasi
1614 1557 1667 1579 tor-

920 1609 979 1627 rens
1000 1599 1035 1627 ad
1055 1599 1112 1627 loca
1141 1597 1329 1637 Apostolorum
1355 1596 1489 1631 currebat,
1508 1596 1666 1625 advocatos-

919 1656 972 1683 que
984 1645 1196 1684 implorabamus
1208 1651 1328 1671 sanctum
1340 1644 1449 1671 Petrum
1462 1650 1486 1671 et
1499 1643 1606 1671 beatum
1619 1646 1667 1671 An-

920 1691 1023 1727 dream,
1047 1692 1110 1720 item
1133 1702 1180 1730 par
1199 1689 1267 1718 illud
1290 1689 1482 1728 apostolorum,
1504 1689 1617 1717 Paulum
1642 1697 1667 1717 et

917 1738 1100 1767 Timotheum.
1123 1750 1137 1764 n
1172 1737 1222 1764 Hic
1252 1736 1350 1764 litanise
1379 1735 1573 1774 processionem
1603 1746 1664 1763 cum

918 1791 997 1812 cantu
1013 1784 1085 1812 haud
1101 1783 1183 1812 dubie
1198 1782 1360 1821 significant,
1375 1792 1427 1819 qua
1443 1781 1560 1820 populus
1577 1781 1666 1820 Chry-

916 1838 1032 1859 sostomo
1050 1837 1154 1869 pastore
1168 1836 1193 1857 et
1207 1829 1275 1857 duce
1290 1827 1325 1856 ad
1340 1827 1462 1855 ccclesias
1484 1827 1645 1866 properabat
1659 1839 1665 1854 :

915 1886 973 1914 quae
984 1877 1123 1911 λιτανεῖαι,
1138 1875 1211 1904 λιταί
1226 1875 1305 1902 etiam
1323 1873 1388 1902 alibi
1401 1880 1539 1901 vocantur.

956 1923 1075 1951 Lectoris
1090 1933 1154 1951 vero
1168 1921 1288 1949 officium
1302 1920 1340 1948 sic
1354 1920 1399 1948 ille
1414 1919 1543 1948 describit
1561 1919 1587 1947 in
1606 1919 1662 1947 Ho-
1676 1933 1818 1963 szhptffl·

915 1968 990 1997 milia
1013 1975 1107 1996 octava
1131 1968 1157 1995 in
1180 1965 1314 2005 Epist.ad
1332 1965 1458 1993 Hebraeos
1473 1965 1664 1993 Constantino-
1677 1965 1699 1986 ¹³·

914 2015 970 2053 poli
984 2014 1074 2042 habita
1087 2025 1093 2042 :
1111 2026 1124 2040 «
1142 2013 1222 2050 Atqui
1236 2011 1349 2050 singulis
1362 2010 1536 2039 hebdomadis
1549 2011 1605 2039 haec
1615 2022 1661 2040 vo-

915 2060 957 2088 bis
969 2060 1012 2088 vel
1032 2067 1070 2088 ter
1086 2059 1212 2097 leguntur
1230 2070 1237 2087 ε
1257 2065 1282 2086 et
1298 2068 1357 2085 cum
1375 2057 1465 2090 lector,
1481 2057 1661 2094 ἀναγνώστης,
1674 2073 1711 2092 153

915 2105 1072 2139 ascenderit,
1088 2105 1154 2133 dicit
1172 2104 1290 2144 primum
1311 2104 1388 2142 cujus
1408 2103 1442 2131 sit
1462 2103 1541 2140 liber,
1565 2115 1661 2143 nempe

915 2151 995 2190 hujus
1012 2152 1053 2180 vel
1068 2151 1142 2178 illius
1158 2150 1304 2189 prophetae,
1321 2156 1367 2177 aut
1380 2149 1506 2188 apostoli,
1520 2156 1566 2177 aut
1579 2160 1661 2178 evan·

916 2198 1014 2235 gelistae
1038 2208 1044 2224 ε
1070 2204 1134 2225 tunc
1159 2196 1205 2224 illa
1230 2196 1315 2231 dicit,
1338 2202 1367 2223 ut
1388 2206 1417 2223 ea
1441 2195 1518 2224 vobis
1543 2195 1658 2224 clariora

915 2243 978 2276 sint,
998 2249 1022 2270 et
1037 2252 1088 2270 non
1103 2242 1190 2270 solum
1206 2241 1294 2270 sciatis
1311 2252 1370 2279 quae
1385 2241 1442 2269 illic
1457 2241 1507 2269 sita
1523 2248 1593 2277 sunt,
1613 2241 1660 2269 sed

916 2295 941 2316 et
954 2298 1062 2317 causam
1076 2298 1167 2316 eorum
1183 2298 1241 2326 quae
1257 2287 1355 2327 scripta
1368 2294 1440 2323 sunt,
1451 2294 1477 2316 et
1492 2288 1615 2326 quisnam
1629 2298 1658 2316 ea

917 2334 1028 2363 dixerit.
1042 2347 1057 2361 >v

1220 2427 1361 2466 liturgia.

960 2520 1111 2560 Liturgiam
1137 2520 1247 2550 nomine
1274 2519 1460 2560 chrysostomi
1484 2518 1607 2547 dedimus
1632 2518 1660 2547 in

919 2568 970 2596 line
987 2566 1138 2596 duodecimi
1153 2566 1227 2602 tomi,
1243 2566 1329 2605 qualis
1339 2565 1388 2594 diu
1402 2571 1462 2604 post
1475 2564 1660 2603 Chrysostomi

919 2624 1006 2643 aevum
1022 2613 1048 2642 in
1065 2624 1113 2642 usu
1131 2613 1200 2650 fuit,
1222 2612 1247 2641 in
1267 2623 1331 2651 qua,
1353 2619 1380 2640 ut
1402 2611 1503 2641 notavit
1521 2610 1639 2640 Savilius
1651 2632 1660 2646 ,
