1884 2922
239 190 306 234 248

274 262 392 290 liminis
409 270 528 299 magusa
548 259 634 288 Paulo
655 263 802 287 excaecatus
823 257 921 286 mansit
946 258 972 286 in

235 306 352 334 csecitate
365 305 456 333 animi.
474 312 519 333 ttt.
539 308 601 333 153.
620 313 642 330 n.
656 312 683 331 c.
702 312 728 330 υ.

278 351 450 378 ΕΜΕΝΒΧΊΙΟ
472 357 577 375 mortun
601 356 654 383 qllO
675 351 751 383 paeto
775 343 894 372 Curanda
929 344 971 372 Sit-

238 400 249 421 t
262 400 291 421 11.
309 397 368 421 184.
387 403 414 420 E.
432 402 458 418 A.
479 402 503 418 n.
528 390 563 417 ab
591 388 702 417 historia
717 387 844 416 discenda
873 394 920 416 est.
939 394 970 416 Υ.

235 442 259 465 2.
278 448 302 464 ii.

275 480 470 508 Emmfflcems
482 477 588 505 nominc
598 487 646 505 cur
662 475 776 504 noluerit
791 474 914 503 Christus
926 484 973 502 vo-

233 523 286 551 cari
311 522 382 561 apud
403 521 519 551 Judaeos.
552 528 609 549 Vll.
635 525 681 550 86.
707 529 732 549 c.
758 524 803 547 87.
831 518 973 557 Pcrpcram

233 566 302 594 illud
324 566 533 604 interpretantur
552 563 659 600 Judtei5
682 563 730 602 qui
744 562 911 591 refelluntur.
929 569 972 591 VI.

236 616 279 638 1&
299 621 326 639 L

272 654 374 682 Eiuron
401 663 453 682 non
486 661 578 691 cogere
591 673 599 689 ,
621 650 668 679 scd
701 649 858 689 persuadere
881 648 971 678 debet.

236 705 290 727 vlt.
307 702 371 726 923.

273 741 413 770 Etim-:wia
426 750 538 779 magnus
550 738 606 767 dles
621 739 702 767 festus
714 745 738 767 et
752 737 886 767 solemnis.
898 744 968 766 ΠΗ.

232 790 298 814 414.
315 796 342 813 e.
358 784 529 823 quandonam
542 783 687 811 institutus.
701 783 743 810 lb.

272 829 314 858 EN
321 839 453 857 cafirtrxs
467 828 523 856 fore
535 826 656 867 praedicit
669 826 777 854 Paulus.
791 832 836 853 XI.
852 829 930 858 008..
945 836 971 853 A·

270 873 517 901 Ennemzcntsmus
539 877 577 900 est
591 870 779 909 quotidianum
799 868 971 897 sacrificium.

233 924 254 945 1.
271 921 335 945 782.
355 926 381 944 Ε.

272 961 547 990 ENERGIJMENORUM
563 967 640 986 causa
657 967 747 995 preces
762 956 787 984 in
800 955 921 984 ccclesia.
935 962 968 984 Χ.

233 1009 298 1033 670.
314 1016 338 1033 c.
353 1003 497 1038 Quomodo
510 1002 536 1030 in
547 1001 683 1030 ecclesiam
695 999 814 1030 adducti.
829 1007 848 1030 Ι,
863 1003 928 1029 575.
942 1009 970 1027 n.

231 1050 261 1077 In
273 1058 302 1076 ea
313 1047 447 1086 quomodo
462 1047 577 1079 stabant,
586 1045 696 1084 jubente
707 1044 827 1072 diacono.
839 1051 860 1072 1.
874 1047 936 1071 576.
947 1053 971 1071 E.

232 1092 353 1121 Precatio
368 1102 416 1131 pro
430 1089 624 1129 energumenis.
642 1096 700 1118 Vll.
714 1093 779 1117 789.
797 1098 821 1115 E.
835 1088 888 1115 Pro
898 1097 971 1115 ener-

232 1136 354 1175 gumenis
369 1137 454 1164 Deum
470 1144 564 1172 rogare
575 1133 712 1172 jubemur.
733 1139 753 1162 l.
774 1136 838 1160 573.
856 1141 880 1158 r..

273 1180 374 1208 Emffl
390 1190 438 1208 cur
462 1177 607 1207 translatus
620 1176 709 1204 suerit.
730 1182 774 1204 1V.
800 1178 862 1203 260.
878 1183 905 1201 c.
929 1172 972 1201 Ob

232 1224 367 1262 pietatem.
382 1230 425 1252 tv.
439 1227 502 1251 220.
519 1233 542 1250 B.
558 1220 618 1255 Quo
635 1230 695 1248 eum
710 1219 783 1247 Deus
794 1216 970 1251 transtulerit,

232 1278 284 1296 non
300 1277 441 1306 possumus
455 1266 533 1295 scire.
550 1266 595 1292 ΙΙ).
611 1264 679 1302 Ejus
692 1262 831 1291 translatio
846 1261 932 1300 figura
948 1267 973 1289 et

232 1318 420 1349 argumentum
435 1307 644 1339 resurrectionis.
663 1313 696 1337 V.
715 1311 780 1335 387.
794 1316 821 1334 c.

268 1354 344 1384 Enos
359 1354 431 1383 filius
447 1352 511 1382 Seth
526 1351 662 1380 laudatur.
679 1354 833 1379 1V.218.n.
849 1348 973 1388 Speravit

231 1398 356 1427 invocare
371 1407 466 1426 nomen
480 1394 601 1423 Domini.
622 1401 668 1422 IV.
685 1398 750 1422 209.
769 1403 795 1422 E.

271 1442 471 1472 Euri-ruam
492 1449 540 1478 pro
562 1437 726 1476 supplicare
747 1442 859 1475 usurpat
876 1435 968 1475 Chry-

232 1491 374 1514 sostomus.
390 1489 421 1511 v.
436 1488 481 1512 11.
496 1493 521 1510 n.
545 1482 615 1509 ltde
628 1487 736 1510 nocam.

274 1528 437 1557 EPAENETcs
459 1525 542 1554 Paulo
556 1524 670 1553 dilectus
686 1523 821 1552 laudatur.
835 1530 882 1552 ΙΧ.
902 1527 966 1552 820.

234 1583 263 1601 Ε.
277 1577 341 1600 821.
358 1572 462 1606 Quanta
479 1568 556 1597 laude
573 1567 677 1596 dicatur
691 1568 725 1596 ob
737 1567 856 1606 apostolo
870 1566 969 1606 primi-

233 1617 276 1644 tiae
290 1615 408 1644 Achaiae.
425 1620 470 1642 lx.
482 1617 544 1640 821.
560 1622 585 1639 Λ.
600 1623 623 1640 13.
638 1615 701 1639 822.

274 1660 488 1688 EP.xM1NONnxs
506 1655 616 1684 divitias
634 1654 782 1683 contemsit.
807 1661 828 1682 1.
852 1658 916 1682 423.
943 1664 956 1680 B

233 1701 426 1742 Epaminonda:
443 1700 530 1728 virtus
542 1705 566 1727 et
580 1705 723 1737 paupertas
735 1698 831 1726 docent
847 1703 972 1736 praestan-

233 1746 326 1774 tiorem
341 1744 489 1773 claritatem
509 1753 544 1770 ex
559 1742 659 1771 virtute
672 1751 821 1769 accrescere
839 1751 920 1778 quam
937 1750 971 1768 ex

233 1790 340 1829 opibus.
360 1797 380 1819 l.
395 1794 440 1817 81.
460 1798 485 1815 c.

274 1834 403 1862 Emmscs
414 1854 421 1868 ‚
437 1832 507 1860 Asiae
531 1829 686 1868 metropolis
699 1851 707 1863 ,
725 1828 845 1857 dedicata
864 1829 968 1857 Dianae.

235 1885 281 1906 tx.
292 1882 355 1905 355.
370 1883 416 1905 XI.
430 1881 456 1903 1.
472 1886 497 1902 Α.
512 1875 543 1903 In
557 1884 585 1902 ea
596 1873 708 1912 plurimi
722 1872 876 1911 philosophi
888 1872 971 1908 fuere,

234 1929 259 1949 et
282 1920 371 1949 adhuc
392 1925 466 1948 erant
488 1925 606 1956 tempore
624 1916 819 1955 chrysostomi.
835 1923 882 1945 XI.
902 1920 928 1943 2.
945 1926 970 1943 Β.

274 1965 317 1993 Ad
333 1963 463 2003 Ephesios
484 1972 498 1990 a
523 1960 607 1989 Paulo
632 1960 731 1999 scripta
758 1959 880 1998 Epistola
911 1959 973 1987 altis

234 2008 355 2036 sensibus
370 2007 449 2046 plena
472 2012 519 2033 cst.
538 2012 583 2033 xl.
602 2009 629 2033 2.
653 2014 677 2032 Λ.
695 2015 720 2031 13.
738 2003 867 2042 Ephesii,
892 2003 972 2032 ctiam

236 2052 365 2080 uxoribus
386 2050 489 2090 juncti,
514 2048 597 2077 sancti
617 2054 746 2077 vocantur
764 2058 778 2075 a
801 2047 894 2075 Paulo.
924 2054 969 2076 ΧΙ.

237 2100 262 2123 3.
281 2107 308 2124 n.
329 2107 354 2124 F..

275 2142 304 2169 S.
322 2141 471 2175 Eranam,
486 2139 535 2166 vir
549 2139 661 2175 iugem,
677 2135 856 2175 afflictorum
871 2145 972 2163 conso-

237 2185 318 2217 latio,
337 2190 384 2211 etc.
400 2189 470 2211 5'111.
487 2187 551 2210 710.
570 2191 596 2208 c.

277 2227 408 2255 tii—unum
425 2232 449 2254 ct
464 2226 599 2253 Manasses
613 2222 744 2262 adoptati.
763 2230 809 2251 tv.
825 2228 890 2251 731.
907 2234 930 2250 n.

277 2272 407 2299 liwir-,xri
421 2269 520 2297 tribum
532 2267 604 2297 Juda
617 2266 682 2295 dicit
696 2267 803 2305 psaltes
820 2274 852 2295 V.
866 2271 930 2294 452.
945 2278 970 2293 B.

278 2315 453 2347 Emmaus,
470 2322 580 2350 corpore
601 2321 710 2339 mancus
723 2332 730 2347 ‚
748 2317 902 2349 paupertate
916 2311 974 2339 lrus

238 2365 263 2385 et
289 2357 388 2385 amicus
411 2356 620 2392 immortalium,
648 2365 693 2393 per
718 2354 844 2392 adagium
862 2354 971 2382 dicitur.

240 2408 285 2429 tx.
306 2406 367 2429 127.
382 2412 408 2428 (J.

280 2445 418 2473 Efficunts
443 2450 467 2471 et
483 2443 558 2472 Plato
581 2453 758 2481 quaecumquc
774 2442 808 2470 de
833 2443 888 2471 Deo
914 2449 975 2470 sunt

241 2488 438 2526 philosophati,
454 2487 582 2515 doctrinae
597 2486 710 2525 apostoli
725 2492 876 2525 comparata
898 2496 975 2525 nugae

241 2538 311 2559 sunt.
330 2539 375 2559 lx.
389 2535 450 2558 321.
467 2541 491 2558 c.

280 2575 489 2603 Exuet-monum
502 2573 633 2603 doctrina,
648 2581 693 2603 tx.
709 2578 772 2602 320.
789 2583 815 2601 Γ..
831 2573 975 2613 Epicureos

866 197 968 220 INDEX
997 197 1124 220 RERUM.

1026 258 1174 288 confutavit
1186 258 1294 288 Paulus.
1307 266 1328 288 1.
1344 263 1408 289 504.
1423 270 1452 289 n.
1466 261 1674 299 Epicureorum
1684 272 1764 291 error

1028 303 1140 331 atheus.
1160 309 1229 331 viu.
1245 307 1310 333 894.
1328 313 1357 331 n.

1068 345 1245 374 limmamnrs
1270 345 1403 374 Cretensis
1417 353 1482 375 crat.
1500 354 1546 376 xl.
1563 352 1626 376 806.
1648 360 1673 376 Λ.
1699 348 1767 387 Epi-

1028 389 1145 418 menides
1161 401 1212 418 non
1229 397 1303 428 poeta
1318 397 1385 425 erat,
1400 391 1446 419 sed
1461 391 1655 429 χρησμολόγος.
1670 394 1714 420 Ib.
1732 394 1764 420 ιίι

1028 439 1106 460 nota.
1134 433 1308 472 Epimenides
1328 443 1434 462 versum
1457 441 1546 462 contra
1569 438 1707 464 Cretenses
1731 446 1766 464 cx

1026 475 1141 504 Hesiodo
1152 484 1189 505 cst
1201 484 1351 513 mutuatus,
1365 476 1458 506 addito
1469 478 1636 506 Cretensium
1649 479 1764 507 nomine.

1026 521 1114 548 1ὺ.ῑιι
1131 527 1209 548 nota.

1067 563 1232 600 Empulum,
1243 563 1270 592 id
1281 570 1330 599 est,
1345 564 1478 603 apparitio
1494 575 1500 592 ε
1514 565 1596 603 hujus
1608 565 1667 594 sesti
1682 575 1764 603 argu-

1026 615 1147 636 mentum
1171 615 1195 636 et
1219 607 1523 646 occasioneurexplicat
1541 608 1760 647 Chrysostomus.

1027 658 1060 679 ΙΙ.
1078 655 1143 679 435.
1158 663 1185 680 B.
1209 651 1348 690 Apparitio
1368 650 1471 690 duplex
1486 673 1493 687 ,
1516 651 1564 680 ista
1579 662 1696 691 praesens
1712 663 1763 690 qua

1026 694 1149 723 Christus
1165 695 1308 734 apparuit,
1327 701 1351 723 et
1372 695 1473 723 futura.
1501 695 1544 723 Ib.
1559 706 1585 723 c.
1603 694 1763 735 Ἐπιφάνεια

1025 737 1125 766 dicitur
1146 739 1276 767 adventus
1295 738 1421 774 Domini,
1437 738 1500 776 quia
1517 739 1632 778 desuper
1655 746 1764 778 apparet

1025 788 1050 809 et
1065 782 1160 810 eritur.
1180 789 1226 810 Xt.
1250 786 1315 810 777.
1339 792 1366 809 o.
1399 781 1551 820 Epiphania
1566 793 1614 810 cur
1634 792 1685 810 non
1708 782 1765 811 dics

1026 831 1115 860 ortus,
1132 825 1177 853 scd
1191 825 1248 853 dies
1259 824 1399 864 baptismi.
1418 831 1450 853 11.
1470 830 1534 853 436.
1553 836 1580 853 ι).
1597 825 1762 865 Epiphania,

1025 879 1070 897 seu
1086 869 1274 908 Theophania,
1291 880 1304 897 a
1318 869 1417 897 Christi
1440 869 1520 897 natali
1536 869 1667 908 originem
1690 869 1765 899 ducit

1026 919 1054 941 ut
1065 920 1164 941 caeterae
1173 913 1229 951 ejus
1242 913 1432 952 mysteriorum
1445 913 1610 942 festivitates.
1625 920 1646 942 1.
1661 918 1724 944 608.
1737 924 1762 943 c.

1026 956 1196 996 Epiphaniae,
1213 968 1257 985 seu
1274 956 1491 995 Epiphaniorum
1506 956 1562 985 dies
1575 979 1581 993 ,
1599 964 1691 996 portas
1706 957 1765 986 caeli

1026 1001 1163 1029 reseravit.
1182 1008 1214 1029 11.
1230 1005 1293 1029 628.
1308 1012 1334 1027 Α.
1352 1000 1567 1039 Epiphaniorum
1582 1023 1590 1036 ‚
1613 1011 1659 1029 seu
1678 1001 1766 1030 Theo-

1025 1044 1185 1083 phaniorum
1200 1067 1208 1081 ‚
1233 1043 1290 1073 dies
1304 1043 1414 1082 quinam
1434 1044 1479 1071 sit.
1508 1050 1551 1072 xt.
1576 1048 1621 1072 25.
1639 1055 1666 1074 c,
1694 1045 1767 1073 Vide

1026 1094 1135 1116 notam.
1152 1087 1367 1127 Epiphaniorum
1379 1094 1403 1115 et
1415 1086 1634 1126 Quadragesimae
1647 1098 1661 1116 a
1676 1087 1764 1116 fideli-

1024 1131 1075 1160 bus
1088 1142 1139 1160 non
1154 1131 1333 1170 exspectanda
1347 1138 1465 1170 tempora
1475 1153 1481 1165 ‚
1498 1138 1527 1159 ut
1538 1139 1764 1160 sacramentorum

1026 1174 1127 1202 Christi
1142 1175 1207 1203 fiant
1221 1175 1373 1213 participes.
1389 1181 1434 1202 XI.
1453 1179 1497 1202 25.
1515 1185 1539 1202 Β.
1555 1185 1580 1202 c.
1595 1175 1762 1214 Epiphania,

1027 1218 1113 1256 prima
1127 1218 1266 1246 festivitas.
1285 1225 1318 1246 11.
1338 1221 1402 1248 542,
1419 1227 1449 1245 D.
1467 1217 1648 1256 Epiphaniam
1661 1229 1765 1258 semper

1026 1272 1168 1300 possumus
1182 1261 1316 1290 celebrare
1328 1283 1337 1297 ‚
1353 1260 1571 1299 quandoquidem
1582 1261 1704 1290 Christus
1715 1273 1764 1291 no—

1025 1305 1130 1335 biscum
1144 1313 1182 1335 est
1195 1317 1279 1344 usque
1290 1305 1325 1334 ad
1340 1305 1597 1334 consummationem
1609 1305 1709 1334 saeculi.
1727 1314 1760 1335 11.

1027 1354 1091 1378 542.
1109 1361 1137 1379 D.
1155 1354 1219 1379 543.

1067 1394 1261 1422 Empnimcm
1277 1393 1390 1432 pulchra
1411 1393 1500 1431 virgo,
1515 1392 1601 1432 neptis
1616 1392 1764 1422 Constantii

1023 1437 1337 1477 preshyteri.secunduin
1346 1438 1432 1466 Deum
1442 1437 1592 1467 educanda.
1603 1444 1649 1465 111.
1661 1441 1724 1465 885.
1736 1447 1763 1466 n.

1063 1481 1255 1510 Emscomrcs
1286 1481 1394 1509 virtutis
1424 1480 1527 1509 culmen
1553 1480 1675 1517 requirit.
1714 1487 1761 1509 Xl.

1023 1530 1087 1554 801.
1102 1536 1129 1552 n.
1144 1524 1321 1563 Episcopatus
1333 1524 1434 1553 functio
1450 1524 1600 1553 dilectionis
1611 1533 1673 1562 erga
1686 1523 1764 1552 Chri-

1023 1576 1094 1597 stum
1113 1575 1300 1607 argumentum
1314 1578 1369 1596 esse
1379 1567 1468 1596 debet.
1492 1575 1512 1596 l.
1531 1572 1595 1596 454.
1613 1577 1676 1606 sqq.
1694 1567 1763 1606 Epi-

1023 1619 1163 1652 scopatum
1187 1611 1304 1649 indignis
1332 1611 1415 1639 tribui
1440 1618 1571 1650 quantum
1596 1611 1709 1639 malum.
1741 1619 1761 1640 1.

1024 1662 1088 1685 481.
1115 1661 1179 1685 482.
1199 1657 1259 1684 Non
1280 1655 1448 1684 ambiendus.
1482 1662 1528 1684 lx.
1550 1659 1595 1683 33.
1614 1659 1658 1683 34.
1677 1659 1722 1684 37.
1739 1666 1765 1684 c.

1025 1700 1204 1739 Episcopatus
1224 1699 1401 1737 dignitatem,
1424 1709 1477 1727 nou
1498 1708 1584 1735 onus,
1608 1698 1686 1727 multi
1707 1709 1787 1735 am·-

1024 1744 1113 1772 biunt.
1131 1751 1175 1772 lx.
1188 1748 1232 1771 35.
1247 1754 1272 1771 Β.
1290 1748 1335 1771 36.
1348 1742 1528 1782 Episcopatus
1538 1752 1605 1781 opus
1616 1741 1766 1771 desiderari

1025 1794 1125 1827 potest,
1142 1797 1193 1815 non
1209 1787 1337 1826 potentia.
1366 1793 1386 1814 1.
1412 1791 1476 1815 474.
1494 1797 1520 1814 Β.
1539 1797 1564 1814 c.
1588 1785 1766 1825 Episcopatus

1025 1831 1179 1871 potentiam,
1195 1841 1247 1858 non
1263 1841 1340 1869 opus,
1355 1829 1517 1865 desiderare,
1533 1840 1615 1869 grave
1627 1837 1765 1868 peccatum

1026 1881 1074 1903 est.
1107 1876 1150 1903 lb.
1179 1874 1356 1913 Episcopatus
1381 1874 1484 1902 laudes.
1522 1881 1555 1902 11.
1585 1878 1650 1902 708.
1676 1874 1766 1909 Quam

1025 1918 1146 1947 difficilis
1172 1925 1197 1946 et
1222 1918 1390 1946 incommoda
1416 1917 1531 1946 servitus
1553 1917 1596 1946 sit.
1624 1923 1671 1945 XI.
1697 1921 1762 1946 795.

1026 1967 1090 1991 796.

1067 2007 1196 2035 Emscom
1212 2005 1246 2034 ab
1270 2005 1338 2034 Isaia
1356 2005 1484 2045 praedicti.
1509 2013 1530 2034 1.
1545 2003 1763 2043 6394.‘Episcop1',

1028 2049 1177 2089 presbyteri
1204 2056 1227 2078 et
1251 2049 1356 2078 diaconi
1379 2049 1487 2077 nomina
1513 2048 1589 2077 initio
1613 2048 1765 2076 communia

1027 2101 1110 2122 crant.
1135 2101 1180 2122 xl.
1205 2098 1266 2122 224.
1288 2104 1309 2120 x.
1332 2093 1480 2132 Episcopos
1496 2092 1598 2121 Paulus
1619 2091 1766 2129 aliquando

1027 2138 1195 2176 presbyteros
1209 2143 1287 2165 vocat
1311 2144 1357 2165 Xt.
1372 2141 1436 2164 799.

1068 2180 1194 2219 Episcopi
1209 2179 1310 2207 munia.
1330 2186 1374 2207 XI.
1395 2183 1458 2206 072.
1481 2190 1505 2207 Λ.
1522 2178 1651 2218 Episcopi
1667 2188 1765 2207 munus

1028 2231 1052 2252 et
1064 2224 1193 2259 osticium,
1207 2230 1334 2260 quantum
1348 2223 1510 2261 prameltens.
1530 2230 1560 2251 11.
1576 2228 1641 2251 708.
1658 2235 1684 2251 Λ.
1701 2233 1765 2262 sqq.

1028 2269 1178 2307 Episcopus
1193 2267 1247 2305 regi
1264 2273 1288 2294 ct
1305 2266 1459 2305 imperatori
1476 2273 1591 2304 praestat.
1616 2274 1649 2297 11.
1668 2271 1713 2295 45.
1736 2277 1765 2294 n.

1029 2311 1169 2350 Episcopis
1183 2311 1244 2349 plus
1260 2310 1368 2338 honoris
1383 2310 1562 2338 exhibebatur
1576 2333 1582 2347 ‚
1601 2321 1681 2348 quam
1701 2320 1769 2338 con-

1028 2355 1134 2383 sulibus
1146 2361 1170 2383 et
1182 2354 1322 2393 praesectis.
1336 2361 1382 2383 tx.
1398 2359 1442 2382 36.
1458 2365 1483 2382 A.
1503 2353 1631 2392 Episcopi
1643 2353 1732 2382 officia
1743 2360 1769 2382 ct

1029 2409 1107 2427 onera
1121 2398 1214 2426 multa.
1229 2405 1274 2426 lx.
1289 2402 1334 2425 33.
1351 2402 1395 2425 3⁷2.
1412 2402 1456 2425 35.
1479 2407 1587 2425 munera
1602 2403 1626 2425 ct
1642 2396 1768 2435 pericula.

1030 2450 1075 2471 Xl.
1087 2447 1150 2470 7,)’1-
1164 2452 1190 2470 ιε,
1204 2441 1380 2479 Episcopum.
1390 2440 1439 2468 nisi
1452 2447 1554 2475 caveat,
1568 2439 1672 2468 invadit
1683 2439 1769 2467 inanis

1030 2487 1121 2525 gloriae
1131 2484 1275 2524 cupiditas.
1286 2486 1330 2512 II).
1339 2496 1364 2512 A.
1376 2484 1517 2523 Episcopis
1527 2483 1768 2521 quotdiffieultates

1030 2531 1182 2558 offerantur.
1201 2537 1220 2557 1.
1239 2533 1301 2557 482.
1323 2539 1349 2556 Α.
1366 2529 1500 2567 Episcopo
1515 2533 1678 2566 quantopere
1691 2525 1768 2554 labo-

1031 2573 1155 2602 randum.
1181 2580 1201 2601 Ι.
1228 2577 1289 2602 518.
1314 2583 1341 2601 D.
1370 2582 1394 2600 n.
1409 2570 1536 2609 Episcopi
1557 2570 1636 2608 longe
1658 2569 1764 2598 diversa
