1884 2922
736 169 840 192 INDEX

101 229 248 259 ordinetur.
266 234 328 259 722.
342 241 366 258 n.
377 231 521 269 Hynmetio
529 229 662 259 archiatro
671 230 840 259 commendat

100 274 241 309 Seleucum
262 274 418 313 episcopum
440 280 622 312 aegrotantem.
648 279 752 303 73913.
773 279 838 303 740.

102 316 142 345 Ad
158 317 308 357 episcopam,
324 318 495 357 presbyteros
517 325 541 346 ct
556 317 682 346 diaconos
702 319 728 346 in
750 328 842 346 carce-

102 361 176 389 ribus
201 361 333 395 inclusos,
352 362 394 389 bis
414 362 518 390 scribit.
536 366 601 390 627.
625 374 651 390 A.
677 366 741 390 793.
758 372 786 389 D.
809 362 838 390 S.

103 405 220 433 doctoris
240 406 350 444 epistola
365 405 400 434 ad
416 406 554 445 episcopos
579 405 751 434 Macedonian
776 410 840 434 836.

105 460 132 477 A.
151 449 193 477 Ad
208 450 363 478 Marutham
381 450 498 478 Persidis
520 450 676 488 episcopum
693 449 734 477 bis
762 449 843 477 mise-

103 499 143 521 rat
162 493 273 522 litteras.
292 499 356 523 722.
372 505 401 522 D.
425 494 557 533 Objurgat
578 494 760 533 Theophilum
781 504 842 533 pre-

104 537 244 576 sbyterum
262 538 334 576 quod
349 538 382 566 ad
397 539 533 567 collectam
557 548 609 566 non
633 537 755 567 venisset.
776 543 840 566 866,

104 593 133 610 A.
150 593 174 610 n.

144 625 357 665 Chrysostomus
395 625 552 654 Arabissum
587 624 722 663 confugit,
746 625 843 653 Isauris

104 669 193 697 omnia
220 671 398 698 vastantibus.
425 677 473 701 111.
488 675 553 698 739.
573 680 596 698 A.
612 669 656 697 Ob
680 668 795 697 hiemem
819 676 844 697 et

104 712 195 751 sugam
208 721 376 753 perpetuam,
393 714 420 742 in
436 714 560 742 morbum
574 712 714 740 relabitur.
730 716 794 740 760.
812 713 843 740 In

104 767 164 785 arce
174 758 304 793 Arabissi,
315 759 389 796 quasi
400 758 426 786 in
437 768 551 792 carcere,
560 764 647 785 manet
657 757 775 785 inclusus
795 758 840 784 Ih.

105 801 186 829 Nullo
207 809 278 830 ccrto
303 802 328 830 in
344 802 401 830 loco
417 808 485 830 stare
501 807 603 840 poterat
626 802 655 830 S.
681 800 784 835 doctor,
799 800 844 829 sed

106 844 184 873 modo
214 850 366 880 Cucusum,
394 845 472 874 modo
502 845 660 874 Arabissum
696 845 843 880 incolebat5

105 898 175 916 nunc
190 889 217 917 in
233 896 308 917 terrae
320 889 441 917 faucibus
455 896 479 916 et
495 888 582 927 sylvis
599 887 842 917 latitabat.759.A.

106 942 175 960 nunc
201 933 299 966 valles,
317 944 347 960 ac
369 939 504 971 praerupta
527 932 686 969 desertaque
707 932 764 960 loca
788 932 844 960 cir-

105 976 234 1003 cumibat.
252 981 315 1006 814.
341 987 364 1004 n.
391 976 420 1004 Iu
440 976 535 1004 exsilio
550 986 563 1004 a
579 976 727 1004 latronibus
749 976 844 1004 obses-

105 1029 161 1049 sus.
174 1024 237 1048 621.
251 1030 279 1048 D.
293 1021 396 1048 Rumor
410 1019 543 1048 invaserat
555 1020 779 1059 Chrysostomum
792 1030 847 1048 esse

107 1063 133 1091 in
149 1063 286 1102 Scythiam
301 1063 508 1102 deportandum.
522 1068 587 1092 715.
600 1075 624 1092 Β.

148 1108 358 1146 Clirysostomus
374 1107 532 1147 Olympiadi
549 1118 618 1146 saepe
639 1106 783 1135 scribebat.
799 1115 843 1136 111.

108 1155 171 1179 634.
188 1162 251 1190 sqq.
271 1152 385 1179 Omnem
400 1152 433 1179 ab
450 1162 478 1179 ea
500 1161 639 1179 moerorem
655 1151 759 1179 auferre
780 1151 847 1179 niti-

108 1201 161 1222 tur.
185 1200 248 1223 642.
276 1199 338 1223 643.
358 1195 488 1230 Queritur
503 1194 694 1234 Olympiadem
719 1194 770 1222 sibi
796 1206 847 1223 non

109 1239 262 1268 rescribere.
280 1244 345 1267 711.
368 1250 395 1267 A.
412 1239 452 1267 Ad
470 1239 545 1268 illam
565 1239 721 1267 transmittit
736 1238 848 1275 librum,

112 1284 196 1321 Quod
219 1294 301 1311 nemo
328 1284 444 1312 laeditztr
471 1285 528 1311 nisi
550 1293 568 1310 a
593 1284 696 1321 seipse.
726 1286 791 1312 693.
820 1294 845 1312 c.

109 1327 300 1366 Olympiadem
312 1327 477 1363 consolatur,
490 1336 645 1355 asseverans
660 1337 687 1355 se
702 1326 736 1354 ab
750 1336 779 1355 ea
794 1327 850 1356 sine

108 1371 193 1400 dubio
206 1373 293 1400 visum
307 1372 350 1399 iri.
370 1376 432 1400 659.
445 1382 471 1399 c.

146 1415 329 1452 Cnus¹,filius
347 1415 469 1444 Gemini.
488 1421 520 1443 V.
540 1419 585 1443 59.
603 1425 631 1442 A.
648 1414 714 1453 Ejus
728 1414 849 1444 historia.

107 1464 153 1488 60.
170 1460 230 1488 Non
255 1467 310 1488 erat
326 1459 430 1487 amicus
452 1465 622 1498 temporum,
639 1468 686 1486 nec
712 1460 849 1497 potentiae,

106 1502 153 1531 sed
168 1502 284 1532 virtutis.
298 1504 342 1530 lh.
360 1512 390 1532 D.

146 1549 231 1575 Cmes
248 1553 354 1585 propter
370 1546 454 1574 vitam
467 1545 557 1579 datus,
575 1556 626 1575 non
649 1546 703 1575 vita
720 1546 773 1574 cibi
789 1557 850 1575 cau-

106 1598 177 1621 sa.1.
191 1595 255 1619 881.
278 1601 304 1619 D.
323 1589 498 1628 Voluptatem
522 1590 600 1618 affert
625 1590 772 1625 famelicis,
797 1601 850 1619 non

107 1635 239 1663 saturatis.
253 1641 287 1662 II.
305 1637 350 1661 37.
365 1643 393 1663 1).
410 1634 500 1672 Major
523 1634 573 1662 crit
600 1633 649 1661 ista
674 1634 810 1673 voluptas,
826 1635 849 1663 si

107 1678 259 1707 moderatus
272 1677 349 1706 cibus
364 1677 408 1705 sit.
424 1682 488 1706 928.
503 1689 527 1706 B.
545 1688 570 1706 e.
588 1682 650 1706 929.
664 1678 794 1706 Cihorum
807 1678 850 1707 de-

107 1722 175 1751 liciae
195 1721 358 1750 valetudinis
381 1721 554 1750 fundamenta
578 1721 752 1751 subtrahunt.
779 1730 847 1751 VIII.

110 1771 173 1794 150.
188 1777 212 1795 B.
228 1765 425 1794 Immoderatus
437 1765 513 1794 cibus
527 1766 663 1795 vitandus.
682 1774 728 1795 ΙΙΙ.
745 1772 809 1796 910.
825 1778 847 1795 Β.

109 1809 184 1838 Cibis
199 1809 360 1848 potibusque
382 1809 417 1837 ad
442 1809 621 1838 necessitatem
649 1810 787 1839 utendum.
813 1818 846 1839 II.

109 1860 136 1883 9.
167 1865 191 1882 B.
221 1853 304 1881 Cibus
333 1855 405 1881 enim
426 1860 501 1881 extra
527 1853 709 1882 necessitatem
734 1861 849 1890 sumtus,

109 1909 160 1927 nou
174 1897 262 1935 cibus,
281 1896 325 1925 sed
342 1897 401 1926 lues
413 1905 461 1926 est.
479 1904 535 1926 VII.
550 1903 614 1926 534.
627 1909 653 1926 A.
670 1905 695 1926 et
708 1899 850 1937 {egritudi-

109 1953 174 1970 num
197 1952 284 1970 causa.
306 1948 375 1970 VIII.
406 1946 467 1969 125.
487 1952 511 1970 o.
531 1941 592 1969 Cibi
607 1942 703 1970 animae
717 1943 763 1980 qui
783 1943 845 1972 sint.

110 1993 180 2016 VIII.
200 1990 262 2014 125.
283 1996 306 2013 B.
325 1989 386 2012 126.

149 2030 280 2058 Ciborum
310 2028 479 2057 observantia
510 2035 620 2066 quanta.
648 2036 704 2057 vll.
729 2034 793 2059 589.
819 2042 846 2058 A.

109 2074 194 2103 Cibus
209 2084 260 2102 non
276 2072 448 2102 immundum
463 2073 586 2101 faciebat.
603 2080 648 2102 IX.
662 2079 725 2102 783.
741 2084 767 2102 c.

149 2122 285 2155 Kum‘rm,
301 2117 399 2146 serinia
422 2117 456 2146 ad
475 2117 560 2146 libros
581 2117 759 2157 deponendos.
778 2125 846 2146 VIII.

110 2167 174 2192 216.
197 2174 220 2190 A.

149 2208 258 2233 Cimens
288 2213 480 2234 memorantur.
510 2213 527 2234 l.
558 2211 621 2235 559.
647 2218 671 2234 c.
696 2205 791 2234 Cilicia
816 2204 849 2233 de

110 2251 141 2279 5.
158 2248 262 2287 Spiritu
278 2249 390 2288 accepit.
414 2256 444 2277 v.
461 2254 522 2277 195.
539 2260 567 2277 E.
584 2249 686 2278 Ciliciae
707 2249 780 2277 locus
801 2249 850 2277 Sa-

111 2293 182 2322 turni
196 2293 417 2331 appellatus.X1.
435 2298 498 2321 809.
511 2305 537 2321 c.

150 2339 310 2365 Cmcmmu
334 2347 443 2365 aureum
470 2337 606 2376 vituperat
635 2338 663 2366 S.
688 2337 791 2365 doctor.
818 2343 848 2364 v.

111 2385 174 2409 627.
195 2391 222 2408 D.

150 2427 237 2458 (Συ-15,
250 2423 334 2461 fuligo
349 2431 373 2452 et
390 2425 456 2452 sales
470 2425 623 2463 superstitio
639 2432 714 2453 crant
729 2425 851 2463 singula-

112 2469 158 2498 ris.
174 2476 219 2497 XI.
237 2473 300 2496 448.
317 2480 339 2496 B.

153 2515 334 2541 ememswm
358 2512 484 2540 ludorum
511 2513 620 2541 vanitas.
642 2520 661 2541 1.
687 2518 750 2541 968.
771 2524 795 2541 c.
821 2524 848 2541 D.

113 2556 250 2585 damnum.
270 2563 315 2585 tv.
334 2561 396 2585 846.
421 2562 485 2585 847.
504 2568 530 2585 ις.
543 2556 690 2586 Christiani
707 2567 766 2585 cuin
784 2568 850 2596 geu-

1617 161 1633 168 ,-

869 169 994 191 ltIinM.
1567 171 1603 193 2¹
1619 170 1634 192 Ξ)

893 231 985 259 tilibus
999 232 1125 270 permixti
1138 231 1209 260 ludis
1219 230 1382 259 assidebant.
1392 239 1411 260 I.
1424 235 1487 259 969.
1500 232 1571 260 Circi
1583 243 1634 260 non

892 273 1017 302 videntur
1032 282 1169 314 peccatum
1190 286 1245 304 esse
1261 275 1429 303 manifestum
1441 298 1448 312 ⁷
1463 275 1508 303 sed
1528 275 1634 304 infinita

894 319 963 346 mala
977 319 1060 347 solent
1077 319 1183 347 inferre.
1203 327 1234 347 11.
1254 324 1314 347 185.
1327 330 1351 347 c.
1370 319 1558 358 Spectaculum
1573 327 1635 348 sunt

894 362 1168 391 satanicuin.1.91'›8.
1196 368 1260 391 969.
1281 368 1344 391 970.
1368 368 1432 391 971.
1457 374 1553 402 pompa
1577 364 1636 391 dia-

895 406 991 435 holica.
1012 414 1044 435 11.
1059 411 1126 435 776.
1142 417 1167 434 A.
1185 414 1210 435 ct
1228 406 1369 445 quidpiam
1385 406 1448 434 mali
1465 417 1569 445 semper
1585 407 1634 435 ha-

896 449 968 479 bent.
983 458 1027 480 Iv.
1048 456 1092 481 50.
1111 462 1137 479 c.
1151 455 1194 479 51.
1212 452 1301 486 Quam
1314 450 1401 489 turpia
1417 450 1566 489 spectacula
1580 462 1636 489 per<

896 494 980 522 mixta
995 494 1134 524 haherent.
1151 499 1196 523 49.
1215 505 1238 522 C.
1255 505 1281 522 D.
1296 494 1337 522 Ibi
1358 495 1484 522 mulieres
1503 501 1576 523 erant
1601 495 1635 523 ad

896 537 1051 566 inescant-los
1069 538 1142 566 viros
1155 538 1295 566 adornatae.
1306 543 1369 567 890.
1382 550 1408 567 c.
1423 543 1487 567 891.
1504 551 1528 567 A.
1544 538 1637 567 Ludo-

896 592 957 609 rum
973 581 1035 609 circi
1048 581 1155 611 modus.
1170 588 1214 610 VI.
1233 586 1296 610 131.

937 627 1018 653 Cincr
1042 632 1203 664 spectatores
1219 625 1364 654 insectatur
1380 625 1599 664 Clu-ysostomus.
1614 634 1636 655 I.

897 673 960 697 613.
974 680 996 696 Β.
1022 674 1137 700 II.771'1.
1163 681 1188 697 Α.
1212 676 1257 697 IV.
1276 674 1323 697 [18.
1340 674 1384 697 49.
1403 674 1468 700 890.
1489 675 1554 699 891.
1577 677 1634 699 Vll.

897 717 944 741 70.
968 713 1079 741 Portum
1103 712 1224 741 doctrina
1250 713 1366 740 fructum
1385 713 1439 740 illic
1461 713 1587 752 perdunt.
1614 722 1634 742 1.

898 761 960 786 969.
977 762 1039 785 970.
1053 756 1149 785 Circus
1164 755 1336 784 Antiochcnis
1352 756 1509 784 interdictus
1522 757 1556 785 ob
1567 768 1637 786 ever-

897 812 939 829 sas
955 808 1063 830 statuas.
1076 808 1108 829 11.
1122 805 1184 829 206.
1197 802 1219 827 ε’.
1231 811 1257 829 c.

938 847 1167 873 CIuCULATomzs.
1192 851 1212 872 I.
1237 848 1299 872 298.
1322 854 1348 872 D.
1365 844 1477 872 Illorum
1500 851 1577 873 artes.
1603 851 1636 875 II.

899 893 962 917 231.
980 899 1005 916 E.
1028 899 1057 916 A.
1082 889 1150 916 mira
1174 895 1256 926 gesta.
1283 892 1346 917 232.
1374 892 1439 916 655.
1458 899 1481 916 n.
1500 899 1524 917 c.
1540 899 1637 917 mores.

902 940 959 961 VII.
977 937 1042 961 [153.
1061 943 1088 961 A.
1105 944 1128 961 D.

940 978 1134 1005 Cnmcmcrsxo
1146 976 1249 1006 Judaeis
1263 975 1324 1004 data
1341 975 1416 1014 quasi
1432 976 1539 1015 signum
1559 982 1584 1004 et
1605 976 1642 1004 si·

900 1020 1006 1059 gillum.
1022 1027 1066 1051 IV.
1084 1025 1146 1049 302.
1165 1032 1192 1049 D.
1209 1025 1272 1049 463.
1290 1031 1320 1049 D.
1347 1030 1400 1058 quo
1415 1019 1642 1048 demonstraretur

900 1065 1072 1103 peculiariter
1095 1065 1167 1104 ipsos
1190 1064 1224 1093 ad
1248 1065 1336 1093 Deum
1360 1064 1502 1103 pertinere.
1521 1068 1586 1092 467.
1611 1074 1642 1092 ne

901 1109 1134 1137 commiscerentur
1153 1109 1286 1147 gentibus.
1310 1113 1372 1137 302.
1389 1119 1415 1137 D.
1441 1113 1505 1136 464.
1523 1120 1547 1137 A.
1574 1113 1639 1136 467.

902 1158 930 1179 ut
948 1151 1071 1180 indomiti
1093 1152 1282 1181 cohiberentur
1310 1162 1401 1179 eorum
1423 1158 1519 1179 motus.
1536 1156 1598 1180 464.
1614 1163 1641 1180 A.

901 1202 927 1223 et
948 1202 976 1223 ut
1007 1195 1209 1234 impermixtum
1232 1201 1349 1223 maneret
1365 1205 1453 1223 semen
1475 1195 1642 1234 patriarcha--

902 1249 973 1267 rum.
988 1241 1033 1268 II).
1052 1251 1077 1268 A.
1095 1251 1119 1270 n,
1143 1239 1258 1278 Dignior
1273 1246 1328 1267 erat
1342 1239 1464 1267 sabbato.
1485 1246 1553 1268 VIII.
1575 1244 1639 1268 337.

902 1283 1171 1312 Circumcidebantur
1185 1283 1271 1313 Judaei
1298 1283 1367 1311 sicut
1391 1293 1484 1322 pecora
1505 1290 1529 1311 et
1551 1283 1640 1311 bruta.

903 1333 948 1355 xl.
965 1331 1008 1354 13.
1027 1339 1051 1355 A.
1066 1327 1242 1356 Circumcisio
1258 1326 1386 1355 dicuntur
1399 1326 1497 1356 Judaei.
1523 1334 1557 1355 X.
1575 1332 1639 1355 811.

942 1370 1118 1399 Circumcisio
1141 1371 1208 1399 nihil
1230 1377 1333 1410 poterat
1355 1370 1389 1398 ad
1408 1370 1502 1398 animce
1517 1370 1640 1399 salutem.

903 1421 949 1444 tv.
979 1419 1043 1443 301.
1073 1426 1098 1443 c.
1128 1420 1190 1443 302.
1213 1415 1289 1443 Nihil
1313 1414 1375 1442 boni
1403 1414 1504 1443 confert
1532 1414 1636 1444 animm,

903 1463 967 1487 465.
981 1469 1006 1486 1³.
1023 1458 1182 1497 Abroganda
1198 1466 1263 1487 erat.
1283 1466 1340 1487 XII.
1360 1463 1425 1486 588.
1442 1469 1471 1486 A.
1492 1458 1642 1486 Circumci-

902 1503 984 1531 sionis
1010 1502 1169 1541 abrogandae
1195 1502 1350 1531 difficultas.
1374 1503 1418 1531 ΙΙ).
1449 1513 1472 1532 n.
1499 1502 1642 1541 Evangelii

902 1546 1105 1574 subversionem
1126 1547 1201 1574 illam
1224 1553 1304 1575 vocat
1328 1546 1438 1576 Paulus.
1467 1553 1500 1576 Χ.
1526 1551 1590 1574 793.
1616 1557 1642 1575 D.

903 1591 1002 1618 Totum
1018 1591 1113 1629 jugum
1129 1590 1196 1628 legis
1211 1589 1336 1628 imponit.
1354 1597 1374 1618 I.
1388 1594 1454 1618 736.
1470 1599 1498 1618 D.
1517 1600 1544 1617 E.
1563 1589 1641 1618 Illam

901 1634 1043 1663 observare
1062 1635 1184 1662 noxium.
1212 1641 1232 1662 Ι.
1251 1638 1316 1662 734.
1343 1645 1367 1661 n.
1392 1633 1452 1661 licet
1477 1633 1540 1661 olim
1564 1633 1643 1661 fuerit

903 1678 1058 1707 necessaria.
1077 1683 1143 1706 735.
1167 1677 1334 1707 circumciso
1358 1688 1428 1705 nunc
1451 1676 1519 1704 nihil
1534 1677 1642 1716 prodest

892 1722 1037 1760 Christus,
1057 1721 1201 1759 quomodo.
1218 1729 1250 1750 X.
1267 1726 1331 1750 845.
1350 1732 1372 1750 Β.
1389 1731 1414 1749 c.
1431 1731 1497 1759 sqq.

944 1765 1183 1794 Circumcisionem
1209 1772 1280 1794 vetat
1306 1765 1415 1800 Paulus,
1434 1771 1459 1792 et
1485 1771 1570 1792 tamen
1594 1763 1643 1792 Ti-

903 1809 1040 1838 inothcum
1053 1809 1234 1845 circumcidit,
1248 1819 1340 1847 quare.
1358 1816 1405 1836 III.
1424 1812 1486 1836 104.
1506 1818 1529 1835 n.
1546 1808 1577 1835 In
1590 1818 1643 1846 quo

903 1854 1072 1882 circumcisio
1096 1853 1166 1881 nihil
1191 1853 1296 1889 nocuit,
1315 1853 1368 1881 imo
1392 1852 1507 1880 multum
1530 1851 1640 1891 profuit.

904 1905 949 1927 tx.
965 1903 1031 1927 293.
1048 1908 1071 1926 Β,
1089 1897 1266 1926 Circumcisio
1281 1897 1365 1932 nihil,
1380 1896 1543 1935 praeputium
1565 1895 1642 1924 nihil.

904 1950 951 1971 XI.
971 1947 1014 1970 37.
1031 1953 1057 1969 r.
1073 1941 1211 1969 Adversus
1234 1940 1316 1969 tidem
1339 1946 1441 1979 pugnat
1464 1938 1642 1968 circumcisio.

905 1993 950 2015 tx.
978 1990 1042 2013 518.
1069 1996 1096 2013 A.
1119 1984 1148 2013 Si
1174 1991 1212 2012 est
1237 1983 1403 2012 circumcisio
1420 1982 1550 2019 carnalis,
1566 1989 1643 2011 estet

904 2028 1060 2068 spiritualis.
1085 2034 1149 2057 519.
1174 2039 1198 2057 c.
1216 2039 1243 2056 D.
1260 2026 1402 2063 Quomodo
1427 2027 1484 2054 hoec
1507 2026 1563 2054 fiat.
1595 2033 1640 2056 XI.

904 2078 968 2102 423.
986 2084 1010 2101 c.
1029 2073 1096 2107 Quae
1110 2082 1171 2099 vera
1188 2070 1365 2099 circumcisio.
1379 2077 1425 2100 Ix.
1444 2074 1506 2098 518.
1524 2080 1549 2098 c.

945 2117 1199 2145 Cir-cmncisionem
1232 2114 1380 2142 carnalem
1409 2114 1532 2152 suscepit
1557 2114 1642 2142 Chri-

904 2168 975 2195 slus,
993 2166 1023 2188 ut
1047 2171 1102 2187 non
1120 2160 1323 2198 manufactam
1338 2158 1582 2185 circumcisionem
1597 2161 1644 2185 in-

905 2204 1075 2232 troduceret.
1091 2210 1124 2231 11.
1141 2207 1203 2231 967.
1216 2213 1244 2230 D.
1258 2203 1446 2230 Circumcisio
1463 2203 1548 2230 lolius
1563 2212 1644 2230 mun-

904 2248 935 2275 di
948 2254 988 2275 est
1001 2248 1120 2275 Domini
1133 2249 1311 2274 resurrectio.
1327 2253 1361 2276 II.
1379 2250 1442 2274 974.
1462 2256 1484 2273 Β.
1496 2246 1578 2275 Sacri
1594 2248 1643 2274 ba-

902 2293 1046 2328 ptismaeis
1065 2291 1128 2318 loco
1146 2289 1285 2328 fidelibus
1312 2289 1440 2317 traditur
1454 2291 1641 2318 circumcisio.

905 2335 945 2364 lh.
966 2346 990 2363 C.

945 2381 1163 2407 Cinctum-mnu
1176 2388 1190 2405 a
1203 2378 1313 2412 Satana,
1326 2376 1403 2414 quid.
1422 2384 1453 2405 II.
1471 2381 1534 2405 334.
1554 2389 1579 2405 A.

945 2426 1084 2456 (I1rnAni,
1101 2433 1146 2450 seu
1162 2422 1329 2461 psalterium,
1345 2431 1460 2459 superne
1473 2421 1640 2449 movebatur.

908 2475 937 2496 Υ.
967 2472 1029 2495 601.
1057 2478 1082 2494 c.
1113 2465 1268 2494 Similitudo
1295 2476 1328 2493 ex
1353 2464 1455 2493 cithara
1479 2471 1577 2493 sumta.
1598 2472 1643 2493 [Η.

910 2518 932 2542 t.
949 2522 972 2539 n.
989 2516 1015 2541 ὅ,
1029 2522 1052 2538 C.

946 2558 1197 2584 Crrumwmoncm
1221 2564 1288 2584 ntoS.
1312 2561 1357 2583 llt.
1388 2558 1409 2582 (i.
1432 2554 1498 2583 1.··.lu
1514 2564 1588 2582 scena
1605 2554 1642 2582 iu-
