1884 2922
213 160 280 194 382

251 235 425 263 Sanisrmo
440 231 595 271 presbytero
617 229 710 258 scribit
729 227 948 267 Chrysostomus.

215 287 261 308 III.
275 283 340 307 867.
358 288 387 305 n.

253 324 443 352 Secnrmmm
474 318 630 346 divinorum
656 314 789 354 profunda
813 324 865 343 non
891 320 955 342 sunt

214 367 294 396 nimis
309 365 412 393 curiose
425 360 619 399 investiganda.
634 367 680 388 III.
699 364 762 388 561.
779 370 806 386 E.
823 369 852 388 A.
872 368 898 388 Β,

253 411 352 439 Src’rffi
366 406 523 436 Judaeorum
537 404 628 434 variae.
647 410 706 431 VII.
721 408 787 431 777.

253 454 408 482 Secumus
428 456 453 477 et
468 448 552 487 gloria
576 448 602 475 in
624 450 680 475 Deo
701 446 782 474 simul
803 452 884 479 sunt,
903 455 955 473 non

214 508 276 525 vcro
287 496 313 523 in
329 493 497 522 hominibus.
514 500 546 521 v.
564 496 610 521 46.
627 504 653 520 Λ.
678 490 812 519 Securitas
825 489 886 518 vita:
903 499 955 517 non

215 548 253 569 cst
265 537 420 577 quaerenda.
439 543 472 566 V.
489 540 552 565 366.
570 546 596 564 E.

253 584 346 612 Smne
357 580 492 620 justitiam
507 578 651 617 significat.
668 584 714 606 tv.
732 581 796 606 413.
812 587 839 604 E.

254 627 391 655 SEDEfflJz
412 623 509 652 clades.
527 630 557 651 II.
578 627 640 650 230.
658 632 683 649 13.
699 620 825 649 Sedecias
840 620 958 660 Babylo-

215 681 274 699 nem
296 679 348 697 nou
379 667 457 702 vidit,
478 673 503 695 et
530 665 696 705 Babylonem
721 671 808 693 tamen
831 664 957 693 inductus

215 721 264 743 cst.
281 715 326 742 ΙΙ).
344 724 370 742 Α.

255 759 371 787 sennan
387 765 466 794 super
480 754 609 783 thronum
621 759 743 782 sanctum
757 752 857 781 dicitur
872 754 959 787 Deus,

217 802 245 830 id
260 809 298 830 cst
312 807 400 829 sancte
411 809 532 837 regnare.
551 805 583 827 V.
599 802 666 826 234.
686 808 712 824 n.

255 847 382 875 Sammo
399 850 423 871 et
437 842 570 871 contentio
582 848 694 870 mortem
706 839 785 879 parit.
802 847 834 868 V.
850 844 913 868 457.

257 891 410 918 Securum
425 887 467 916 vel
484 886 596 926 probam
622 885 704 913 vitam
730 884 896 912 instituentes
910 883 959 911 de-

216 933 286 973 jicit.
308 939 353 961 VI.
370 936 434 961 131.
451 942 480 958 A.

257 977 384 1005 Sume-1
405 984 466 1002 cum
479 973 623 1002 Ptolemaeo
637 982 732 1011 pugnae
744 982 758 999 a
771 971 881 999 Daniele
893 981 959 1009 pra:-

218 1019 345 1047 dictzr.1.
363 1022 427 1045 781.
448 1027 477 1045 n.

256 1062 403 1090 Samma
420 1066 552 1094 matrona,
575 1058 668 1086 Rufini
692 1069 771 1093 uxor,
795 1058 960 1097 Chrysosto—

220 1115 294 1133 mum
305 1105 332 1132 in
348 1113 412 1141 agro
429 1102 584 1130 Caesariensi
599 1101 710 1139 excipit.
727 1109 773 1129 III.
791 1106 857 1132 718,
876 1113 901 1129 c.

258 1149 401 1177 SELEUCL's
413 1144 567 1184 episcopus,
591 1144 680 1172 relicta
696 1143 787 1178 domo,
802 1136 959 1183 Chrysosto-

218 1202 292 1220 mum
310 1190 374 1218 adit.
396 1196 441 1217 III.
458 1192 568 1227 73931).
592 1186 718 1214 Seleucus
733 1197 802 1225 aeger
817 1187 961 1226 Hymnetio

220 1235 356 1264 archiatro
385 1231 587 1261 commendatur
611 1241 625 1258 a
651 1230 854 1270 Chrysostomo.
886 1231 961 1259 Ibid.

221 1292 245 1308 Λ.
266 1289 291 1306 n.

258 1324 349 1352 SELLA
364 1332 434 1350 uxor
448 1320 586 1350 Lamechi,
605 1325 651 1348 IV.
670 1322 734 1346 203.
751 1329 778 1346 D.

259 1368 316 1396 Seu
330 1365 498 1393 benedicitur
517 1375 530 1392 a
554 1370 640 1403 patre.
664 1369 710 1391 IV.
729 1366 793 1391 339.
812 1374 836 1391 Λ.
862 1363 923 1392 Sem
938 1370 963 1391 ct

220 1409 336 1450 Japhcth
351 1416 448 1447 quanta
461 1408 589 1447 probitas.
608 1413 653 1435 IV.
667 1410 732 1433 333.
751 1416 776 1435 Ε.
796 1417 822 1435 Α.

262 1455 352 1483 Seuer
366 1451 560 1491 virimprobus
571 1449 672 1479 Davidi
689 1449 835 1478 maledicit.
856 1457 876 1478 ι.
894 1454 959 1480 265.

222 1504 268 1526 IV.
286 1501 349 1525 829.
369 1506 394 1525 13.

262 1542 373 1570 Eri-amu
386 1563 392 1572 ,
408 1539 500 1578 signa,
518 1537 617 1576 quibus
631 1548 694 1566 usus
713 1544 751 1565 est
773 1538 965 1566 Constantinus

226 1585 385 1624 presbyter,
411 1582 476 1622 quid
491 1589 586 1611 essent.
609 1589 668 1610 XII.
694 1587 718 1609 1.
740 1582 811 1609 Vide
834 1582 962 1616 Proefat.

223 1629 262 1656 ad
274 1629 362 1658 Hom,
387 1630 418 1655 in
443 1628 536 1665 Epist.
560 1626 600 1654 ad
614 1626 689 1653 ΗΕΖ).
706 1635 785 1656 num,
811 1630 871 1655 1-4,
899 1626 965 1654 Vol.

225 1679 285 1701 ΧΗ.

264 1716 362 1743 SEMEN
380 1724 431 1742 non
452 1714 553 1742 frustra
569 1713 715 1753 spargitur,
737 1713 785 1741 etsi
802 1713 880 1752 pauci
907 1724 970 1742 sus-

227 1759 338 1798 cipiant.
354 1765 373 1786 Ι.
387 1763 452 1787 948.
473 1768 499 1787 C.
523 1759 616 1787 Semen
627 1758 730 1796 jactum
743 1767 791 1785 cur
805 1767 839 1785 ex
854 1758 971 1786 maxima

229 1810 303 1841 parte
320 1801 435 1841 perierit.
455 1808 513 1830 VII.
530 1806 593 1830 530.
609 1813 633 1830 13.
652 1802 707 1829 Cur
719 1801 822 1840 jactum
838 1808 875 1829 est
889 1812 971 1841 supra

226 1854 328 1885 petram
341 1869 348 1882 ,
369 1846 394 1873 in
410 1845 495 1885 spinis
507 1868 513 1877 .
532 1846 558 1873 in
583 1845 637 1875 via.
655 1847 700 1875 Ib.
718 1855 746 1873 D.
769 1846 864 1874 Semen
877 1845 899 1873 si
915 1856 966 1874 non

226 1890 380 1930 recipimus,
392 1895 490 1924 nostra,
503 1899 556 1917 non
569 1889 725 1917 seminantis
733 1895 771 1917 est
781 1889 870 1928 culpa.
883 1891 926 1918 ΙΙ).
941 1901 967 1918 E.

265 1935 457 1963 SEM1c1Nch
472 1939 498 1960 et
514 1933 636 1961 sudaria
651 1940 719 1961 ante
731 1939 826 1971 portes
842 1934 970 1962 eeclesi'oe

226 1979 326 2007 Judoei
341 1978 520 2006 vendebant.
537 1983 609 2006 VIII.
627 1981 692 2005 832.
710 1987 738 2004 A.
757 1981 821 2004 833.

270 2022 409 2050 Semnum
425 2030 551 2058 magnum
567 2020 613 2058 qui
628 2020 844 2055 constituebant,
862 2027 970 2059 propter

224 2065 382 2103 dignitatem
405 2074 514 2092 usuram
537 2074 659 2092 exercerc
682 2075 734 2092 non
760 2071 892 2103 poterant.
909 2072 967 2094 vn.

224 2114 290 2138 1346.
305 2120 329 2136 c.

269 2154 418 2182 SENECTcs
440 2151 532 2180 virtuti
550 2151 679 2179 adeundae
700 2162 751 2179 non
767 2159 928 2191 opportuna.
948 2160 967 2181 I.

228 2201 292 2225 130.
310 2207 339 2224 D.
357 2207 384 2224 E.
408 2200 468 2224 132.
488 2206 513 2223 Α.
536 2205 561 2224 Β.
585 2196 711 2224 Senectus
736 2195 804 2223 bona
830 2206 900 2232 quae.
924 2203 969 2224 lv.

226 2245 290 2269 436.
310 2251 336 2269 E.
353 2239 500 2269 Senectutis
519 2239 606 2267 honor
627 2239 687 2277 quis
712 2239 756 2267 sit.
775 2246 834 2268 ΧΙΙ.
862 2245 924 2270 111.
943 2251 969 2269 c.

226 2285 353 2313 Senectus
376 2284 402 2311 in
420 2283 480 2311 aliis
495 2282 697 2311 conditionibus
718 2283 822 2311 inutilis
839 2305 846 2318 ‚
870 2283 896 2311 in
913 2284 966 2312 Ec-

227 2328 306 2356 clesia
317 2334 344 2356 et
359 2328 385 2355 in
402 2327 511 2355 virtutis
525 2326 664 2354 laboribus
679 2333 717 2354 est
728 2327 882 2355 utilissima.
909 2335 967 2357 XII.

228 2377 293 2400 535.
306 2384 333 2401 a.
353 2372 489 2400 Senectus
505 2381 563 2398 non
579 2373 609 2398 in
623 2372 747 2399 crinium
760 2371 889 2399 candore
902 2375 970 2407 sila,

231 2417 279 2445 sed
295 2418 326 2443 in
340 2418 430 2444 animi
445 2417 565 2443 virtute.
583 2422 613 2442 Y.
631 2420 694 2443 697.

272 2465 367 2492 Senex
385 2473 435 2491 non
461 2474 494 2491 ex
519 2463 615 2491 canitie
640 2463 780 2501 probatur.
808 2471 828 2491 1.
856 2467 918 2491 464.
946 2474 969 2492 n.

232 2508 313 2534 Senes
333 2506 358 2534 iu
387 2506 478 2534 iisdem
504 2512 640 2545 peccantes
654 2517 683 2534 ac
702 2507 824 2544 juvenes,
852 2506 893 2534 liis
908 2516 972 2543 gra·-

233 2550 318 2577 viorcs
334 2549 395 2577 [lant
413 2560 510 2587 prr-uas.
530 2557 571 2578 Π.
594 2555 635 2578 48.
653 2561 677 2578 c.
709 2549 748 2578 Ad
765 2550 912 2588 spectaculi
930 2561 973 2578 ar-

849 166 952 189 INDEX
980 165 1091 188 RERUM
1100 179 1106 187 .

1006 227 1112 255 dontius
1126 236 1204 263 quam
1220 226 1334 264 juvenes
1349 225 1499 253 currebant.
1525 232 1568 253 IV.
1585 229 1650 255 846.
1669 235 1736 254 o.1‹:.

1006 271 1086 299 Senes
1099 269 1243 298 Christiani
1257 268 1368 297 sabbato
1379 275 1468 296 sancto
1481 267 1517 296 ad
1531 268 1633 297 theatra
1649 279 1744 297 accur-

1008 314 1118 350 rebant,
1133 314 1254 352 filiosque
1268 323 1330 341 suos
1344 322 1434 341 secum
1455 311 1598 340 ducebant.
1614 320 1659 340 VI.
1677 317 1739 341 320.

1009 369 1034 386 n.
1050 368 1074 386 c.
1088 358 1166 387 Senes
1177 357 1326 397 spectacula
1343 356 1418 385 adire
1437 362 1514 395 turpe
1530 363 1577 384 est.
1591 363 1662 387 VIII.
1681 362 1744 386 393.

1008 411 1036 428 n.
1049 401 1128 429 Senes
1144 401 1229 439 carpit
1240 401 1458 439 Chrysostomus‚
1473 399 1519 437 qui
1536 400 1614 428 morti
1628 400 1745 439 proximi

1009 444 1123 473 :edificia
1135 445 1330 473 construebant.
1348 451 1394 473 lx.
1411 449 1474 472 399.
1490 454 1518 472 E.
1531 443 1611 472 Senes
1623 444 1747 481 qutedam

1010 489 1107 517 habeut
1122 490 1186 518 vitia
1202 489 1301 528 quibus
1316 495 1405 516 carent
1424 488 1549 526 juvenes,
1574 494 1621 515 XI.
1638 492 1703 518 813,
1720 499 1745 516 B.

1010 532 1139 566 Quaenam
1160 533 1214 561 sint
1228 533 1286 561 ista.
1312 534 1357 560 ΙΙ).
1378 532 1458 560 Senes
1478 532 1630 570 utjuvenes
1643 541 1749 559 currere

1009 576 1106 604 debent
1121 577 1147 604 in
1162 577 1249 605 stadio
1265 576 1366 604 salutis.
1378 582 1437 604 XII.
1451 580 1515 604 109.
1533 586 1558 604 n.
1574 575 1673 603 Senum
1684 575 1749 603 vitia

1012 628 1129 659 tempore
1146 620 1342 659 Cbrysostomi.
1366 627 1424 648 XII.
1450 624 1513 647 110.
1535 630 1561 647 Α.

1053 665 1139 693 Senes
1161 665 1330 693 Judaeorum
1351 663 1481 691 doctores
1501 662 1698 701 appellantur.
1718 669 1750 690 V.

1014 713 1077 738 875.
1102 719 1127 738 Β.

1053 753 1215 781 Smsunm
1230 752 1266 779 ad
1284 750 1435 790 spiritualia
1450 761 1497 779 nos
1513 750 1624 779 ducunt.
1642 757 1686 780 III.
1703 755 1748 779 91.

1055 796 1229 824 §mmmm
1243 795 1325 822 variae
1345 794 1380 822 de
1394 795 1450 823 Deo
1466 801 1490 823 et
1503 794 1632 833 regimine
1645 793 1749 822 mundi.

1016 846 1083 867 VIII.
1101 843 1146 866 58.
1165 849 1191 866 c.
1211 849 1240 868 D.

1054 883 1243 911 Serreuanics
1258 891 1385 909 numerus
1407 881 1433 909 in
1454 881 1602 920 Seripturis
1621 880 1752 910 infinitam

1016 925 1216 955 multitudinem
1227 925 1370 963 significat.
1388 932 1408 953 1.
1427 930 1492 953 827.
1510 935 1538 954 D.

1054 972 1233 1000 SEPTUAGIES
1266 969 1362 1008 septies
1374 992 1381 1005 ‚
1410 969 1515 997 infinite
1527 992 1535 1004 ,
1569 975 1697 1008 perpetuo
1728 975 1753 997 ct

1016 1026 1119 1054 semper
1129 1015 1249 1043 denotat.
1267 1021 1324 1042 vu.
1343 1018 1406 1042 688.
1425 1024 1449 1042 B.

1056 1060 1259 1088 Summarum
1276 1058 1431 1096 interpretes
1456 1057 1517 1085 aliis
1542 1056 1595 1085 fide
1614 1056 1753 1095 digniores

1016 1102 1108 1130 haberi
1123 1101 1230 1132 debent.
1245 1108 1302 1129 VII.
1319 1106 1366 1130 87.
1379 1111 1405 1128 c.
1420 1105 1465 1129 88.
1480 1100 1670 1139 Septuaginta
1685 1101 1753 1128 duo-

1017 1156 1080 1173 rum
1105 1146 1291 1182 interpretum
1320 1146 1411 1171 versio
1438 1145 1666 1172 commendatur.
1682 1151 1752 1172 vm.

1018 1194 1082 1217 967.
1094 1200 1113 1216 x.
1125 1188 1153 1212 A
1164 1188 1275 1216 Judoeis
1283 1188 1460 1225 sapientibus
1470 1187 1539 1215 olim
1551 1189 1751 1226 recipiebatur.

1017 1231 1086 1260 lbid.

1058 1277 1231 1316 Septuaginta
1246 1275 1445 1305 hebdomadum
1458 1276 1578 1305 Danielis
1598 1276 1752 1314 explicatio.

1020 1329 1040 1350 1.
1053 1326 1118 1350 787.
1135 1332 1161 1349 Β.

1052 1366 1232 1394 Semnonum
1244 1364 1345 1393 Christi
1358 1374 1438 1402 quam
1451 1363 1619 1392 honorabile.
1633 1368 1753 1393 1.696.1³.

1019 1420 1045 1437 c.
1068 1408 1197 1447 Sepulcra
1223 1408 1362 1447 piscatoris
1392 1415 1417 1436 et
1446 1408 1625 1437 tentoriorum
1652 1407 1757 1446 opificis

1019 1463 1111 1482 omnes
1125 1453 1216 1480 Romae
1227 1453 1334 1482 adeunt.
1350 1460 1370 1481 1.
1380 1457 1446 1481 697.
1462 1463 1489 1480 D.
1504 1452 1634 1491 Sepulcra
1649 1458 1758 1490 marty-

1020 1508 1081 1526 rum
1102 1496 1235 1525 daemones
1259 1496 1414 1526 formidant.
1433 1501 1545 1532 lt.„805.
1564 1507 1591 1525 E.
1612 1497 1641 1524 In
1665 1496 1759 1524 civita-

1021 1541 1094 1569 tibus
1118 1540 1256 1569 honorata.
1271 1547 1304 1568 v.
1323 1545 1388 1569 377.
1405 1552 1431 1569 Λ.
1446 1540 1610 1578 frequentata
1631 1546 1656 1568 et
1674 1539 1757 1569 culta.

1023 1591 1056 1612 V.
1071 1588 1135 1612 623.
1155 1595 1178 1612 A.
1196 1591 1252 1612 vn.
1268 1589 1332 1612 477.
1347 1595 1371 1612 n.

1063 1627 1253 1667 Sepulcrorum
1272 1638 1346 1656 arcas
1360 1627 1439 1656 multi
1457 1627 1631 1665 effringebant
1643 1633 1763 1665 tempore

1025 1671 1212 1711 Chrysostomi
1238 1672 1410 1712 pecuniarum
1433 1678 1458 1700 et
1480 1671 1657 1710 pretiosarum
1674 1681 1763 1699 rerum

1026 1715 1174 1754 cupiditate
1195 1716 1281 1744 ducti.
1309 1723 1344 1744 II.
1367 1720 1432 1744 915.
1449 1726 1472 1743 n.
1492 1721 1536 1743 IV.
1557 1719 1619 1743 864.
1635 1725 1661 1744 c.
1682 1725 1711 1743 n.
1728 1721 1760 1744 v.

1025 1764 1092 1788 265.
1110 1770 1137 1787 Ε.
1162 1767 1219 1789 vn.
1245 1764 1310 1788 869.
1327 1770 1354 1788 c.
1374 1766 1444 1788 VIII.
1463 1763 1528 1787 412.
1545 1770 1572 1787 A.
1596 1766 1628 1788 x.
1650 1763 1714 1787 371.
1734 1770 1761 1788 c.

1026 1808 1090 1831 385.
1105 1814 1134 1831 D.
1151 1808 1215 1831 386.
1230 1815 1255 1832 s.

1065 1847 1147 1875 Multi
1158 1847 1318 1876 intolerabili
1333 1847 1426 1876 dolore
1436 1846 1535 1883 affecti,
1546 1856 1630 1885 prope
1642 1845 1764 1884 sepulcra

1024 1897 1190 1919 mortuorum
1214 1890 1381 1918 domicilium
1407 1889 1458 1918 sibi
1482 1899 1595 1928 perenne
1623 1889 1765 1917 constitue-

1024 1941 1098 1962 runt.
1114 1941 1147 1963 11.
1162 1938 1226 1962 663.
1245 1945 1271 1962 c.
1284 1945 1312 1964 D,
1336 1934 1463 1973 Sepulcra
1478 1939 1617 1972 parentum
1641 1931 1767 1961 conside-

1025 1978 1108 2006 randa
1123 1985 1148 2006 et
1162 1978 1313 2016 cogitanda,
1331 1985 1360 2006 ut
1372 1977 1498 2005 sedentur
1517 1976 1599 2004 animi
1617 1982 1713 2004 motus.
1730 1983 1763 2004 V.

1025 2027 1089 2050 414.
1107 2032 1130 2050 c.
1148 2033 1176 2050 n.

1064 2066 1192 2104 Sepulcra
1208 2071 1374 2093 mortuorum
1388 2070 1464 2093 extra
1480 2064 1570 2092 urbes.
1584 2070 1617 2092 V.
1636 2067 1681 2092 43.
1696 2073 1721 2091 c.
1736 2063 1766 2091 In

1028 2111 1140 2139 urbibus
1161 2121 1212 2140 non
1229 2111 1459 2139 construebantur.
1474 2117 1531 2138 VII.
1545 2115 1609 2138 801.
1624 2121 1650 2137 a.
1663 2108 1743 2137 Multi
1754 2120 1768 2137 a

1024 2155 1153 2194 sepulcris
1165 2155 1261 2183 reversi
1278 2165 1333 2182 sese
1347 2154 1501 2182 abluebant.
1516 2161 1574 2182 VII.
1591 2158 1655 2182 475.
1672 2164 1698 2181 e.

1065 2199 1192 2238 Sepulcra
1217 2197 1357 2235 splendida
1381 2198 1558 2226 immortalem
1584 2208 1636 2226 nou
1659 2198 1768 2236 pariunt

1026 2243 1192 2272 memoriam.
1210 2249 1255 2271 lv.
1273 2247 1336 2270 850.
1354 2253 1377 2270 n.
1395 2252 1475 2279 quam
1489 2252 1557 2270 vana
1572 2242 1635 2270 sint.
1653 2249 1686 2270 v.
1702 2246 1767 2270 339.

1025 2298 1054 2317 1).
1078 2287 1210 2326 Sepulcra
1234 2287 1346 2314 domum
1364 2292 1522 2325 perpetuam
1535 2292 1629 2324 putare
1646 2285 1768 2314 insanum

1026 2338 1074 2361 est.
1089 2338 1120 2360 V.
1134 2336 1197 2360 254.
1214 2341 1242 2359 A.
1256 2335 1319 2359 255.
1335 2330 1417 2359 Multi
1439 2330 1627 2358 construebant
1646 2329 1769 2368 sepulcra

1026 2375 1255 2413 magnificentiora
1291 2374 1427 2403 domibus.
1454 2380 1485 2402 v.
1512 2378 1576 2402 255.
1609 2373 1771 2413 Sepulcrum

1026 2418 1179 2446 tricubitalc
1192 2418 1295 2446 divitis.
1313 2425 1343 2446 V.
1357 2422 1420 2446 622.
1436 2428 1463 2446 Ε.

1066 2462 1228 2500 Sepulcrum
1244 2469 1334 2500 patens
1349 2468 1478 2490 vocantur
1489 2462 1535 2499 qui
1551 2461 1672 2490 obscoena
1687 2461 1768 2490 verba

1028 2506 1164 2543 loquutur.
1185 2513 1216 2535 V.
1238 2511 1278 2535 13.
1303 2517 1323 2533 i.

1068 2552 1229 2587 Srnxruim,
1244 2550 1326 2588 ignita
1342 2561 1386 2579 ora
1400 2550 1559 2588 significant.
1576 2557 1593 2578 I⁴
1612 2554 1708 2577 1573.c.
1727 2556 1769 2577 VI⁴
