1884 2922
723 202 825 225 INDEX

86 274 149 291 num
164 262 334 291 inimicorum
349 262 466 291 dilectio.
483 270 527 292 tv.
545 268 589 291 37.
603 275 627 293 n.
641 274 666 291 c,
682 264 823 298 Quomodo

85 306 208 334 inimicos
229 305 342 344 diligere
357 313 486 344 oporteat.
509 314 553 335 XI.
579 311 624 335 59.
647 318 676 335 1).
697 307 774 335 Nihil
790 307 824 335 ita

86 350 172 378 Deum
188 349 286 388 placat,
306 356 332 377 ut
356 349 478 378 inimicos
497 349 620 388 diligere,
636 357 661 378 et
676 351 826 378 benefacere

86 392 257 422 laedentibus.
286 400 355 421 vui.
384 398 449 421 571.
474 404 499 422 A.
524 394 574 422 Hie
597 404 672 422 amor
697 394 824 422 redemtio

87 437 205 464 maxima
219 436 268 464 erit
281 443 448 474 peccatorum
467 436 493 464 in
512 436 556 465 die
577 437 690 465 terribili
714 437 826 465 extremi

86 480 192 521 judicii.
221 487 267 508 lv.
295 485 341 507 37.
360 490 385 507 A.
410 480 461 507 Pro
484 480 599 508 inimicis
622 480 764 510 orandum.
784 481 823 508 lb.

88 533 115 555 et
136 529 199 553 895.
217 534 242 552 c.
260 524 301 551 vel
322 523 401 551 etiam
424 523 603 552 moriendum.
628 531 686 553 VII.
709 530 773 553 860.
798 535 824 551 (2.

88 571 232 599 Summum
245 567 352 595 virtutis
362 577 488 596 cacumen
501 574 537 595 est
549 578 596 607 pro
609 567 725 596 inimicis
738 578 824 596 orare..

89 618 154 642 275.
176 624 198 640 A.
216 612 313 639 Contra
329 610 432 639 dictum
454 610 523 639 illud
536 611 684 639 forensium
702 618 725 639 et
741 611 828 639 infimi

90 656 166 695 vulgi
181 668 187 685 :
202 657 376 683 Innumeros
389 657 519 683 aversari
534 655 604 691 scio,
622 661 723 694 pugnat
739 655 829 693 Chry-

93 707 234 729 sostomus.
250 706 294 727 lx.
307 703 372 728 796.

131 745 301 772 lmncmffl
323 748 350 770 et
374 741 578 771 altercaciones
596 744 627 770 in
642 741 776 770 Ecclesia
795 751 830 769 ex

91 789 230 823 avaritia,
244 786 367 819 invidia,
380 787 517 824 superbia
532 793 559 814 et
574 787 662 814 ‘vanis
674 785 830 813 honoribus

91 835 240 859 oriuntur:
257 830 326 858 tolle
355 829 415 856 haec
429 852 436 865 ,
453 835 481 857 et
509 830 592 857 nulla
617 829 778 856 invenietur
800 831 831 855 in

94 876 270 903 Christianis
285 873 441 901 discordia.
459 880 503 901 VI.
518 878 582 903 911.
601 883 627 900 A.
642 878 668 900 1α
683 872 736 900 col.

133 919 244 952 luiocis
272 916 364 944 multis
379 916 446 944 nihil
469 916 622 950 infirmius3
648 915 716 943 nihil
741 922 829 943 autem

92 962 187 990 fortius
202 971 254 989 uno
274 961 321 998 qui
335 960 484 988 seeundum
507 960 555 988 Dei
580 959 665 998 legem
688 959 766 988 vivit.
786 966 830 987 tx.

94 1010 157 1034 232.
174 1016 203 1033 D.

134 1055 288 1087 lix‘ierts,
299 1059 390 1091 partus
401 1052 549 1091 viperinus.
563 1059 595 1081 V.
613 1057 659 1081 87.
677 1051 831 1090 Iniquitatis

95 1097 193 1137 gradus
205 1097 283 1125 varii.
297 1104 317 1124 Ι.
333 1101 377 1124 96.
392 1097 439 1125 Est
465 1097 590 1134 iniquitas
605 1097 734 1132 maxima,
746 1106 833 1133 quan—

95 1142 129 1170 do
154 1141 213 1180 quis
236 1141 321 1178 legem
347 1140 615 1179 transgrediturquae
630 1140 707 1168 illum
734 1146 832 1174 tuetur,

95 1185 201 1224 quando
223 1185 285 1222 quis
300 1184 419 1223 ingratus
433 1191 471 1213 est
490 1195 552 1223 erga
576 1184 779 1212 benefactorem.
798 1190 830 1211 V.

96 1234 160 1258 186.
176 1241 200 1256 A.
212 1240 235 1256 Β.

139 1274 302 1301 INiriant‘s
315 1272 347 1300 ad
363 1282 391 1300 os
405 1272 559 1307 sacerdotis,
578 1279 713 1309 tamquam
728 1270 761 1298 ad
775 1281 833 1298 ora-

96 1317 196 1351 culum,
213 1315 362 1344 accedebat.
380 1324 412 1345 x.
436 1321 499 1344 774.
514 1327 542 1345 A.
560 1316 614 1350 Qui
630 1315 748 1343 nondum
761 1321 834 1343 erant

96 1361 210 1397 initiati,
228 1360 260 1388 ad
285 1361 372 1389 omnia
395 1360 527 1388 audienda
543 1371 594 1388 non
610 1359 831 1387 admittebantur.

96 1410 160 1433 4¹11.
178 1416 207 1435 A.
231 1404 346 1439 Quando
362 1411 449 1431 autem
464 1403 623 1438 adstabant,
639 1403 834 1442 expositionem

95 1448 222 1477 doetrinae
245 1448 375 1476 faciebant
396 1447 576 1475 difficiliorem
590 1470 596 1483 ‚
611 1458 643 1475 ne
662 1447 716 1475 illis
740 1457 833 1475 arcana

95 1493 306 1521 enuntiarentur.
332 1493 375 1520 ΙΙ).
390 1491 518 1519 Initiandi
540 1498 616 1530 pacta
639 1502 698 1520 cum
716 1491 834 1519 Ecclesia

95 1536 210 1564 inibant.
233 1542 304 1563 vill.
326 1540 354 1563 7.
381 1546 405 1564 c.
432 1536 499 1570 Quae
534 1535 664 1563 sacrificia
696 1536 832 1563 offerrent.

96 1587 152 1608 Vll.
171 1584 234 1608 248.
253 1590 278 1609 n.
298 1579 407 1607 Sacram
421 1589 540 1607 mensam
561 1587 667 1618 tangere
682 1590 733 1607 non
748 1580 833 1607 aude-

94 1623 168 1652 bant.
187 1630 233 1651 Ix.
256 1628 300 1651 90.
325 1634 352 1651 E.
370 1623 439 1650 Vide
455 1623 649 1652 ILLtsmmiixm
666 1630 692 1652 et
716 1624 835 1651 lumni-

96 1678 170 1696 NATI.

136 1712 270 1740 Ixrrmris
294 1712 351 1740 haec
373 1711 455 1739 verba
479 1710 653 1739 tradebantur
677 1722 684 1739 z
713 1713 836 1740 Dimitte

98 1757 178 1785 nobis
191 1757 288 1785 debita
299 1762 409 1790 nostra,
420 1757 491 1784 sicut
503 1762 527 1783 et
536 1766 587 1784 nos
599 1756 774 1785 dimittimus.
788 1763 832 1785 IV.

98 1805 162 1830 312.
182 1811 206 1828 A.
220 1801 270 1829 Per
284 1810 381 1837 aquam
396 1806 583 1837 regenerantur
593 1822 599 1834 ,
618 1810 649 1829 ac
664 1810 711 1837 per
725 1801 835 1838 sangui-

97 1853 157 1871 nem
181 1851 205 1871 et
229 1854 335 1871 carnem
359 1843 524 1871 nutriuntur.
544 1850 611 1871 VIII.
633 1848 697 1871 578.
717 1854 741 1872 E.
768 1843 835 1872 Hinc

97 1887 223 1926 mysteria
248 1886 353 1915 initium
378 1893 496 1914 sumunt.
519 1888 562 1914 ΙΙ).
591 1887 716 1915 Sciebant
737 1887 835 1915 initiati

97 1931 256 1969 mysterium
278 1930 377 1958 calicis.
405 1937 437 1957 II.
457 1933 520 1957 266.
538 1940 564 1957 c.
592 1929 636 1957 Illi
660 1930 710 1957 soli
733 1941 835 1958 sacram

97 1984 215 2003 mensam
231 1981 337 2012 tangere
353 1972 493 2001 audebant.
510 1980 556 2001 IX.
576 1979 620 2001 90.
638 1984 665 2001 A.

137 2018 256 2045 Imrrum
272 2016 367 2055 agendi
389 2027 467 2055 penes
484 2026 530 2044 nos
551 2024 588 2044 est
601 2039 608 2051 ‚
631 2028 664 2045 ex
678 2016 748 2045 dono
772 2017 833 2044 Dei.

97 2069 153 2090 vn.
168 2066 231 2089 535.
247 2071 272 2088 Β.
291 2063 313 2088 A
329 2060 405 2088 nobis
420 2060 527 2088 ducitur
542 2060 647 2088 initium
664 2068 688 2089 et
703 2061 835 2089 bonorum

97 2105 353 2143 consequendorum,
367 2111 390 2132 et
407 2114 489 2141 poente
502 2105 671 2133 sustinendae.
688 2111 720 2132 V.
736 2109 834 2132 421.1÷,.

95 2149 176 2176 Initia
193 2149 303 2176 fervent.
317 2155 360 2176 VI.
376 2152 438 2177 132.
454 2157 479 2176 C.
496 2159 525 2176 n.
545 2155 602 2176 vlt.
619 2153 682 2176 433.
695 2158 721 2176 n.
735 2159 761 2178 E.
790 2147 835 2176 sed

97 2192 292 2230 perseverantia
307 2191 452 2219 difficilior.
470 2192 515 2221 lh.

138 2236 237 2263 lusum
248 2246 283 2263 AM
297 2235 342 2273 qui
358 2235 482 2273 proximo
498 2235 571 2269 facit,
587 2235 710 2273 graviora
725 2235 781 2273 ipse
794 2245 836 2272 pa-

97 2279 173 2307 titur.
188 2286 221 2307 V.
236 2284 279 2306 88.
294 2290 319 2306 A.
336 2279 388 2312 Qui
403 2279 466 2307 facit
481 2279 618 2317 injuriam,
629 2289 680 2306 non
697 2286 748 2306 tam
762 2278 834 2313 tacit,

97 2332 177 2360 quam
201 2321 307 2360 accipit.
336 2329 382 2350 XI.
409 2327 472 2350 354.
499 2333 526 2349 Ε.
552 2322 651 2350 Melius
679 2328 715 2349 est
740 2321 837 2359 injuria

98 2366 179 2400 affici,
191 2376 270 2402 quam
284 2365 410 2403 injuriam
421 2366 527 2393 inferre.
539 2373 585 2394 lx.
601 2370 664 2393 5⁴30.
675 2365 702 2394 Si
714 2365 774 2402 quis
787 2365 837 2392 tibi

99 2409 225 2447 injuriam
242 2409 332 2436 fecerit
344 2431 350 2442 ,
368 2409 497 2437 damnum
513 2419 591 2447 penes
606 2408 682 2436 illum
698 2409 746 2436 erit
761 2430 767 2443 ‚
785 2418 836 2434 non

99 2462 177 2490 penes
193 2458 282 2480 te.1x.
299 2457 365 2480 751).
376 2453 492 2480 A.Miser
505 2458 600 2479 estnon
615 2451 660 2488 qui
672 2451 783 2490 patitur,
792 2450 837 2477 sed

99 2497 145 2533 qui
159 2496 238 2523 insert
252 2496 463 2534 injuriainXIII.
478 2501 543 2524 479.
558 2506 584 2524 A.
599 2496 658 2523 Non
674 2495 717 2523 ille
729 2494 775 2532 qui
790 2505 838 2532 pa-

100 2540 163 2568 titur
179 2540 315 2578 injuriam,
327 2540 371 2568 sed
387 2540 432 2578 qui
448 2540 519 2575 facit,
533 2539 662 2578 lacrymis
677 2546 701 2567 et
716 2538 838 2566 lamentis

101 2583 312 2621 estdiguus.1v.
327 2589 389 2612 903.
402 2594 426 2612 Ε.
443 2591 510 2612 VIII.
531 2588 594 2613 28¹⁴.
608 2594 633 2612 c.
646 2583 774 2621 Injuriam
787 2591 837 2610 non

854 202 934 224 nunt.
945 202 980 224 M.
1552 201 1620 233 γι)

1578 221 1608 235 ‘a

878 263 974 301 accipit
986 262 1031 300 qui
1047 272 1098 290 non
1114 262 1203 293 insert,
1219 269 1287 291 thl.
1299 265 1363 290 284.
1381 272 1404 289 c.
1419 261 1473 297 Qui
1494 261 1621 299 injuriam

878 307 974 335 inferre
998 306 1164 341 meditatur,
1188 307 1210 335 is
1225 307 1281 334 luto
1307 305 1470 334 imbecillior
1490 312 1549 341 est;
1574 305 1621 342 qui

878 360 942 378 vero
958 350 1035 378 leesus
1050 351 1153 379 fortiter
1170 350 1297 389 injuriam
1316 349 1382 378 serre
1397 349 1490 383 novit,
1518 348 1563 376 illc
1583 355 1621 376 est

879 393 997 429 adamam,
1013 395 1139 422 stimulus
1154 401 1178 422 et
1193 394 1271 431 ignis.
1290 400 1345 421 vn.
1365 397 1428 421 511.
1448 403 1471 420 ιι.
1487 393 1546 420 Non
1558 402 1621 430 ergo

880 438 977 476 injuria
1001 438 1071 465 astici
1089 438 1189 465 malum
1213 444 1264 472 est,
1286 437 1331 465 sed
1357 436 1483 474 injuriam
1506 435 1622 470 inferre,

879 487 925 508 aut
947 491 998 508 non
1015 491 1090 520 posse
1113 481 1179 509 serre
1201 480 1338 519 injuriam.
1368 481 1411 507 lh.
1434 479 1558 507 Timeaut
1575 479 1621 516 qui

880 535 1010 562 pauperes
1033 525 1140 563 injuriis
1160 525 1295 559 afficiunt3
1309 523 1336 551 lii
1349 524 1419 551 enim
1435 523 1533 551 liabent
1545 534 1619 551 arma

881 569 1001 595 omnium
1025 567 1203 600 validissima,
1222 568 1309 595 luctus
1325 575 1349 596 et
1364 567 1487 606 ejulatus,
1503 578 1562 606 quae
1578 578 1623 595 su—

881 622 994 650 pernum
1010 619 1121 640 evocant
1135 612 1277 640 auxilium.
1289 619 1319 640 V.
1339 617 1399 640 144.
1416 622 1444 641 A.
1462 623 1487 639 B.

922 655 1031 693 Injuriae
1055 655 1185 694 patienter
1200 654 1322 683 serendae.
1336 662 1368 684 V.
1387 660 1449 683 144.
1467 666 1492 683 A.
1510 662 1555 683 VI.
1574 660 1618 683 49.

882 709 910 727 Δ.
934 706 991 727 VII.
1017 703 1084 727 268.
1107 710 1132 726 (ι.
1150 710 1178 726 n.
1210 699 1278 726 sicut
1303 697 1379 726 docet
1401 698 1533 727 Christus.
1562 706 1621 727 VII.

883 746 948 771 875.
977 753 1001 770 c.
1024 752 1052 769 D.
1077 748 1103 770 et
1122 741 1210 780 jubet.
1239 749 1271 770 x.
1291 746 1352 770 167.
1372 752 1400 770 n.
1419 752 1444 769 ε.
1469 742 1578 780 Injuriae
1599 749 1625 770 ct

883 785 1016 813 irrisiones
1030 785 1164 823 quomodo
1178 785 1300 813 ferendae.
1324 792 1367 814 tv.
1381 790 1444 813 244.
1461 795 1485 813 Ε.
1504 785 1549 814 Eae
1562 796 1624 814 vero

883 840 940 867 qua:
956 829 1071 858 Domino
1083 829 1243 863 inseruntur,
1259 829 1489 857 vehementissime
1504 836 1563 857 sunt
1579 830 1624 857 ul-

883 872 1022 901 ciscendae.
1042 880 1087 901 VI.
1105 878 1151 901 49.
1169 884 1194 901 A.
1211 873 1239 901 Si
1255 873 1315 910 quis
1331 872 1428 911 injuria
1441 879 1478 900 est
1490 873 1523 900 ab
1533 873 1624 910 aliquo

883 916 992 945 affectus
1004 939 1011 952 ,
1027 927 1132 944 omnem
1151 923 1340 955 congregatam
1363 917 1487 945 ferociam
1502 917 1623 945 effundat

884 960 909 988 in
923 967 1004 999 caput
1025 960 1125 988 diaboli
1141 971 1147 988 :
1172 961 1210 989 sic
1226 961 1331 999 injuria»
1346 968 1460 1000 accepta*
1476 961 1625 989 recordatio

883 1011 908 1032 et
923 1004 1017 1032 odium
1034 1015 1074 1032 res
1088 1011 1126 1032 est
1139 1004 1296 1035 laudabilis.
1314 1013 1359 1034 XI.
1380 1011 1442 1034 199.
1459 1005 1502 1034 Sis
1516 1005 1621 1044 injuria¹

884 1058 899 1076 a
913 1047 1021 1076 diabolo
1033 1054 1146 1086 acceptae
1169 1058 1279 1082 memor,
1296 1055 1320 1076 et
1336 1059 1484 1086 numquam
1497 1048 1624 1077 adversus

884 1101 944 1119 eum
964 1098 1098 1130 susceptas
1119 1102 1247 1129 compone
1262 1091 1427 1120 inimicitias.
1447 1093 1490 1120 ΙΙ).
1515 1092 1625 1129 Injuriae

885 1135 963 1164 utiles
979 1136 1110 1174 patienter
1126 1135 1228 1163 serenti.
1254 1143 1298 1165 lx.
1324 1141 1384 1164 494.
1405 1147 1429 1163 E.
1455 1136 1507 1170 Qui
1526 1136 1623 1174 injuria

886 1178 963 1207 laesus
980 1180 1108 1217 patienter
1124 1178 1234 1213 tolerat,
1252 1180 1441 1218 possessionem
1455 1179 1536 1207 habet
1551 1180 1625 1208 mille

885 1222 1018 1250 thesauris
1030 1222 1221 1261 pretiosiorem.
1230 1231 1262 1253 x.
1280 1228 1341 1252 167.
1353 1235 1377 1251 Ε.
1391 1223 1465 1251 Nihil
1476 1224 1510 1251 ita
1522 1223 1623 1252 laeden-

887 1273 924 1294 tes
936 1266 1052 1302 cohibet,
1071 1273 1099 1294 ut
1114 1277 1174 1294 cum
1186 1267 1239 1295 laesi
1258 1267 1470 1296 inodesteferunt
1486 1267 1624 1306 injuriam.

887 1316 945 1338 VII.
974 1315 1039 1339 268.
1063 1321 1092 1338 n.
1121 1310 1179 1338 Imo
1202 1311 1282 1339 efficit
1299 1311 1377 1339 laesus
1393 1319 1421 1339 ut
1445 1311 1506 1339 sacti
1524 1311 1625 1340 heden-

887 1360 938 1382 tem
946 1355 1082 1392 poeniteat,
1100 1360 1124 1381 et
1139 1364 1172 1382 ex
1187 1354 1418 1383 inimicoamicum
1430 1355 1479 1383 sibi
1497 1355 1620 1392 acquirit.

888 1404 943 1425 VII.
973 1402 1034 1425 268.
1055 1408 1082 1425 D.
1100 1408 1126 1425 E.
1143 1398 1170 1426 Si
1183 1409 1233 1426 non
1245 1409 1314 1437 aegre
1326 1399 1405 1426 ferres
1417 1399 1555 1437 injuriam,
1568 1410 1620 1427 non

888 1441 1014 1479 injuriam
1042 1441 1196 1479 acciperes3
1222 1452 1272 1470 non
1288 1443 1359 1470 enim
1380 1443 1412 1470 ab
1429 1443 1621 1477 inferentibus,

887 1484 933 1513 sed
944 1495 958 1512 a
974 1484 1137 1523 patientibus
1151 1495 1248 1523 graves
1263 1486 1330 1514 fiunt
1345 1485 1458 1524 injuriae.
1475 1493 1545 1515 VIII.
1561 1491 1626 1515 566.

888 1528 996 1566 Injuriis
1009 1527 1110 1566 impeti,
1129 1538 1176 1556 nec
1199 1529 1337 1567 impetere,
1361 1528 1496 1558 sedetiam
1510 1531 1627 1569 seipsum

887 1571 921 1600 ad
941 1571 1094 1610 patiendum
1110 1572 1215 1605 offerre,
1234 1573 1283 1600 hoc
1298 1579 1337 1601 est
1353 1573 1478 1602 maximae
1492 1574 1602 1602 virtutis
1618 1597 1625 1607 ,

886 1615 937 1643 hoc
948 1616 1041 1643 sortem
1054 1615 1142 1644 reddit
1157 1617 1282 1644 animam.
1298 1624 1327 1645 v.
1346 1622 1388 1645 88.
1406 1628 1430 1645 Ε.
1442 1629 1467 1648 A,
1481 1618 1559 1656 liqui
1573 1618 1627 1646 laesi

888 1658 998 1697 injurias
1013 1659 1116 1687 fortiter
1133 1660 1233 1696 ferunt,
1250 1661 1338 1688 Deum
1353 1660 1449 1688 liabent
1467 1662 1626 1700 propitium,

888 1713 1032 1740 omnesque
1044 1713 1072 1730 se
1084 1704 1298 1732 commiserantes
1311 1727 1318 1739 ‚
1339 1704 1540 1742 laudantesque.
1558 1712 1627 1733 wit.

889 1751 952 1775 284.
972 1758 996 1775 e.
1016 1747 1112 1775 Merito
1127 1747 1199 1775 hunc
1213 1747 1296 1785 magis
1311 1746 1477 1775 admiramur
1491 1748 1536 1786 qui
1554 1748 1628 1786 inju-

889 1790 941 1818 rias
950 1791 1079 1828 gratofert
1089 1790 1188 1824 animo,
1197 1801 1278 1828 quam
1288 1801 1348 1818 eum
1361 1792 1405 1829 qui
1416 1790 1462 1818 dat
1472 1802 1518 1819 sua
1527 1798 1628 1830 sponte.

888 1840 935 1861 XI.
957 1838 1022 1864 519.
1043 1845 1068 1861 E.
1088 1844 1178 1871 quare.
1202 1835 1245 1863 ΙΙ).

929 1877 1058 1916 Injuriam
1076 1877 1221 1916 rependere
1244 1888 1295 1905 non
1312 1877 1383 1906 licet.
1410 1885 1454 1906 IX.
1472 1883 1534 1906 136.
1553 1890 1581 1908 n.
1600 1889 1626 1907 Ε.

888 1921 936 1949 sed
966 1921 1026 1949 illas
1048 1922 1181 1950 remittere
1203 1928 1315 1960 oportet.
1341 1929 1362 1950 t.
1391 1927 1454 1950 861.
1481 1933 1507 1952 c.
1535 1923 1629 1961 Cogita

888 1976 966 2003 quain
977 1966 1013 1993 sis
1028 1971 1157 2004 peccator,
1169 1972 1193 1993 et
1206 1976 1258 1993 non
1273 1965 1352 1994 modo
1367 1976 1417 1994 non
1431 1966 1565 1994 recusabis
1579 1967 1627 1994 lae-

888 2010 1013 2039 dentibus
1032 2018 1056 2039 te
1071 2011 1177 2039 veniam
1198 2012 1280 2046 dare,
1296 2022 1389 2039 verum
1413 2012 1491 2040 etiam
1514 2011 1547 2040 ad
1568 2012 1628 2041 illos

888 2065 1027 2089 accurres,
1045 2062 1072 2082 ut
1096 2055 1144 2082 tibi
1168 2055 1194 2082 id
1211 2055 1244 2082 sit
1265 2056 1427 2084 remissionis
1447 2056 1556 2084 occasio.
1579 2064 1626 2085 111.

893 2104 935 2126 18.
954 2109 977 2126 Β.
992 2109 1019 2126 c.
1032 2105 1088 2128 vlt.
1105 2103 1170 2126 861.
1189 2109 1211 2125 A.
1234 2108 1258 2125 Β.
1276 2099 1305 2127 Si
1320 2099 1346 2126 id
1363 2110 1413 2126 non
1427 2099 1507 2127 facias
1519 2122 1526 2135 ‚
1542 2101 1628 2138 majus

889 2148 914 2169 tc
926 2148 1013 2168 manet
1026 2141 1198 2179 supplicium.
1216 2148 1274 2169 VII.
1295 2146 1358 2169 861.
1378 2153 1403 2170 Β.
1420 2143 1550 2181 Injuriam
1568 2144 1628 2172 aliis

890 2184 1047 2213 remittendo
1062 2206 1069 2219 ,
1086 2185 1162 2212 nobis
1177 2185 1241 2223 ipsis
1254 2207 1261 2218 ,
1290 2195 1340 2212 non
1354 2185 1408 2213 illis
1419 2206 1427 2219 ,
1450 2187 1623 2216 consulimus.

892 2235 962 2256 vlu.
973 2233 1036 2255 269.
1052 2238 1078 2256 E.
1093 2228 1160 2255 Cum
1170 2227 1229 2255 aliis
1243 2238 1292 2255 non
1302 2228 1474 2263 dimittimus,
1488 2231 1563 2259 nobis
1577 2242 1628 2260 non

890 2271 1061 2298 dimittimus.
1074 2272 1116 2298 lh.
1130 2281 1156 2297 A.
1169 2271 1254 2308 Igitur
1265 2282 1344 2310 penes
1361 2278 1385 2299 te
1397 2279 1433 2300 est
1448 2280 1476 2301 ut
1489 2275 1559 2302 Deus
1569 2286 1629 2313 pec-

891 2321 1009 2342 catorum
1025 2320 1130 2341 tuorum
1151 2314 1191 2341 vel
1217 2315 1368 2344 recordetur
1383 2317 1424 2344 vel
1439 2318 1626 2347 obliviscatur.

891 2361 933 2386 lb.
951 2358 1005 2393 Qui
1019 2368 1070 2385 non
1082 2358 1191 2385 remittit
1205 2369 1238 2385 ex
1252 2358 1341 2394 corde,
1358 2370 1409 2388 non
1423 2368 1506 2399 potest
1521 2362 1625 2392 dicere:

891 2403 1014 2430 Dimitte
1029 2402 1109 2429 nohis
1119 2403 1192 2429 sicut
1204 2408 1229 2429 el
1245 2413 1296 2430 nos
1307 2403 1490 2432 dimittimus.
1504 2413 1550 2433 XI.
1565 2412 1628 2436 847.

891 2445 943 2474 Sed
967 2445 1070 2473 remitte
1094 2445 1116 2472 ci
1132 2445 1177 2483 qui
1204 2453 1227 2473 te
1241 2446 1368 2481 offendit,
1393 2454 1417 2475 et
1434 2448 1494 2476 licet
1516 2459 1630 2487 maguus

890 2490 925 2518 sis
936 2495 1067 2529 peccator,
1090 2490 1189 2528 poteris
1210 2490 1289 2518 etiam
1305 2491 1379 2528 regni
1400 2491 1457 2519 {ieri
1474 2493 1622 2532 particeps,

891 2545 937 2574 per
952 2534 1008 2562 haec
1016 2533 1168 2571 abstergens
1181 2543 1286 2561 omnem
1301 2534 1448 2565 maculam.
1464 2541 1582 2566 X1.847.
1598 2547 1623 2565 F..

893 2590 916 2607 r.
934 2578 1003 2613 Quis
1018 2587 1069 2605 non
1085 2576 1151 2605 velit
1169 2576 1270 2605 amicus
1286 2587 1341 2606 esse
1352 2578 1393 2607 rel
1405 2589 1497 2608 servus
1511 2579 1568 2617 ejus
1583 2581 1629 2618 qui
