1935 2922
39 370 104 391 Psnl.
128 368 169 390 103

37 403 75 433 21.

41 1421 115 1443 Erml.
127 1420 148 1440 Γ),
159 1427 171 1440 2

196 213 257 235 loo

189 280 274 309 sutor,
286 280 331 301 aut
348 273 477 312 plebeius,
492 279 626 311 gratanter
639 281 690 300 non
705 269 790 299 audiit
802 267 875 306 quod
885 277 928 295 ac-

191 319 291 347 ciderat
306 330 353 358 pro
369 318 538 347 vindicandis
550 317 631 347 sacris
646 316 771 355 legibus?
787 315 908 342 accinens
921 324 926 340 :

196 365 288 402 Quam
301 365 493 404 magnificam
506 371 573 392 sunt
593 373 681 399 opera
697 369 757 395 tua,
780 361 906 389 Domine
916 358 927 387 ‚¹
947 379 964 401 D

192 413 292 439 omnia
304 413 334 438 in
345 411 489 449 sapientia
499 411 605 447 fecisti.
620 408 673 436 Ubi
688 407 758 435 enim
770 407 842 434 Deus
862 415 929 444 ope-

192 464 275 491 ratur,
287 457 375 485 omnia
390 456 459 484 fiunt
482 456 507 483 in
528 454 654 493 sapientia
675 465 681 480 ε
703 452 749 480 ubi
766 462 829 480 vero
844 451 927 479 bono-

191 514 252 531 rum
265 513 326 531 osor
343 502 457 531 daemon.
473 501 599 529 similiter
612 498 701 527 onmia
718 499 745 526 in
766 497 927 536 insipientia.

191 551 273 578 Porro
292 548 471 587 insipientiam
486 557 526 574 res
541 544 663 573 absurdae
679 550 837 582 sequuntur,
854 543 928 571 invi-

190 595 251 631 dive,
264 595 357 629 caedes,
367 594 496 633 jurgium,
507 592 653 627 aemulatio,
663 592 775 626 furores,
788 591 863 627 rixae,
874 590 931 618 dis-

191 638 287 667 cordiae
297 661 303 673 ‚
318 639 444 675 fragores,
457 637 643 675 imperitorum
658 635 833 674 conspiratio,
845 634 930 672 magi·

191 692 324 713 stratuum
340 684 442 718 fervor,
458 693 548 711 cruces
558 705 563 717 ‚
574 682 687 710 laterum
700 681 866 715 abrasiones,
879 687 930 708 ια’-

191 730 242 763 dae,
259 730 310 758 rivi
327 729 500 767 sanguinum,
514 727 695 756 intolerabiles
710 727 828 759 mulctae,
841 725 931 764 publi-

192 774 305 802 cationes
320 773 465 808 bonorum,
480 772 623 801 solutiones
643 771 800 799 divinarum
818 769 930 798 sanctio-

192 833 255 850 num
267 844 275 858 ,
294 827 440 849 contemtus
461 820 551 859 legum
566 842 574 856 ,
593 818 704 858 pudoris
722 825 749 846 et
769 817 930 856 frugalitatis

191 874 339 896 contemtus
352 890 360 902 ,
393 867 466 895 orbis
498 873 629 894 terrarum
661 865 775 893 scissura
792 886 800 898 ,
832 870 930 902 parat-‘e

191 920 259 941 terra
280 913 400 950 marique
419 911 521 940 insidiae
543 911 660 945 navales,
684 916 828 948 equestres,
849 909 931 948 pede-

191 966 310 996 stresque
328 957 458 986 machinae
479 957 513 985 ad
535 956 757 995 impedimentum
772 965 864 983 eorum
886 955 932 993 qui

191 1005 311 1033 veritatis
343 1014 421 1032 causa
445 1003 576 1032 exsulant.
601 1001 744 1037 Quomodo
769 1001 853 1039 igitur
884 1011 932 1028 au-

191 1050 254 1078 dent
277 1050 366 1078 dicere
387 1061 392 1076 ε
410 1049 460 1077 Dei
484 1048 681 1087 dispensatione
698 1049 812 1077 Joanncs
832 1047 931 1085 ejectus

191 1096 250 1123 cst?
274 1097 371 1123 Dicant
395 1102 484 1123 autem
509 1094 588 1129 mihi,
616 1094 661 1131 qui
689 1093 738 1121 ista
765 1100 905 1132 personant
923 1104 928 1119 :

192 1142 286 1169 Nonne
300 1146 401 1179 poterat
416 1139 583 1178 omnipotens
596 1139 646 1168 Dei
662 1139 790 1177 sapientia
806 1139 932 1166 invisibi-

192 1186 211 1214 li
225 1209 232 1221 ‚
245 1192 275 1213 ut
289 1185 359 1220 dixi,
374 1186 474 1213 virtute
489 1186 628 1218 joannem,
643 1184 664 1212 si
681 1184 808 1222 indignus
826 1184 931 1219 fuisset,

193 1243 330 1266 amovere,
347 1239 393 1260 aut
407 1231 517 1259 suadere
530 1231 692 1259 adversariis
707 1231 764 1258 sine
780 1231 932 1258 interventu

192 1285 216 1307 et
229 1278 331 1306 viribus
347 1278 499 1317 principum
512 1277 649 1305 moderate
662 1287 715 1304 rem
727 1277 814 1304 serre?
825 1276 852 1304 Si
863 1276 932 1304 enim

193 1323 264 1351 idem
278 1324 350 1351 Deus
368 1329 418 1356 cst,
434 1322 480 1360 qui
503 1322 591 1360 Moysi
614 1328 768 1360 cooperatus
783 1321 820 1350 e'st
839 1321 872 1349 ad
895 1321 932 1349 li-
951 1327 969 1349 F

190 1369 319 1397 bertatem
336 1368 417 1396 Israel
431 1374 456 1395 et
471 1367 666 1400 obedientiam,
684 1367 820 1395 Pharaone
844 1367 933 1406 palam

193 1415 322 1443 clamante
338 1426 345 1442 ε
361 1415 428 1442 Non
444 1415 509 1441 novi
522 1414 634 1447 Deum,
651 1419 678 1441 et
694 1413 789 1441 Israel
803 1423 861 1441 non
888 1414 935 1442 di—

194 1463 307 1489 mittam
330 1472 339 1490 ,·
361 1459 495 1497 quomodo
530 1459 612 1497 igitur
641 1459 743 1487 auxilio
769 1466 934 1488 terrenorum

192 1506 347 1546 principum
367 1505 485 1543 indiguit
508 1505 534 1533 in
552 1515 630 1532 causa
651 1505 782 1534 Joannis?
798 1505 874 1542 quasi
895 1516 935 1534 se-

194 1552 301 1587 nuerit,
318 1558 363 1579 aut
377 1551 473 1579 debilis
501 1550 584 1578 sactus
606 1551 648 1584 sit,
664 1557 710 1578 aut
734 1560 786 1578 non
809 1551 934 1589 potuerit.

195 1598 298 1627 Deinde
313 1598 360 1636 qui
384 1597 564 1635 quorumdam
577 1597 716 1632 adulteria,
731 1597 853 1626 infandas
868 1598 935 1627 libi-
949 1612 973 1629 39

196 1645 272 1673 dines
285 1666 293 1680 ,
322 1651 402 1681 atque
426 1644 540 1671 aliorum
568 1643 716 1682 praestigias
735 1643 934 1682 publicaverit,
953 1639 970 1660 Α

196 1701 248 1719 non
281 1690 397 1729 potuerit
422 1689 510 1717 adhuc
535 1691 664 1719 Joannem
691 1700 835 1728 coarguere
848 1690 862 1718 ?
889 1697 936 1719 aut

197 1743 286 1765 contra
300 1759 307 1771 ,
322 1737 369 1775 qui
380 1736 460 1773 liujus
479 1736 599 1774 linguam
614 1736 676 1764 fecit
690 1736 786 1774 angina
802 1743 936 1765 tumesce-

196 1794 236 1819 re,
250 1783 285 1811 ita
297 1790 326 1811 ut
344 1783 442 1821 scripto
462 1782 600 1810 veritatem
616 1781 737 1820 profiteri
750 1789 856 1810 coactus
879 1783 935 1811 fue-

197 1830 242 1859 rit.
258 1836 283 1858 et
299 1829 383 1857 alium
400 1828 549 1867 permiserit
578 1828 694 1856 incidere
713 1827 739 1855 in
755 1828 855 1866 gradus
867 1851 874 1863 ,
890 1829 936 1866 qui

198 1876 249 1914 ipsi
269 1875 377 1903 fuerunt
402 1874 544 1910 mortiferi,
559 1881 605 1902 aut
626 1874 710 1901 alium
736 1874 937 1912 erumpentibus

199 1921 318 1959 undique
336 1920 473 1948 vermibus
496 1927 600 1947 mutum
625 1919 651 1947 in
676 1919 743 1947 lecto
765 1920 937 1948 maceraverit

198 1976 297 1994 annum
308 1965 361 1993 sere
371 1964 502 2001 integrum
512 1986 519 1999 ‚
533 1971 578 1991 aut
588 1964 662 1992 alteri
678 1964 794 2002 injecerit
806 1964 937 1992 horrenda

198 2011 323 2039 terricula
344 2021 405 2038 cum
420 2010 547 2038 familiari
567 2008 703 2048 podagra,
720 2016 766 2038 aut
787 2010 833 2047 qui
861 2021 937 2038 crura

200 2057 282 2085 secuit
294 2057 334 2095 cuj
341 2067 370 2084 us
380 2055 487 2091 voluit,
509 2062 554 2084 aut
569 2055 614 2093 qui
628 2055 696 2083 soeda
711 2062 795 2084 morte
808 2056 861 2084 cito
878 2066 937 2084 eum

200 2104 299 2141 rapuit,
316 2112 394 2139 quem
405 2103 492 2129 sciunt
505 2111 596 2129 omnes
610 2113 615 2128 ε
634 2100 677 2128 liic
688 2101 713 2129 in
724 2102 826 2131 Joanne
836 2125 843 2137 ,
858 2102 938 2130 sacri⁴

200 2149 269 2185 lego.
283 2155 313 2175 ut
323 2147 421 2182 dicitis,
431 2146 535 2184 aliquid
546 2147 641 2175 horum
657 2154 762 2186 patrare
775 2158 827 2175 non
840 2148 938 2179 valuit;
958 2165 974 2186 n

201 2193 246 2222 scd
258 2193 308 2221 hoc
326 2200 350 2221 ct
365 2193 410 2221 illo
426 2192 543 2230 indiguit
557 2215 564 2227 ,
580 2199 607 2220 ut
625 2193 755 2221 Joannem
780 2204 841 2221 cum
864 2193 941 2231 igno-

202 2240 284 2268 minia
301 2239 444 2277 expelleret
460 2261 466 2275 ‚
484 2239 569 2267 multo
584 2239 643 2277 plus
666 2250 699 2268 ex
724 2250 754 2267 eo
775 2239 866 2277 gloriae
889 2240 940 2278 ipsi

202 2285 366 2313 concilians?
380 2285 475 2312 Errant
488 2284 579 2322 igitur,
590 2284 645 2312 vim
657 2285 732 2313 verbi
748 2285 804 2323 ejus
819 2285 940 2313 nescien-

948 855 966 877 E

202 2339 247 2360 tes-
260 2331 410 2368 Sacrilegus
423 2330 491 2358 enim
507 2330 550 2357 ille
562 2331 668 2368 proprie
687 2338 735 2365 est,
755 2342 806 2360 non
818 2332 864 2369 qui
889 2343 940 2359 au-

201 2388 277 2411 runi,
301 2384 346 2405 aut
370 2383 520 2414 argentum,
545 2383 591 2404 aut
617 2383 701 2404 vestes
728 2378 840 2414 sericas,
858 2378 943 2406 tinea-

203 2434 261 2451 rum
278 2423 378 2455 cibum,
395 2421 557 2460 pauperibus
572 2421 700 2459 elargitur
713 2433 720 2457 ς
735 2423 779 2451 sed
801 2423 846 2461 qui
863 2434 940 2462 pecu-

202 2470 244 2497 nia
259 2492 266 2505 ,
281 2476 325 2497 aut
338 2467 521 2500 assentatione.
533 2474 579 2495 aut
606 2467 691 2505 epulis
709 2467 857 2498 doctrinam
883 2470 940 2498 ser-

235 2570 243 2579 ἢ
264 2561 269 2594 1
285 2563 354 2586 Fort.
368 2565 471 2594 effletur,
485 2566 510 2584 (·ῑ
522 2569 594 2592 supra
611 2561 687 2593 ipses]

237 2606 248 2621 ¹·
265 2605 268 2636 1
283 2608 358 2636 ὴπέρῑ(
372 2600 466 2624 (lodex.
481 2603 552 2633 ᾐώρει
565 2601 659 2631 Bigot.]

788 210 804 231 1‘
815 206 942 230 xtJADtt
971 206 1137 229 DtALOGth

983 266 1051 306 ἔρις,
1066 270 1142 302 ζῆλος
1152 291 1159 304 ,
1179 268 1272 305 θυμοὶ,
1288 277 1297 288 ²
1313 267 1421 307 ἐριθίαι,
1434 268 1616 308 διχοστασίαι,
1632 267 1747 302 κτύπος,

983 321 1105 357 κλωσμὸς
1120 320 1296 356 ἀπαιδεύτων,
1311 320 1432 353 ἐξουσιῶν
1447 320 1526 354 ζέσις,
1544 320 1626 359 ἴκρια,
1643 319 1746 357 ξεσμοὶ,

984 372 1135 409 λαμπάδες,
1153 372 1256 411 κρουνοὶ
1278 373 1410 410 αἱμάτων,
1429 372 1556 411 ἀφόρητοι
1573 371 1683 408 ζημίαι,
1700 372 1747 405 δη-

985 424 1103 461 μεύσεις,
1125 424 1214 457 λύσεις
1234 426 1336 462 θεσμῶν
1357 423 1452 459 θείων,
1475 423 1680 462 καταφρονήσεις
1706 423 1747 451 xci-

985 488 1050 513 μων,
1065 476 1199 511 ἀθετήσεις
1213 477 1389 516 σωφροσύνης,
1405 476 1558 514 οἰκουμένης
1572 477 1683 515 σχίσμα,
1695 487 1749 504 ποι·

987 528 1135 566 ραφυλακαὶ
1144 531 1192 567 γῆς
1203 529 1247 557 καὶ
1259 528 1401 564 θαλάσσης,
1415 528 1548 564 ναυτικαὶ,
1563 528 1683 564 ἱππικαὶ,
1698 540 1750 556 πε·

985 580 1055 613 ζικαὶ
1069 581 1188 619 μηχαναὶ
1203 583 1239 613 εἷς
1253 581 1416 619 ἐμποδισμὸν
1432 583 1484 609 τῶν
1503 581 1546 610 διὰ
1562 581 1610 616 τὴν
1625 581 1748 616 ἀλήθειαν

985 633 1183 670 ἐκδημούντων.
1212 634 1275 666 Πῶς
1298 633 1383 662 τοίνυν
1410 635 1529 671 τολμῶσι
1553 633 1655 671 λέγειν’.
1678 634 1749 662 Θεοῦ

985 687 1120 724 οἰκονομία
1137 686 1296 721 ἐκὸένῧληται
1309 688 1322 714 6
1337 685 1474 721 Ἰωάννης;
1487 686 1644 715 Εἷπάτωσαν
1659 685 1688 714 δέ
1705 697 1750 724 μοι

985 740 1008 767 οἱ
1031 737 1183 777 ἐξηχοῧντες
1199 741 1299 766 ταῦτα·
1314 737 1326 752 ¹²
1343 738 1437 776 ἠπόρει
1453 741 1469 773 ἦ
1488 737 1686 776 παντοδύναμος
1705 742 1751 767 τοῦ

985 792 1054 819 Θεοῦ
1073 791 1167 830 σοφία,
1185 793 1219 823 ὡς
1238 790 1371 829 προέφην,
1390 790 1494 830 ἀοράτῳ
1516 791 1625 828 δυνάμει
1649 793 1751 820 παῦσαι

985 842 1028 871 τὸν
1041 842 1165 877 Ἰωάννην
1181 842 1284 875 ἀνάξιον
1299 842 1378 879 ὅντα;
1394 842 1411 877 ἢ
1429 847 1520 871 πεῖσαι
1537 842 1594 874 τοὺς
1608 843 1750 882 ἀμφισὸηι-

985 897 1092 927 τοῧντας
1110 897 1188 924 αὐτοῦ
1204 895 1266 934 δίχα
1279 896 1379 929 πολλῆς
1394 895 1510 933 ἀνάγκης
1527 895 1661 934 ἀρχόντων
1680 896 1752 923 ἀπα-

986 949 1036 979 θῶς
1051 947 1136 985 φέρειν
1150 948 1180 976 τὸ
1193 952 1320 986 πρᾶγμας
1339 948 1369 975 lii
1386 947 1437 986 γὰρ
1452 950 1465 975 ὃ
1479 948 1555 979 αὐτὸς
1572 947 1640 980 Θεός
1654 949 1724 976 ἐστιν
1738 949 1752 975 6

985 999 1023 1037 τῷ
1043 1001 1145 1038 Μιιῶσῇ
1165 999 1327 1037 συνεργήσας
1348 1001 1383 1031 εἰς
1405 999 1551 1037 ἐλευθερίαν
1570 1001 1616 1028 τοῦ
1639 999 1750 1038 Ἰσραὴλ

986 1051 1030 1079 καὶ
1046 1051 1182 1085 ὑπακοὴν,
1198 1053 1243 1079 τοῦ
1258 1051 1363 1090 Φαραὼ
1383 1052 1528 1090 ἀναφανδὸν
1551 1054 1676 1090 βοῶντος·
1694 1053 1752 1080 Οὔκ

986 1099 1043 1132 οἶδα
1053 1104 1096 1132 τὸν
1111 1103 1190 1139 Θεὸν,
1204 1104 1248 1132 καὶ
1262 1105 1305 1132 τὸν
1320 1103 1430 1142 Ἰσραὴλ
1444 1106 1489 1133 οὐκ
1501 1104 1676 1137 ἐξαποστελῶ·
1695 1106 1751 1137 πῶς

986 1155 1068 1183 τοίνυν
1091 1156 1211 1192 βοηθείας
1226 1156 1347 1190 δεδέηται
1361 1156 1404 1184 ἐπὶ
1419 1156 1540 1184 Ἰωάννου
1554 1158 1602 1190 τῆς
1617 1158 1669 1184 τῶν
1691 1157 1752 1184 ἐπι-

986 1206 1062 1245 γείων
1078 1207 1230 1246 ἀρχόντωνς
1246 1209 1280 1240 ὡς
1299 1208 1426 1245 γηράσας,
1440 1207 1456 1241 ἢ
1472 1209 1506 1240 ὡς
1521 1208 1650 1240 ἀτονήσας
1660 1230 1667 1243 ,
1682 1206 1699 1242 ἢ
1716 1208 1752 1240 ὡς

987 1260 1131 1298 ἀπορήσας.
1153 1255 1220 1288 Εἶτα
1236 1263 1249 1289 6
1263 1259 1310 1292 τὰς
1330 1260 1449 1299 μοιχείας
1469 1262 1546 1288 τινῶν
1560 1260 1606 1289 καὶ
1623 1260 1669 1292 τὰς
1683 1272 1753 1289 παι-

989 1312 1124 1350 δεραστίας
1143 1312 1237 1350 ἑτέρων
1257 1312 1301 1340 καὶ
1315 1312 1436 1350 γοητείας
1455 1312 1541 1341 ἄλλων
1557 1312 1734 1350 δημοσιεύσας
1746 1334 1753 1347 ‚

988 1363 1122 1402 ἠπόρησεν
1138 1364 1177 1392 ἔτι
1191 1363 1319 1402 διελέγξαι
1333 1364 1376 1392 τὸν
1392 1364 1534 1400 Ἴωάννην;
1549 1364 1566 1398 ἢ
1583 1364 1723 1400 ἀνάπαλιν,
1739 1365 1754 1392 ὃ

988 1417 1062 1444 τοῦδε
1077 1415 1124 1450 τὴν
1142 1418 1263 1454 γλῶσσαν
1279 1417 1397 1455 συνάγχῃ
1414 1416 1533 1454 ὀγκώσας
1554 1419 1611 1454 μετ’
1627 1416 1754 1455 ἐξομολο-

989 1468 1090 1506 γήσεως
1105 1467 1250 1506 ἐγγράφου,
1272 1468 1317 1496 καὶ
1336 1468 1380 1496 τὸν
1398 1469 1478 1497 ἄλλον
1496 1469 1659 1508 κλιμακτῆρι
1677 1481 1755 1507 περι-

989 1526 1078 1550 πεσεῖν
1098 1521 1273 1559 συγχωρήσας
1298 1520 1470 1559 θανατηφόρῳ
1484 1543 1490 1555 ‚
1517 1520 1534 1555 ἢ
1561 1523 1574 1549 6
1597 1521 1756 1560 ταριχεύσας

990 1574 1063 1601 τόνδε
1081 1572 1147 1610 μετὰ
1162 1571 1286 1610 γενέσεως
1309 1573 1453 1607 σκωλήκιον
1475 1573 1577 1611 ἄφωνον
1600 1573 1644 1601 ἐπὶ
1665 1573 1757 1608 κλίνης

991 1626 1106 1654 ἐνιαυτὸν
1121 1624 1185 1663 παρ’
1202 1625 1288 1662 ὀλίγον
1308 1625 1376 1660 ὅλον,
1392 1624 1408 1658 ἢ
1424 1627 1437 1653 6
1452 1624 1499 1657 τὰς
1518 1625 1692 1663 ἀπηρημένας
1711 1627 1756 1654 ἐκ·

990 1677 1161 1716 δειματώσεις
1184 1677 1324 1715 ἐπαγαγὼν
1349 1676 1429 1716 ἑτέρῳ
1452 1677 1518 1715 μετὰ
1541 1679 1588 1712 τῆς
1612 1677 1756 1717 συντρόφου

990 1729 1137 1768 ποδάγρας,
1152 1729 1168 1762 ἢ
1188 1731 1201 1757 6
1220 1728 1253 1757 τὰ
1267 1728 1347 1764 σκέλη
1372 1728 1476 1768 ’.τρήσας
1495 1724 1523 1757 οῧ
1544 1729 1688 1764 ἐὸουλήθη,
1707 1729 1724 1764 ἢ
1741 1732 1754 1758 ὁ

990 1782 1063 1810 τόνδε
1084 1780 1192 1809 δυσώδει
1207 1781 1311 1819 θανάτῳ
1333 1780 1486 1819 ἀναρπάσας
1508 1783 1618 1817 θᾶττον,
1633 1782 1660 1810 ὃν
1682 1781 1757 1811 ἴσασι

991 1834 1086 1866 πάντες
1097 1855 1104 1868 ,
1119 1832 1246 1867 ἦτόνησεν
1263 1833 1305 1861 ἐπὶ
1322 1832 1457 1868 Ἰωάννου,
1474 1832 1510 1865 ὥς
1527 1845 1608 1872 φατε,
1623 1833 1757 1873 ἱεροσύλου

992 1887 1079 1920 ὄντος,
1092 1885 1117 1914 ἕν
1133 1897 1158 1914 τι
1174 1885 1272 1913 τούτων
1293 1886 1432 1924 ἐνεργῆσαι
1442 1907 1449 1919 ,
1466 1886 1524 1913 ἀλλ’
1540 1885 1632 1921 ἐδεήθη
1648 1889 1693 1914 τοῦ
1712 1887 1758 1915 καὶ

993 1941 1037 1966 τοῦ
1047 1961 1054 1973 ,
1070 1938 1111 1965 ἵνα
1126 1936 1257 1974 ἀτιμάσας
1271 1936 1355 1975 ἐξώσῃ
1370 1937 1413 1965 τὸν
1429 1936 1569 1972 Ἰωάννην,
1584 1938 1662 1966 πλέον
1680 1939 1758 1967 αὐτὸν

994 1989 1024 2016 ἐκ
1038 1988 1128 2017 τούτου
1147 1988 1272 2023 δοξάσας;
1291 1990 1454 2017 Ἀπατῶνται
1471 1989 1553 2017 τοίνυν
1573 1989 1610 2027 μὴ
1629 1990 1676 2025 τὴν
1688 1992 1760 2019 ἕντο,

993 2041 1041 2076 λὴν
1063 2044 1108 2069 τοῦ
1127 2041 1204 2079 λόγου
1220 2041 1243 2067 *.
1263 2040 1408 2080 Ἱερόσυλος
1421 2041 1473 2080 γὰρ
1490 2041 1586 2080 κυρίως
1602 2043 1651 2081 οὐχ
1665 2045 1678 2071 6
1689 2055 1760 2082 χρυ-

995 2093 1084 2129 σὸν,ἢ
1105 2093 1232 2132 ἄργυρον,
1246 2093 1262 2127 ἢ
1278 2093 1310 2121 τὰ
1333 2096 1419 2132 σηρῶν
1440 2094 1560 2131 νήματα,
1579 2097 1666 2129 σ-ητῶν
1687 2094 1760 2133 βρώ-

996 2157 1077 2184 ματα,
1090 2149 1204 2184 πτωχοῖς
1218 2145 1353 2183 διανείμας
1362 2169 1369 2180 ,
1384 2146 1442 2174 ἀλλ’
1457 2148 1471 2174 6
1483 2146 1599 2185 ἀργυρίῳ
1617 2146 1662 2174 καὶ
1676 2148 1761 2175 κολα-

994 2199 1053 2237 κεία
1067 2198 1112 2226 καὶ
1130 2197 1246 2235 τραπέζῃ
1262 2199 1423 2234 ἀπεμπολῶν
1443 2198 1476 2226 τὰ
1499 2198 1617 2236 δόγματα
1636 2199 1682 2227 καὶ
1702 2199 1761 2232 τοὺς

995 2249 1106 2288 θεσμοὺς
1123 2252 1168 2277 τοῦ
1187 2249 1320 2287 Σ(ι)τ’ἧρος·
1341 2249 1433 2277 ἔπειτα
1454 2252 1468 2277 6
1482 2250 1672 2287 λυμαινόμενος
1690 2251 1759 2290 ἱερὸν

995 2302 1093 2340 ἄνδρα,
1111 2301 1160 2340 βίῳ
1174 2301 1219 2329 καὶ
1234 2300 1303 2339 λόγῳ
1315 2302 1528 2339 κεκοσμημένον,
1543 2302 1577 2330 δι’
1591 2299 1620 2331 οὗ
1635 2305 1649 2332 6
1663 2304 1709 2332 Σω
1739 2317 1761 2343 ,ρ

995 2359 1029 2390 ὡς
1051 2356 1093 2385 διὰ
1112 2358 1242 2395 κρατῆρος
1261 2356 1278 2390 ἢ
1293 2356 1431 2393 κειμηλίου
1455 2357 1606 2395 ἐλογοπότει
1626 2363 1680 2391 τοῖς
1699 2361 1762 2398 ἐρα-

995 2418 1070 2446 σταῖς
1087 2417 1133 2443 τοῦ
1154 2413 1231 2451 λόγου
1247 2413 1280 2441 τὰ
1296 2413 1431 2452 πρόσφορα
1447 2416 1494 2449 τῆς
1518 2415 1659 2455 σωτηρίας.
1677 2416 1761 2455 Αεγζ-

996 2472 1100 2499 σθωσαν
1112 2470 1197 2499 τοίνυν
1207 2469 1336 2509 ἱερόσυλοι
1345 2465 1424 2505 οὗτοι,
1433 2471 1456 2499 οἱ
1468 2472 1701 2511 συλαγωγῆσαντες
1712 2473 1759 2508 τὴν

1043 2565 1053 2573 “
1075 2563 1142 2588 Forl.
1155 2563 1214 2587 add.
1229 2567 1317 2592 εἰῦὀτες.
1327 2565 1406 2595 Bigot.

1783 1360 1811 1384 P.

1797 341 1804 348 .
1824 325 1881 348 221.

1832 1360 1889 1385 225.

1838 2413 1896 2436 2¹20.
