1910 2907
592 206 681 229 NUNC
708 205 839 229 PRIMUM
866 206 1062 231 ADORNATA.

70 267 248 297 Conversione
257 267 340 296 sancti
354 267 475 297 Matthaei
490 268 643 297 concionem
658 268 803 297 habuerat:

69 325 152 353 quam
165 313 318 342 concionem
329 321 446 352 sequutce
460 321 521 343 sunt
533 315 589 350 55,
603 316 653 351 56,
667 316 703 344 57
719 322 744 343 et
755 315 805 344 58.

68 361 170 390 Sericm
182 360 320 399 intercepit
331 360 421 389 concio
435 360 468 389 de
483 360 722 389 Observationihus
736 360 807 399 lega-

68 407 159 443 libus,
182 414 241 446 post
257 418 338 445 quam
359 406 403 435 die
417 406 537 445 sequenti
557 406 807 445 quinquagesimam

67 463 165 482 nonam
179 453 260 481 dixit.
279 453 423 492 Paulopost
438 459 526 481 31110111
542 454 592 487 (50,
611 453 642 480 ot
654 475 660 485 ,
677 454 727 487 62,
743 462 808 491 pro-

68 499 218 535 nuntiavit,
236 510 316 538 quam
330 506 491 538 postremam
504 498 547 527 die
560 499 677 536 sequenti
694 509 807 537 sexage-

67 545 135 573 sima
149 546 224 574 tertia
235 568 242 579 ,
258 552 368 583 sequuta
384 545 434 573 fuit
446 568 452 580 ,
478 552 503 573 01
517 545 657 584 paulopost
672 545 808 583 sexagesi-

67 601 111 619 ma
125 599 219 629 quarta
231 615 238 626 ,
253 599 277 620 et
292 591 421 630 postridie
435 592 598 630 sexagesima
613 592 706 630 quinta
716 614 723 625 ,
744 602 809 630 pau-

66 636 156 676 lopost
169 638 333 676 sexagesima
350 644 435 672 sexta,
452 638 521 666 inter
536 649 614 676 quam
635 645 660 666 et
675 638 808 676 sexagesi-

67 693 139 711 mam
157 683 297 722 septimam
315 683 419 721 aliquid
438 684 518 723 spatii
537 684 714 712 intercessisse
735 683 809 711 vide-

67 734 120 758 tur.
134 729 232 767 Sicqne
241 740 332 758 omnes
344 729 370 758 in
382 730 508 759 Genesim
520 730 658 759 conciones
670 730 808 769 completae

66 774 184 803 fuerunt.

107 822 202 862 Stylus
217 822 402 862 Chrysostomi
416 823 443 851 in
456 822 498 850 his
511 822 629 850 homiliis
643 822 730 851 nescio
741 821 810 860 quid

66 868 130 896 novi
145 879 199 907 prce
214 879 241 897 se
255 869 316 897 fert.
333 869 374 897 De
388 868 431 896 his
444 868 562 896 homiliis
577 868 684 906 loquens
696 868 808 896 Photius

65 913 103 941 ait
117 913 161 942 hic
173 914 311 942 observari
330 921 481 942 consuetam
497 913 686 952 Chrysostomi
700 913 807 942 clarita-

64 966 135 996 tem,
153 961 312 999 puritatem,
332 960 501 999 splendorem
515 966 541 987 et
560 960 665 998 copiam
686 959 806 994 dicendi,

63 1006 255 1034 sententiarum
269 1006 442 1044 frequentiam
457 1013 481 1033 et
493 1005 693 1044 aptissimarum
705 1005 806 1033 simili—-

64 1053 189 1081 tudinum
205 1053 413 1088 abundantiam3
427 1053 475 1082 sed
489 1064 533 1082 eas
546 1053 695 1081 remissiore
710 1060 735 1081 et
755 1053 807 1082 hu-

63 1099 168 1128 miliore
186 1100 292 1128 dicendi
313 1110 406 1138 genere
427 1100 556 1138 scriptas,
579 1106 735 1137 tantumque
752 1099 807 1127 Ho-

62 1145 146 1174 mitiis
166 1157 211 1174 seu
229 1146 432 1174 Commentariis
451 1146 476 1174 in
494 1148 560 1174 Acta
582 1145 653 1184 stylo
670 1145 807 1173 inferiores

62 1202 128 1227 esse,
144 1199 274 1229 quantum
287 1192 333 1220 illa
345 1192 370 1220 in
386 1195 452 1220 Acta
466 1191 664 1220 Commentaria
680 1191 807 1220 inferiora

62 1245 124 1266 sunt
139 1238 345 1267 Commentariis
360 1239 385 1266 in
402 1238 536 1277 Epistolas
553 1238 629 1266 Pauli
645 1245 671 1266 et
690 1238 716 1266 in
733 1238 806 1266 Psal-

62 1283 170 1312 terium.
197 1288 236 1312 Ac
256 1295 347 1313 revera
364 1284 404 1312 hae
419 1284 557 1313 conciones
572 1306 580 1318 ,
604 1283 665 1312 licet
680 1295 806 1323 magnam

62 1329 211 1358 ubertatem
224 1338 303 1369 atque
317 1330 423 1359 solitam
439 1331 627 1369 Chrysostomi
643 1331 806 1359 inventionis

61 1375 216 1404 felicitatem
231 1387 286 1416 prae
306 1387 333 1405 se
347 1377 430 1405 serant
442 1399 449 1412 ,
475 1387 526 1404 non
545 1383 631 1404 tamen
644 1377 701 1416 pari
717 1377 806 1406 studio

61 1422 105 1449 vel
126 1423 294 1451 accuratione
316 1423 479 1450 concinnatae
503 1422 642 1451 videntur.
667 1423 717 1451 Hic
738 1435 806 1463 saepe

60 1468 258 1497 animadvertas
271 1469 441 1508 longissimas
454 1468 508 1496 texi
523 1468 665 1507 periodos,
685 1480 744 1507 quae
759 1481 806 1509 pa-

61 1514 195 1543 rentheses
214 1515 281 1543 alias
301 1525 382 1554 super
400 1515 466 1543 alias
483 1521 536 1542 tam
558 1514 710 1552 frequenter
727 1516 805 1544 exhi-

61 1560 152 1597 beant,
168 1568 198 1589 ut
212 1561 339 1600 principii
353 1560 453 1589 oblitus
467 1567 568 1597 orator,
585 1561 743 1589 sententiam
758 1562 806 1590 im-

61 1607 205 1646 perfectam
229 1607 383 1645 relinquat,
413 1614 439 1635 et
461 1605 607 1645 aliquando
633 1607 747 1636 verbum
772 1607 806 1636 ad

62 1653 182 1686 σύνταξιν
194 1654 369 1682 necessarium
382 1653 578 1693 praetermittat.
593 1653 686 1691 Neque
701 1664 763 1682 vero
777 1653 806 1682 id

61 1699 161 1728 mirum
176 1699 225 1728 tibi
240 1699 375 1734 videatur,
392 1700 415 1727 si
431 1698 591 1738 perpendas,
609 1699 733 1737 periodos
746 1700 805 1728 illas

60 1745 206 1784 aliquando
225 1745 262 1774 ita
283 1745 409 1782 extendi,
426 1746 474 1773 vix
489 1752 517 1772 ut
533 1745 559 1773 in
575 1745 671 1784 pagina
688 1756 740 1774 una
755 1746 805 1774 ab·

60 1792 209 1821 solvantur.
235 1792 305 1820 Hinc
328 1792 428 1820 inseras
452 1798 584 1820 oratorem
607 1798 727 1820 nostrum
749 1792 805 1821 haec

59 1838 274 1873 concionantem,
294 1839 397 1867 nonita
417 1848 521 1877 semper
543 1844 667 1876 paratum
687 1837 803 1866 medita-

60 1891 169 1922 tumque
182 1883 218 1912 ad
232 1883 385 1912 concionem
396 1884 509 1915 venisse.
526 1882 571 1911 sed
584 1883 669 1911 multa
683 1894 716 1911 ex
731 1890 803 1912 tem—

59 1940 125 1968 pore
138 1937 168 1957 ut
182 1930 263 1958 menti
278 1940 333 1958 sese
347 1930 497 1958 offerebant
511 1928 622 1957 dixisse.

98 1977 127 2005 Si
154 1987 262 2004 causam
285 1987 364 2015 porro
387 1986 489 2014 quaeras
501 1998 509 2010 ‚
540 1975 690 2014 perpendas
718 1976 801 2005 velim

59 2022 148 2061 ipsum
163 2023 188 2050 in
204 2022 256 2050 hac
270 2022 482 2060 Quadragesima
497 2021 532 2049 ad
548 2032 632 2059 usque
653 2021 800 2052 hebdoma-

57 2067 100 2096 dis
122 2075 219 2102 sanctae
242 2068 402 2104 dimidium,
429 2078 481 2096 non
505 2067 586 2096 modo
608 2067 668 2095 illas
690 2068 799 2107 triginta

57 2113 125 2142 duas
147 2114 248 2153 priores
262 2114 387 2142 homilias
406 2113 548 2148 habuisse,
569 2113 615 2142 sed
634 2114 713 2142 etiam
731 2115 798 2144 alias

57 2160 204 2188 identidem
227 2167 384 2191 memoratas
398 2183 406 2194 ‚
439 2171 498 2197 quae
522 2160 647 2188 suadente
670 2161 796 2200 quapiam

58 2206 185 2244 temporis
198 2207 334 2234 occasione
348 2206 527 2234 Homiliarum
549 2206 575 2234 in
589 2207 715 2235 Genesim
733 2218 795 2236 cur-

57 2262 118 2280 sum
141 2253 361 2291 interpellabant,
382 2260 408 2281 et
423 2253 533 2281 sortasse
549 2252 614 2281 alias
633 2264 738 2291 quoque
754 2253 795 2282 di-

56 2298 128 2326 xisse
149 2297 184 2325 ab
201 2308 228 2326 se
242 2308 294 2326 non
316 2305 547 2333 commemoratas,
573 2299 609 2326 ita
629 2305 658 2326 ut
676 2299 796 2337 quotidie

55 2344 154 2380 ferme,
171 2349 196 2371 et
211 2343 321 2381 quidem
334 2344 488 2382 longissime
511 2344 681 2372 concionatus
702 2345 745 2372 sit.
762 2345 795 2374 ld

55 2396 144 2417 antem
168 2399 182 2416 a
200 2390 259 2417 viro
281 2390 428 2427 praesertim
449 2390 496 2428 qui
517 2400 564 2428 per
587 2397 671 2418 totum
695 2401 795 2419 annum

56 2434 231 2464 concionandi
256 2435 376 2463 officium
398 2436 593 2473 exsequebatur
605 2458 612 2469 ‚
644 2446 694 2464 non
719 2447 796 2475 posse

55 2481 112 2509 sine
129 2480 305 2520 extemporali
324 2480 516 2510 declamatione
536 2481 682 2509 identidem
702 2483 794 2511 saltem

53 2527 164 2566 repetita
180 2527 311 2566 praestari,
325 2527 456 2555 fateamur
468 2538 571 2556 necesse
581 2534 629 2556 051.
649 2529 678 2556 111
693 2535 794 2557 extem-

53 2573 138 2611 porali
154 2580 244 2601 autem
259 2573 462 2607 declamatione,
489 2573 537 2601 ubi
562 2574 697 2611 ingenium
721 2581 792 2603 tanta

53 2619 154 2657 pollens
179 2619 344 2656 inventione,
366 2630 433 2648 nova
456 2630 559 2659 semper
573 2621 670 2649 oratori
693 2633 791 2661 suppe-

1534 200 1598 245 137

857 269 940 304 ditat,
961 270 1029 308 quid
1047 270 1146 299 mirum
1160 271 1182 299 si
1205 281 1406 310 nonnumquam
1420 279 1511 300 contra
1528 283 1599 312 prae-

858 316 990 355 ceptiones
1002 317 1189 355 grammaticas
1200 325 1335 357 peccetur,
1351 325 1376 346 et
1388 318 1409 346 si
1423 319 1510 347 minor
1525 319 1602 359 ἀκρί-

861 362 919 390 ῧεια
935 363 959 390 iu
975 364 1083 402 syntaxi
1099 371 1231 392 occurrat.

900 409 1028 437 Diximus
1042 409 1264 449 Chrysostomum
1275 410 1454 438 Homiliarum
1469 410 1495 438 in
1512 411 1601 439 Genc-
1613 412 1751 443 T.2.p.375.

860 453 910 481 sim
929 465 1035 482 cursum
1052 455 1231 494 intercepisse,
1249 463 1276 483 ut
1291 456 1355 484 seria
1369 455 1461 494 quinta
1478 456 1504 484 in
1521 457 1602 485 Coena

862 500 970 528 Domini
983 500 1016 529 de
1027 501 1098 530 Juda
1115 501 1252 540 proditore
1264 509 1362 540 ageret.
1378 502 1524 530 Homiliam
1539 513 1603 530 vero

861 545 895 573 de
911 546 980 575 Juda
998 547 1134 586 proditore
1148 549 1248 586 aliquot
1261 556 1321 576 ante
1333 559 1416 576 annos
1426 571 1433 585 ,
1455 555 1483 576 ut
1498 548 1604 577 credere

862 599 910 626 est,
923 593 978 631 jam
995 593 1135 628 habuerat,
1152 594 1197 622 sed
1214 594 1286 622 illam
1302 595 1471 630 retractavit,
1488 595 1604 623 initium-

863 648 915 676 que
930 639 1042 667 mutavit
1057 661 1064 672 ,
1089 646 1113 667 et
1127 640 1247 677 quaedam
1270 639 1396 676 addidit,
1422 647 1450 668 ut
1465 651 1523 668 eam
1538 641 1603 668 feria

863 684 955 720 quinta
978 685 1003 712 in
1019 686 1098 713 Coena
1119 685 1230 713 Domini
1252 685 1368 717 diceret,
1390 686 1462 723 quod
1481 686 1560 714 etiam
1576 686 1603 714 in

862 728 921 757 aliis
947 729 1065 758 homiliis
1094 730 1185 758 set-isse
1210 730 1430 770 deprehenditur.
1459 732 1605 761 Occasione

864 774 1025 813 proditionis
1039 776 1116 806 Judae
1132 776 1208 811 dicit,
1231 787 1283 805 non
1298 778 1450 805 necessitate
1469 778 1604 807 hominem

862 820 897 848 ad
910 820 1011 850 honum
1026 822 1162 861 pertrahi,
1185 823 1328 862 ipsumque
1341 834 1374 851 ex
1387 823 1472 852 libero
1491 824 1604 853 arbitrio

861 867 906 896 vel
922 867 1024 896 bonum
1039 868 1081 896 vel
1097 868 1197 896 malum
1219 869 1337 907 deligete
1358 876 1383 898 et
1399 877 1561 909 perpetrare.

902 914 983 949 Quod
1002 914 1028 942 in
1053 914 1164 943 homilia
1185 915 1218 944 de
1234 915 1306 945 Juda
1330 916 1467 955 proditore
1482 917 1603 945 animad-

863 961 1003 997 vertimus,
1017 962 1136 1001 idipsum
1150 962 1375 1002 deprehendimus
1388 963 1415 991 in
1430 964 1556 992 concione
1570 964 1606 993 de

863 1005 949 1034 Cruce
966 1013 990 1034 et
1007 1007 1138 1042 Latrone,
1159 1018 1218 1045 quae
1233 1007 1259 1035 in
1280 1006 1323 1035 die
1339 1007 1497 1035 Parasceves
1514 1007 1605 1035 habita

862 1051 927 1087 suit3
950 1062 1045 1091 nempe
1060 1052 1286 1091 Chrysostomum
1299 1075 1307 1087 ,
1328 1063 1409 1090 quam
1424 1053 1525 1091 aliquot
1545 1060 1606 1081 ante

861 1108 944 1126 annos
966 1097 1092 1126 habuisse
1114 1099 1235 1133 videtur,
1258 1099 1377 1127 eamdem
1398 1099 1521 1127 secundis
1535 1099 1605 1128 curis

862 1144 1043 1181 recognitam,
1065 1152 1086 1172 et
1105 1145 1268 1182 quibusdam
1284 1145 1310 1173 in
1326 1145 1406 1180 locis,
1430 1145 1455 1173 iu
1473 1146 1606 1184 principio

861 1190 979 1218 maxime
1005 1198 1151 1226 mutatam,
1175 1191 1268 1219 eodem
1284 1198 1435 1219 recurrente
1456 1191 1500 1219 die
1522 1192 1606 1220 Para-

861 1246 949 1264 sceves
965 1237 1060 1265 iterum
1081 1238 1275 1276 pronuntiasse.
1293 1238 1352 1265 Non
1367 1237 1446 1265 series
1462 1237 1540 1266 modo
1556 1248 1604 1266 ea—

861 1281 921 1310 dem
936 1289 986 1320 est,
1003 1283 1050 1311 sed
1064 1283 1144 1311 etiam
1157 1283 1238 1311 verba
1252 1283 1424 1322 plerumque;
1440 1291 1519 1321 atque
1531 1285 1605 1314 Scri-

862 1335 946 1366 111111·εο
958 1329 1014 1357 loca
1027 1329 1118 1357 eodem
1133 1330 1189 1368 ipso
1203 1330 1227 1357 in
1242 1336 1353 1367 utraque
1365 1329 1459 1357 ordine
1473 1330 1603 1359 locantur.

861 1374 927 1408 Quae
954 1375 1026 1414 prior
1038 1398 1045 1409 ,
1063 1386 1122 1413 quse
1140 1375 1271 1414 posterior
1290 1375 1361 1403 dicta
1377 1375 1473 1410 suerit,
1496 1386 1546 1404 non
1567 1376 1604 1404 ita

861 1421 939 1449 facile
951 1428 989 1449 est
999 1420 1207 1459 deprehendere.
1220 1423 1323 1450 Verum
1334 1432 1366 1449 cx
1378 1421 1419 1455 iis,
1431 1432 1491 1459 quae
1503 1432 1576 1451 num.
1586 1423 1602 1450 5

861 1465 887 1494 in
905 1474 1018 1505 utraque
1032 1467 1175 1501 dicuntur⁷
1196 1467 1300 1505 aliquid
1320 1467 1387 1496 lucis
1400 1467 1435 1495 ad
1450 1478 1504 1495 scm
1521 1478 1603 1497 excu-

862 1512 977 1541 tiendam
994 1513 1124 1541 affertur:
1139 1523 1199 1540 nam
1221 1513 1247 1540 in
1269 1513 1372 1552 priore,
1396 1514 1473 1551 cujus
1495 1513 1603 1543 initium

860 1566 915 1593 est,
933 1560 1047 1598 σήμερον
1068 1562 1081 1588 ὃ
1096 1559 1209 1598 Κύριος,
1229 1559 1266 1587 sic
1286 1559 1385 1598 legitur
1407 1571 1414 1587 :
1438 1559 1604 1590 «Imitemur

861 1605 949 1643 itaque
961 1612 985 1633 et
998 1616 1045 1634 nos
1056 1606 1212 1640 Dominum,
1225 1612 1250 1633 et
1262 1616 1309 1644 pro
1320 1605 1436 1633 inimicis
1448 1616 1602 1644 precemur:

860 1651 980 1679 eamdem
994 1651 1063 1680 enim
1078 1651 1287 1680 cohortationem
1303 1662 1418 1680 resumo.
1433 1653 1493 1681 Jam
1509 1652 1603 1691 quinto

859 1696 903 1725 die
916 1698 994 1726 vobis
1005 1697 1039 1726 dc
1051 1697 1142 1726 eodem
1155 1704 1312 1735 argumento
1326 1697 1530 1732 dissero.»Quae
1541 1710 1602 1728 vero

859 1743 990 1781 posterior
1003 1743 1105 1772 locatur
1117 1743 1155 1772 sic
1171 1743 1251 1772 hahet
1263 1755 1268 1770 :
1280 1744 1437 1772 «Imitemur
1449 1751 1473 1772 et
1488 1755 1535 1773 nos
1547 1745 1602 1774 Do-

859 1789 978 1825 minum,
994 1797 1018 1818 et
1033 1801 1081 1829 pro
1097 1791 1213 1819 inimicis
1226 1800 1372 1829 precemur.
1389 1791 1456 1825 Quae
1474 1790 1531 1818 heri
1545 1801 1602 1819 mo-

859 1835 916 1870 nui,
928 1835 1083 1864 eorumdem
1092 1843 1116 1864 et
1128 1847 1198 1864 nunc
1209 1836 1426 1871 commonefacio,
1439 1835 1522 1864 sciens
1534 1847 1602 1874 prae-

859 1880 925 1909 clari
946 1881 1009 1910 facti
1032 1882 1282 1920 magnitudinem.»
1298 1881 1363 1909 Inde
1383 1892 1446 1909 vero
1465 1881 1602 1919 liquidum

858 1938 913 1956 esse
929 1927 1049 1961 videtur,
1065 1929 1238 1966 posteriorem
1253 1938 1309 1955 eam
1323 1937 1388 1961 esse,
1405 1938 1464 1965 quae
1479 1934 1537 1965 post
1550 1927 1600 1956 Ho-

857 1973 946 2001 milias
961 1973 987 2001 in
1011 1974 1137 2002 Genesim
1153 1973 1179 2001 in
1203 1973 1415 2011 Quadi-agesima
1435 1973 1540 2001 habitas
1555 1973 1600 2002 die

857 2019 1015 2047 parasceves
1028 2019 1099 2047 dicta
1116 2019 1166 2047 suit
1181 2031 1186 2046 :
1200 2030 1260 2047 uam
1277 2019 1303 2046 in
1323 2019 1448 2048 Homiliis
1462 2019 1488 2047 in
1509 2020 1598 2048 Gene-

853 2065 905 2094 sim
919 2067 968 2100 50,
982 2067 1033 2101 51,
1050 2066 1104 2100 52,
1129 2075 1161 2093 ne
1175 2068 1223 2104 γρῦ
1237 2064 1346 2102 quidem
1360 2065 1393 2092 de
1407 2065 1532 2103 precibus
1547 2077 1595 2104 pro

853 2111 970 2139 inimicis
982 2111 1084 2139 dictum
1103 2111 1172 2146 fuit,
1187 2111 1298 2149 ideoque
1315 2110 1342 2138 in
1358 2117 1489 2149 postrema
1504 2111 1593 2140 locum

852 2158 967 2187 mutavit
982 2157 1199 2196 Chrysostomus,
1216 2164 1240 2184 et
1253 2156 1286 2184 de
1299 2157 1424 2195 precihus
1438 2167 1486 2195 pro
1503 2157 1592 2185 inimi-

852 2203 890 2232 cis
905 2204 931 2231 in
949 2203 1060 2231 homilia
1075 2202 1236 2241 praecedenti
1249 2202 1283 2230 de
1295 2202 1365 2231 Juda
1380 2202 1516 2241 proditore
1530 2211 1592 2232 tan—

852 2256 909 2277 tnm
924 2249 1051 2287 loquitur.
1074 2249 1145 2277 Vide
1160 2248 1186 2276 in
1202 2248 1305 2277 Monito
1319 2247 1354 2276 ad
1368 2248 1436 2276 hanc
1450 2249 1590 2278 homiliam

851 2296 884 2324 T.
897 2297 925 2331 ἓ,
940 2306 967 2334 p.
983 2296 1052 2325 402.

892 2342 921 2370 ln
937 2342 981 2370 die
996 2341 1206 2370 Resurrectionis
1221 2342 1331 2370 Domini
1351 2342 1442 2371 eodem
1458 2353 1526 2371 anno
1546 2343 1588 2371 di-

849 2396 889 2417 cta
904 2389 955 2417 suit
978 2388 1094 2416 Homilia
1112 2395 1202 2416 contra
1220 2388 1346 2417 Ebriosus
1369 2396 1393 2416 01
1411 2389 1445 2417 110
1460 2391 1588 2418 Resurre-
1601 2404 1739 2434 T.2.p.422.

849 2436 945 2463 ctione.
962 2435 1037 2462 Hanc
1051 2444 1115 2462 vero
1130 2434 1281 2462 concionem
1298 2435 1336 2463 sir
1348 2442 1476 2463 memorat
1494 2435 1586 2474 Chry-
1599 2447 1620 2469 6,
1630 2447 1740 2470 hauns„

848 2489 979 2509 sostomus
993 2480 1103 2509 homilia
1115 2480 1202 2520 prima
1217 2480 1243 2508 in
1266 2481 1431 2520 Principium
1446 2484 1586 2516 Actorum,

847 2539 906 2566 quae
927 2527 1019 2556 eodem
1042 2527 1098 2566 ipso
1118 2538 1187 2556 anno
1208 2527 1287 2567 paulo
1304 2535 1364 2567 post
1378 2528 1480 2556 Pascha
1495 2528 1586 2556 habita

847 2575 897 2603 fuit
908 2597 915 2610 ,
930 2585 1003 2603 num.
1019 2576 1055 2602 52:
1071 2587 1085 2600 (ι
1102 2575 1161 2603 Non
1177 2581 1238 2603 sunt
1253 2575 1336 2613 igitur
1350 2575 1450 2603 malum
1468 2575 1581 2607 divitiae,
1599 2587 1617 2607 T
1636 2589 1658 2610 3,
1669 2589 1738 2617 [.‚52‚

847 2621 892 2650 sed
915 2620 1071 2659 illegitimus
1092 2631 1183 2649 carum
1199 2631 1261 2649 usus
1283 2628 1321 2649 est
1340 2620 1441 2649 malum
1455 2632 1460 2647 ε
1476 2627 1499 2649 ct
1515 2620 1584 2649 sicut
1600 2620 1621 2640 ¹¹-
