1884 2922
741 215 842 237 taxDEx
868 215 992 236 RERUM.

98 283 162 307 806.
177 290 202 309 Β,
216 279 326 306 Ρ.ι[1·11111
339 277 464 306 nobilitas
478 288 530 306 non
541 279 619 316 juvat
633 277 781 316 improbos,
796 287 842 304 nec

98 322 252 360 ignobilitas
267 328 342 350 nocet
358 322 458 360 probis.
469 329 527 351 VII.
547 326 608 350 158.
622 332 647 352 c.
662 321 690 349 Si
702 328 789 360 patres
801 320 844 348 di-

98 366 211 404 ligenter
224 365 322 393 liberos
337 376 399 393 suos
412 372 480 393 recte
495 365 645 399 educarent,
658 375 710 392 non
726 364 840 401 legibus,

99 420 150 437 non
176 410 259 448 poenis
284 420 352 448 opus
367 417 442 437 esset.
466 417 511 438 111.
534 414 598 437 381.
618 420 646 437 A.
667 409 759 436 Patres
774 418 844 446 sa‘pe

99 454 259 482 contrariam
275 453 434 490 evangelicae
454 453 626 492 disciplinam
640 452 704 480 filiis
721 451 839 479 tradunt.

99 504 120 526 I.
136 502 200 525 106.
220 508 246 525 n.
261 497 314 531 Qui
331 497 449 524 filiorum
467 496 650 525 educationem
666 505 717 523 non
732 502 841 530 curant,

99 540 242 569 homicidis
258 541 368 579 pejores.
391 547 411 568 I.
432 544 496 568 102.
513 551 539 568 c.
557 540 636 567 Pater-
649 538 729 567 nimis
748 538 843 566 indul·

99 594 162 622 gens
175 584 309 622 parricida
324 590 372 612 est.
390 591 434 611 III.
457 588 521 612 380.
540 594 569 611 A.
592 584 681 611 Patres
699 592 750 610 non
765 581 844 610 modo

99 637 220 661 suorum,
232 627 277 655 sed
288 637 380 655 eorum
391 637 449 664 quaz
461 637 474 654 a
486 626 550 654 siliis
560 626 687 665 neglectis
698 626 843 653 admittun-

98 677 144 699 tur
156 678 323 710 peccatorum
334 693 340 705 ‚
357 682 448 709 poenas
462 670 575 699 dabunt.
594 678 614 698 1.
635 675 696 698 128.
712 682 737 698 A.
752 670 843 708 Saepe-

99 726 211 743 numero
228 722 314 753 patres
328 715 427 753 precati
441 721 502 743 sunt
516 722 545 742 ut
559 715 676 742 filiorum
691 723 781 751 poenas
794 713 845 751 ipsi

98 758 196 786 ferrent
236 765 279 786 tv.
297 763 361 786 337.
380 770 404 786 B.
427 759 505 786 Pater
524 758 612 786 filium
629 768 755 785 accusans
772 758 845 785 testis

98 809 153 830 erat
166 802 302 830 sufficiens
315 802 340 829 in
353 802 434 830 veteri
448 802 514 840 lege.
531 809 577 830 lv.
591 807 656 831 769.
672 812 699 829 o.

140 847 225 876 thou
239 867 246 880 ‚
265 846 398 884 passiones
409 868 416 881 ,
431 846 650 884 perturbationes,
665 846 780 873 animam
796 846 845 873 ob-

99 889 216 918 sidentes
229 890 392 918 excruciant.
408 898 440 919 v.
458 894 500 917 12.
516 899 542 917 Ε.

136 936 293 962 Pmmm
312 933 363 960 Dei
377 939 415 960 est
437 932 574 960 silentium
594 932 652 960 Dei.
679 939 710 960 v.
734 937 796 960 288.
817 943 843 960 r..

99 983 196 1014 quanta
211 977 254 1004 sit.
269 983 299 1004 V.
313 981 358 1004 90.
383 978 494 1014 Propter
519 977 575 1014 ejus
591 975 744 1013 patientiam
767 975 846 1003 multi

99 1021 219 1048 nondum
238 1026 399 1059 acceperunt
415 1020 516 1058 justam
537 1019 789 1047 remunerationem,
810 1025 841 1046 V.

101 1069 165 1093 356.
179 1076 205 1094 A.

139 1108 268 1136 Patientia
280 1108 376 1136 animae
388 1118 458 1145 quse.
476 1115 508 1136 X.
525 1112 587 1136 349.
600 1118 626 1135 C.
640 1106 788 1135 Laudatur.
805 1113 837 1134 X.

100 1157 163 1180 349.
173 1163 200 1180 D.
210 1157 274 1181 350.
286 1152 425 1186 Quantum
436 1151 602 1179 bonum.1v.
616 1155 680 1179 381.
689 1158 755 1179 ΒΧ.
767 1155 811 1178 13.
822 1162 841 1177 i.

99 1195 236 1224 Patientiae
252 1196 377 1223 meritum
388 1202 508 1232 {equatur
520 1195 701 1233 eleemosynae.
718 1201 761 1222 tv.
777 1198 839 1221 895.

99 1250 126 1267 A.
140 1239 270 1267 Patientia
284 1239 310 1266 in
326 1238 522 1267 calamitatibus
536 1238 732 1276 eleemosynam
744 1243 768 1264 et
777 1236 841 1264 alias

98 1282 212 1310 virtutes
230 1289 345 1320 superat.
362 1289 420 1310 VII.
436 1286 501 1310 410.
517 1293 544 1310 1).
568 1281 643 1309 Nihil
661 1291 718 1309 eam
739 1290 843 1317 aequare

99 1333 193 1365 potest.
211 1333 257 1356 III.
281 1330 345 1354 688.
366 1331 432 1354 707.
452 1337 480 1354 n.
500 1331 565 1353 800.
583 1336 607 1353 13.
626 1326 686 1363 Ipsa
701 1331 739 1352 est
752 1324 842 1352 virtu-

99 1376 156 1397 tum
178 1370 280 1408 regina.
304 1377 351 1398 III.
375 1374 440 1398 707.
462 1380 490 1397 D.
511 1369 647 1397 patientiae
667 1378 776 1396 merces.
795 1373 840 1395 III.

99 1417 164 1441 663.
191 1424 218 1441 E.
242 1413 373 1441 Patientia
394 1418 543 1450 peccatores
564 1423 579 1440 a
602 1412 715 1450 piaculis
735 1411 842 1445 liberat,

95 1456 231 1494 justorum
255 1455 403 1484 mercedem
425 1463 515 1495 auget.
539 1463 585 1484 111.
611 1460 676 1483 690.
702 1466 727 1484 B.
749 1465 773 1483 e.
795 1456 843 1482 Per

99 1509 158 1527 eam
169 1499 293 1528 diabolus
305 1505 456 1538 superatur.
469 1506 525 1527 VII.
541 1504 602 1527 197.
617 1509 642 1527 c.
657 1505 681 1526 et
694 1498 732 1526 ira
744 1498 843 1526 laeden-

100 1542 143 1571 tis.
159 1550 180 1572 I.
196 1547 259 1571 157.
273 1552 297 1570 c.
310 1542 439 1570 Patientia
452 1543 588 1571 fortiorem
599 1542 681 1569 efficit
695 1542 840 1571 bominem.

102 1593 160 1614 VII.
181 1591 244 1614 345.
263 1597 288 1614 B.
308 1592 446 1624 comparat
464 1586 654 1614 humilitatem.
676 1592 705 1612 V.
728 1590 788 1613 127.
814 1596 840 1612 c.

102 1630 284 1669 Philosophiae
302 1630 388 1657 omnis
406 1636 445 1657 est
464 1630 554 1658 radix.
576 1637 609 1658 X.
627 1633 690 1657 349.
708 1639 734 1658 e.
753 1635 844 1667 portus

100 1673 247 1702 laetitioe.v.
261 1678 304 1701 13.
317 1684 344 1701 A.
360 1674 466 1708 Quanta
478 1673 636 1712 patientium
648 1679 754 1711 propter
765 1672 846 1700 Chri-

101 1723 171 1744 stum
182 1717 317 1755 voluptas.
332 1723 376 1744 IX.
392 1721 437 1745 63.
455 1727 483 1746 D.
500 1721 561 1745 124.
579 1716 746 1744 apamenum
758 1716 843 1744 bonus

102 1760 173 1789 finis.
198 1768 218 1789 I.
233 1765 298 1788 978.
320 1771 348 1789 A.
367 1761 497 1788 Patientia
509 1760 586 1798 longa
602 1769 669 1798 opus
683 1766 721 1787 est
733 1759 844 1788 homiui.

104 1811 161 1832 XII.
178 1809 240 1832 159.
255 1816 280 1832 A.
295 1803 453 1832 Patiendnm
465 1811 510 1832 aut
526 1803 581 1838 hic,
595 1803 678 1831 autin
690 1803 780 1831 futuro
793 1813 843 1831 sm-

103 1848 173 1876 culo.
187 1855 208 1876 1.
220 1852 284 1876 912.
297 1857 323 1875 Ε.
335 1847 467 1875 Patientia
478 1847 636 1886 episcopum
645 1846 729 1874 decet.
744 1853 764 1876 t.
778 1851 843 1875 375.

103 1902 130 1919 Ε.
143 1892 279 1920 Senectuti
290 1892 408 1919 maxime
420 1891 556 1930 competit.
571 1897 617 1919 XI.
631 1895 696 1918 814.
712 1890 801 1929 Major
811 1901 848 1918 re-

102 1935 220 1973 quiritur
239 1936 266 1963 in
282 1935 497 1974 persequutione.
522 1942 568 1963 XI.
591 1939 655 1963 598.
678 1945 701 1961 B.
717 1934 847 1962 Patientia

102 1979 256 2007 exhibenda
269 1979 295 2006 in
309 1979 517 2007 calamitatibus.
534 1986 553 2007 1.
573 1983 638 2009 654.
652 1988 677 2006 c.
692 1978 717 2005 in
732 1977 843 2007 morbis,

104 2030 125 2051 I.
141 2028 204 2052 834.
219 2030 288 2052 A.II.
301 2028 326 2051 3.
339 2034 366 2051 n.
378 2024 403 2051 in
412 2023 547 2051 aerumnis.
564 2029 622 2051 VII.
641 2027 704 2050 141.
717 2021 744 2049 in
758 2021 844 2049 feren-

103 2066 146 2094 dis
160 2066 275 2105 injuriis.
293 2073 323 2095 V.
341 2072 402 2095 144.
419 2078 444 2094 A.
466 2066 593 2094 Patiendo
608 2065 715 2093 vincere
730 2071 842 2103 oportet.

105 2117 162 2139 VII.
177 2115 240 2138 268.
254 2122 280 2140 A.
297 2110 429 2138 Patientia
442 2121 532 2138 veram
543 2109 683 2137 victoriam
696 2109 775 2147 parit.
786 2115 844 2138 Vll.

106 2157 168 2182 429.
185 2165 212 2182 13.
229 2158 293 2182 906.
308 2164 337 2184 o.
356 2153 499 2190 Quomodo
514 2153 678 2190 acquiratur.
698 2159 766 2180 VIII.
782 2156 847 2180 361.

107 2209 133 2225 A.
151 2197 287 2226 Patientiae
307 2205 332 2225 et
351 2198 467 2226 caritatis
484 2197 638 2235 exemplum
657 2195 782 2224 Christus
797 2202 847 2224 est.

107 2247 164 2268 vlt.
178 2245 242 2268 272.
258 2252 285 2269 n.
296 2241 439 2275 Quomodo
451 2241 576 2269 Christus
587 2251 645 2268 eam
658 2240 760 2269 doceat.
776 2247 846 2268 VIII.

107 2288 172 2312 567.
188 2296 215 2312 Β.

146 2328 253 2355 PATRIA
268 2334 356 2356 nostra
370 2338 439 2365 qnae.
451 2334 520 2357 VIII.
539 2332 603 2355 536.
620 2327 747 2366 Supernae
757 2326 849 2364 patriae

105 2371 228 2399 felicitas.
247 2377 317 2399 VIII.
334 2375 397 2398 378.
413 2381 440 2398 c.

147 2414 264 2442 Patriam
280 2424 355 2442 suain
376 2414 525 2451 relinquere
539 2423 591 2441 non
608 2420 646 2441 est
666 2411 768 2450 aliquid
784 2411 849 2440 vul-

107 2469 169 2497 gare
183 2465 207 2486 et
223 2469 346 2496 parvum.
364 2465 410 2486 tv.
428 2462 491 2485 359.
507 2467 535 2487 A.
554 2458 594 2485 De
610 2457 695 2496 patria
710 2456 794 2484 altum
809 2465 850 2483 sa-

107 2513 169 2540 pere
183 2512 234 2530 non
248 2508 360 2540 oportet.
379 2508 434 2529 VII.
452 2505 515 2529 157.
534 2512 559 2529 Α.

148 2547 341 2574 PATntAchAE
355 2543 379 2574 et
393 2545 530 2584 prophetae
545 2544 729 2583 prmtlixerunt
744 2553 850 2571 crucem

109 2590 220 2619 Christi.
240 2597 285 2618 III.
305 2595 349 2618 21.
368 2602 392 2618 B.
411 2590 572 2619 Patriarcliae
592 2589 748 2619 Judaeorum
764 2597 847 2625 pecu-

1569 202 1636 237 335

899 276 956 304 nias
971 275 1140 314 colligebant
1152 281 1269 313 tempore
1285 273 1480 312 Chrysostomi.
1495 280 1516 304 I.
1531 280 1596 303 709.
1614 287 1638 303 ,1.

897 322 1036 358 Caupones
1051 325 1137 353 erant,
1153 317 1341 356 negotiatores,
1358 316 1500 354 iniquitate
1516 318 1600 356 pleni.
1616 327 1635 347 1.

897 368 961 391 803.
982 375 1001 390 i.
1018 363 1076 391 Non
1091 361 1236 390 sacerdotes
1251 368 1338 396 erant,
1367 360 1413 389 sed
1428 372 1476 400 per
1493 362 1640 390 simulatio-

897 418 956 436 nem
969 407 1136 436 sacerdotum
1147 406 1260 443 agebant
1275 415 1424 444 personam.
1438 412 1457 433 1.
1472 410 1536 434 803.
1555 417 1580 433 A.

939 452 1086 479 Pi'rmcms
1113 450 1251 489 epistolam
1276 448 1450 488 Olympiadis
1470 449 1504 478 ad
1521 449 1639 489 Chryso—

897 502 1012 523 stomum
1027 495 1121 523 defert.
1140 501 1187 522 III.
1205 498 1270 523 715.

938 541 1135 567 PATRONORUM
1161 537 1269 565 nomina
1294 535 1320 564 in
1351 536 1432 565 sacris
1462 536 1643 565 oblationibus

897 583 1107 621 proferebantur.
1126 588 1171 609 IX.
1186 585 1249 608 159.
1265 591 1288 607 Β.

937 628 1076 655 PAcfflns
1093 625 1248 653 auditorum
1267 634 1300 652 ne
1314 623 1451 652 contristet
1467 623 1641 653 concionato-

898 681 965 700 rem.
984 677 1030 698 IV.
1049 674 1113 699 858.
1132 680 1160 697 A.

938 716 1139 743 PAvqux‘rcM
1153 711 1266 749 gemmis
1280 711 1447 742 distinctum.
1460 720 1506 743 III.
1524 719 1589 743 214.

937 761 1104 788 PAummANi
1122 757 1353 786 ltlaniclzoeorum
1368 758 1501 785 lzoeresim
1514 760 1641 795 partici-

897 809 1014 841 parunt.
1031 809 1064 830 V.
1080 806 1143 830 872.
1162 812 1188 829 A.
1203 805 1266 828 881.

938 847 1066 874 Pit-mo
1076 845 1214 872 anatliema
1223 843 1347 872 dicebant
1357 843 1526 880 Antiocheni,
1541 845 1642 873 Meletii

899 890 1019 929 partibus
1033 889 1161 916 faventes.
1182 895 1203 917 l.
1222 892 1286 915 849.
1303 899 1327 914 ,1.

940 933 1053 960 Pleas
1081 931 1217 970 apostolus
1239 931 1312 958 Cilix
1331 938 1395 959 crat.
1428 938 1476 959 XI.
1512 936 1579 959 736.
1614 943 1641 961 Γ..

898 977 977 1005 Tarsi
995 982 1081 1003 natus.
1106 982 1152 1003 IX.
1171 979 1234 1003 394.
1259 985 1282 1003 A.
1299 985 1321 1002 13.
1339 974 1382 1002 Ex
1397 975 1547 1012 antiquitus
1561 975 1642 1003 claris

898 1020 1002 1050 Judaeis
1014 1042 1020 1053 ,
1045 1029 1096 1047 non
1117 1025 1205 1046 autem
1226 1029 1258 1046 ex
1276 1018 1421 1057 proselytis
1437 1041 1443 1053 ‚
1459 1018 1600 1047 oriundus.
1625 1027 1643 1048 I.

895 1068 960 1092 736.
982 1070 1028 1091 XI.
1052 1067 1116 1090 319.
1140 1073 1167 1089 n.
1196 1071 1223 1089 Ε.
1249 1067 1274 1088 et
1295 1072 1328 1089 ex
1351 1061 1542 1100 probatissima
1569 1063 1642 1091 tribu

895 1107 1046 1146 Benjamin.
1063 1113 1097 1134 XI
1128 1110 1192 1133 319.
1214 1115 1241 1133 A.
1264 1105 1372 1133 Modico
1389 1112 1444 1132 erat
1463 1115 1583 1144 corpore.
1608 1113 1641 1134 tt.

897 1156 960 1180 344.
970 1162 994 1178 13.
1008 1149 1216 1187 sedincorrupta
1230 1147 1385 1186 sinceraque
1397 1155 1483 1177 mente
1497 1149 1637 1187 praeditus.

897 1202 943 1223 111.
966 1198 1027 1222 128.
1052 1204 1075 1220 n.
1104 1193 1206 1220 Paulus
1223 1192 1312 1230 inops,
1326 1192 1454 1220 coriarius
1467 1199 1490 1220 et
1507 1194 1642 1221 tentorio-

896 1248 957 1266 rum
977 1237 1081 1265 artifex.
1100 1243 1132 1265 II.
1150 1240 1196 1265 72.
1217 1246 1242 1263 e.
1274 1242 1321 1264 XI.
1338 1240 1404 1265 736.
1424 1247 1450 1264 E.
1468 1241 1534 1265 737.
1560 1248 1584 1265 c.
1610 1238 1637 1266 in

896 1281 1070 1309 tribulatione
1086 1279 1214 1307 nutritus.
1231 1286 1263 1307 II.
1281 1284 1326 1308 61.
1344 1290 1372 1308 E.
1401 1279 1435 1307 ad
1452 1280 1532 1318 pedes
1545 1282 1643 1309 Gaura<

895 1324 1021 1353 lielisfuit
1034 1323 1165 1352 eruditus.
1181 1327 1299 1351 1v.466.
1315 1333 1343 1351 D.
1366 1330 1411 1351 XI.
1423 1327 1490 1352 651⁶
1503 1347 1508 1352 .
1523 1335 1549 1354 E.
1566 1325 1643 1353 Pauli

896 1367 1042 1396 reverentia
1052 1377 1112 1405 erga
1125 1367 1213 1394 virum
1226 1367 1304 1394 illum
1316 1378 1324 1403 ;
1338 1368 1395 1403 ejus
1409 1367 1566 1403 assiduitas,
1581 1379 1641 1406 per-

895 1411 1040 1440 severantia
1053 1410 1206 1439 etstudium
1217 1410 1354 1438 audiendi.
1368 1418 1414 1439 IX.
1430 1415 1493 1440 395.
1509 1422 1536 1439 n.
1548 1411 1637 1440 Idiota

897 1465 949 1484 non
960 1455 1021 1484 fuit.
1039 1462 1059 1483 Ι.
1078 1459 1140 1483 503.
1156 1464 1184 1482 E.
1205 1465 1229 1481 ,1.
1253 1453 1299 1481 sed
1312 1460 1427 1482 externa:
1443 1454 1578 1493 sapientise
1589 1466 1637 1483 ez-

896 1510 964 1539 pers.
984 1506 1030 1528 XI.
1046 1503 1112 1527 736,
1131 1508 1159 1525 Ε.
1175 1499 1280 1533 Quanta
1291 1498 1347 1535 ejus
1364 1498 1450 1527 virtus
1465 1505 1488 1526 et
1505 1498 1546 1527 vis
1557 1499 1635 1535 inge-

897 1543 945 1571 nii.
965 1550 1011 1571 1Χ.
1039 1546 1102 1570 534.
1120 1552 1146 1568 n.
1163 1541 1192 1568 In
1210 1541 1268 1578 lege
1282 1540 1405 1579 apprime
1420 1541 1575 1570 instructus.
1595 1550 1641 1571 IV.

897 1591 961 1615 466.
979 1597 1008 1614 n.
1028 1592 1074 1614 IX.
1095 1589 1157 1612 395.
1175 1594 1203 1612 t).
1222 1584 1374 1612 Pharisaeus
1389 1592 1445 1613 erat
1459 1596 1492 1613 ex
1514 1587 1643 1624 progeni-

898 1629 1000 1658 toribus
1012 1627 1338 1665 etseciindtiiiilt·gein.1.
1354 1633 1420 1657 736.
1432 1640 1458 1657 c.
1471 1636 1518 1659 IX.
1533 1634 1598 1658 409.
1613 1641 1640 1658 1).

898 1674 997 1711 Magno
1008 1682 1070 1710 erga
1093 1672 1179 1709 legem
1197 1672 1252 1699 zelo
1265 1677 1319 1698 crat
1332 1671 1454 1699 affectus.
1468 1679 1514 1700 lx.
1528 1677 1592 1701 395.
1608 1684 1633 1701 E.

899 1718 1036 1752 Quantum
1050 1716 1075 1743 in
1099 1715 1199 1742 honore
1220 1724 1277 1742 eam
1300 1713 1419 1743 baberet.
1436 1722 1481 1743 IX.
1499 1720 1561 1744 395.
1580 1717 1644 1743 Ani—

898 1770 969 1788 mam
984 1770 1059 1787 suam
1073 1758 1154 1786 dabat
1170 1768 1217 1796 pro
1237 1757 1304 1796 lege.
1323 1765 1368 1785 IX.
1380 1762 1443 1787 152.
1461 1769 1488 1786 c.
1505 1761 1642 1794 Quantum

897 1803 956 1841 ejus
971 1813 1032 1841 erga
1049 1802 1205 1839 religionem
1223 1800 1353 1828 studium.
1370 1808 1415 1829 IX.
1430 1805 1494 1831 394.
1516 1813 1542 1829 Β.
1572 1803 1643 1831 Cha-

901 1854 985 1875 racter
999 1848 1066 1885 ejus.
1088 1853 1133 1874 1Χ.
1160 1850 1223 1873 177.
1238 1856 1265 1873 1).
1282 1856 1309 1872 Ε,
1331 1846 1451 1873 Uxorem
1466 1856 1517 1873 nou
1533 1845 1639 1874 hahuit.

903 1895 966 1919 345.
983 1903 1007 1919 a.
1023 1890 1123 1917 Paulus
1140 1889 1167 1916 in
1183 1888 1254 1916 ccede
1266 1888 1395 1926 Stephani
1412 1887 1486 1916 mille
1496 1889 1643 1918 homicida-

901 1944 963 1962 rum
973 1932 1193 1971 manibusipsum
1208 1931 1360 1969 impetebat.
1376 1938 1421 1959 tx.
1434 1936 1644 1963 152.,1.Χ.231.

902 1978 952 2005 Dei
973 1976 1107 2016 apostolos
1120 1975 1344 2014 persequebatur,
1359 1984 1389 2002 ac
1401 1975 1422 2002 si
1435 1974 1515 2013 lupus
1533 1977 1646 2005 saeviens

902 2021 929 2049 in
954 2021 1025 2049 ovile
1054 2020 1198 2057 ingressus,
1226 2024 1302 2056 rapto
1320 2027 1398 2056 agne,
1418 2028 1516 2056 oreque
1540 2018 1644 2047 discer-

902 2072 966 2103 pto,
991 2075 1024 2092 ex
1040 2063 1090 2091 boc
1114 2069 1192 2100 raptu
1216 2062 1328 2089 ferocior
1348 2061 1481 2089 evaderet.
1505 2069 1551 2090 111.
1578 2068 1641 2092 148.

903 2109 1023 2143 Quantus
1033 2106 1171 2145 ejussuror
1180 2105 1308 2133 adversus
1318 2105 1477 2133 Ecclesiam.
1491 2113 1534 2134 IX.
1546 2111 1637 2135 152.A.

903 2160 938 2181 X.
954 2157 1016 2180 230.
1033 2162 1059 2181 1³.
1078 2155 1141 2178 231.
1158 2149 1235 2178 Illius
1252 2149 1368 2183 licentia,
1385 2150 1556 2185 contumelia,
1567 2151 1644 2178 insa-

903 2197 956 2224 nia.
975 2197 1019 2223 ΙΙ).
1038 2194 1174 2232 Sanguine
1193 2193 1305 2231 replevit
1325 2193 1484 2221 Jerusalem.
1509 2200 1554 2221 III.
1579 2199 1643 2224 147.

904 2250 930 2268 e.
947 2250 976 2268 D.
993 2249 1018 2266 E.
1029 2238 1126 2266 Omnia
1141 2247 1240 2273 susque
1254 2236 1339 2274 deque
1350 2236 1527 2274 permiscebat
1541 2244 1565 2265 et
1580 2248 1646 2266 con-

903 2282 1043 2310 fundebat.
1068 2288 1098 2309 V.
1123 2285 1183 2308 442.
1214 2290 1238 2308 u.
1265 2279 1411 2318 Prophetas
1429 2279 1551 2318 legebat,
1568 2282 1644 2320 signa

904 2325 1013 2353 videbat
1029 2335 1088 2362 quse
1102 2323 1212 2359 fiebant,
1226 2330 1249 2350 et
1264 2329 1348 2351 tamen
1366 2330 1539 2362 persequutor
1554 2335 1644 2353 mane-

905 2369 958 2397 bat.
975 2375 1006 2397 V.
1024 2372 1087 2396 442.
1107 2378 1132 2395 A.
1152 2374 1196 2395 IX.
1215 2371 1276 2394 167.
1299 2377 1327 2396 E.
1348 2367 1426 2394 Zelus
1448 2367 1505 2405 ejus
1526 2368 1645 2396 sincerus

903 2419 975 2448 erat,
996 2411 1041 2440 sed
1064 2410 1213 2449 ignorantia
1227 2410 1394 2438 obscuratus.
1417 2417 1463 2439 IX.
1488 2415 1550 2439 164.
1568 2422 1596 2439 D.
1616 2422 1642 2440 E.

903 2457 1098 2495 Benignitatem
1121 2455 1169 2482 Dei
1194 2461 1219 2482 ct
1240 2454 1366 2481 virtutem
1391 2453 1466 2492 prior
1486 2454 1541 2482 vita
1567 2456 1645 2483 Pauli

904 2500 1027 2528 ostendit.
1040 2506 1084 2528 III.
1104 2503 1165 2526 127.
1180 2509 1206 2525 A.
1226 2502 1287 2525 128.
1306 2507 1328 2525 Β.
1344 2497 1488 2525 Colebatur
1502 2508 1516 2525 a
1531 2499 1644 2534 Judaeis,

904 2554 933 2572 ac
950 2554 1004 2581 prae
1021 2542 1121 2571 caeteris
1142 2542 1241 2569 bonore
1265 2541 1441 2569 afficiebatur.
1463 2549 1508 2569 III.
1528 2546 1590 2570 128.
1613 2553 1644 2572 D.

944 2587 1020 2616 Pauli
1042 2586 1178 2615 conversio
1198 2585 1340 2623 exponitur
1375 2592 1418 2612 III.
1444 2589 1503 2613 121.
1527 2597 1552 2613 Λ.
1579 2596 1642 2624 sqq.
