1950 2922
171 503 273 523 Humilia·v
286 503 313 522 de

172 534 311 554 Pii-nitentia.

171 591 307 620 T.2.p.22··).

331 192 395 235 140
817 205 846 226 s.

325 263 480 301 internosci,
495 265 722 303 quemadmodum
739 272 765 294 et
779 264 954 304 proecedentes
965 264 1025 292 atiae
1040 264 1066 292 in

325 312 454 338 Actorum
476 311 686 350 inscriptionem.
703 312 809 346 Quanto
824 317 912 338 autem
935 309 962 338 id
984 310 1066 338 lecto-

324 368 385 385 rum
399 357 539 397 dispcndio
553 358 795 392 acciderit‚norunt
809 357 837 390 ii,
850 357 895 395 qui
907 356 950 385 vel
966 357 1066 395 primo-

323 403 399 431 ribus
412 403 494 431 labris
509 414 563 431 rem
579 403 784 431 ecclesiasticam
807 402 954 431 literariam
969 402 1066 440 attige-

324 456 395 477 runt.

365 494 494 522 Homilias
509 493 542 521 de
558 494 712 522 Paenitentia
730 501 789 533 post
810 504 909 522 annum
929 494 986 522 595
1003 504 1064 523 cum

324 540 496 568 Tillemontio
519 551 552 568 ex
576 540 627 568 levi
650 541 802 579 conjectura
826 540 958 579 ponimus.
976 540 1063 568 Tanta

321 593 410 613 autem
420 592 458 613 cst
474 585 498 613 iu
514 596 605 613 eorum
618 586 713 614 ordine
728 586 905 625 perturbatio,
922 593 949 614 ut
960 585 1064 614 diffici-

323 633 345 659 le
360 632 393 659 sit
410 631 498 660 (licere
515 642 574 670 quac
590 632 687 671 prima,
704 643 762 670 qnae
774 631 897 667 secunda,
914 642 971 670 qua:
985 631 1062 660 tertia

321 678 411 706 habita
430 679 518 706 suerit.
532 678 584 707 Sed
604 678 636 706 ad
653 679 787 707 Monitum
808 679 833 706 in
853 679 957 706 eusdem
972 678 1061 706 mitti-

321 737 392 761 mus,
407 726 454 754 ubi
473 726 530 754 hate
544 737 592 765 pro
601 726 726 754 facultate
745 726 929 754 discussimus.
944 726 1061 754 llomilia

322 779 408 800 tamen
430 779 523 810 quarta
537 794 543 805 ,
560 773 636 811 eujus
657 772 766 801 initium
783 774 806 801 οἱ
821 773 942 810 ποιμένες
953 772 985 801 τὰ
1000 772 1062 811 πρό-

322 817 399 850 ἕαται,
409 817 469 854 jure
482 823 582 854 quartae
598 816 704 844 nomine
715 816 858 854 insignitur
874 829 879 843 z
895 815 1062 854 quandoqui-

320 862 381 891 dem
396 862 603 901 Chrysostomus
618 862 694 891 initio
708 862 777 890 dicit
788 863 877 901 sejam
893 869 985 900 quarta
1000 862 1058 890 vice

320 916 345 937 et
358 908 402 937 die
416 909 448 937 de
459 908 613 947 poenitentia
624 918 709 947 agere.
717 908 768 937 Sed
778 919 841 937 cave
856 915 932 947 potes
947 907 1059 947 perinde

320 963 421 984 certum
437 967 491 984 esse
506 967 572 990 cam,
584 963 636 984 tres
647 956 705 984 illas
718 967 783 994 quas
796 956 898 995 priores
911 956 1059 994 posuimus,

320 1010 366 1031 aut
381 1003 498 1040 aliquam
514 1013 547 1030 ex
563 1002 615 1030 illis
638 1009 777 1040 sequutam
799 1013 863 1031 esse.
887 1001 1001 1030 Planum
1023 1008 1061 1030 est

320 1055 387 1085 tres,
398 1056 458 1077 ante
475 1048 543 1076 hanc
559 1055 680 1086 quartam
696 1071 704 1086 ‚
717 1049 751 1077 de
766 1048 919 1087 poenitentia
936 1048 1062 1076 homilias

320 1093 405 1122 dietas
420 1094 513 1128 fuisse,
525 1093 569 1122 sed
585 1093 665 1122 hasne
681 1100 814 1131 ti·es,‹pias
828 1093 1016 1132 praemisimus,
1026 1104 1060 1121 an

319 1140 394 1173 alias,
411 1140 531 1178 ignotum
545 1150 654 1179 prorsus
666 1147 713 1170 est.
732 1139 882 1168 Antiochite
895 1146 983 1167 autem
998 1150 1060 1178 pro-

320 1187 467 1214 nuntiatam
497 1186 578 1214 fuisse
607 1185 719 1214 suadent
744 1185 800 1213 haec
826 1185 907 1213 verba
932 1195 1006 1212 num.
1021 1187 1038 1212 9
1052 1197 1059 1212 :

321 1244 335 1258 (ι
358 1231 585 1269 Quandoquidem
610 1241 656 1258 nos
680 1241 741 1259 cum
766 1230 969 1268 exagitabamur
982 1251 990 1265 ,
1014 1240 1060 1258 ve-

320 1278 376 1306 xati
392 1278 460 1305 fame
474 1300 481 1313 ‚
495 1284 584 1316 peste,
601 1276 744 1315 grandine,
756 1276 874 1304 siccitate
886 1298 892 1311 ,
906 1275 1036 1303 incendiis
1051 1298 1058 1311 ‚

320 1323 436 1351 hostium
455 1323 621 1356 incursione,
636 1332 721 1350 nonne
734 1322 854 1360 quotidie
869 1321 977 1350 ecclesia
991 1321 1061 1349 mul-

320 1369 433 1397 titudine
448 1368 662 1396 convenientium
678 1367 968 1405 angt1stahatui·?·.....
985 1369 1061 1395 Post-

320 1425 400 1452 quam
412 1422 498 1442 autem
511 1415 582 1442 Deus
595 1414 661 1441 iram
671 1413 803 1452 deposuit,
815 1420 893 1451 atque
905 1419 962 1452 post
977 1419 1061 1441 tantos

319 1460 416 1488 fluetus
430 1460 575 1499 procellam
590 1460 689 1497 abegit,
705 1460 739 1487 ad
754 1460 881 1498 pristinos
896 1459 992 1487 iterum
1004 1470 1060 1488 mo-

319 1516 360 1534 res
377 1507 474 1534 reversi
491 1516 591 1534 sumus.
605 1506 686 1543 Atqui
701 1505 726 1533 in
739 1505 797 1544 ipso
809 1505 985 1533 tentationum
997 1512 1061 1533 tem-

320 1564 385 1591 pore
400 1553 454 1581 haee
466 1553 612 1592 praedicere
625 1559 649 1580 et
662 1553 797 1580 testificari
808 1563 859 1580 non
872 1552 1060 1581 desistebam.»

323 1599 373 1626 Hie
387 1598 493 1636 longam
508 1598 689 1626 calamitatum
704 1599 799 1627 seriem
816 1598 1062 1635 me1norat‚quibus

321 1655 436 1684 praesens
452 1645 507 1683 ipse
527 1651 597 1680 erat,
610 1651 634 1672 et
652 1644 860 1672 concionabatur
873 1656 878 1671 :
891 1654 949 1681 quse
972 1645 1061 1672 omnia

321 1691 425 1719 nonnisi
437 1690 471 1718 ad
485 1698 600 1729 tempus.
614 1701 666 1728 quo
682 1690 831 1718 Antiochiae
843 1691 982 1729 presbyter
995 1697 1060 1725 erat,

321 1736 451 1774 quadrare
474 1743 591 1775 possunt.
609 1736 731 1764 Hostium
751 1747 814 1764 vero
838 1737 959 1764 incursus
987 1743 1060 1775 putat

322 1782 512 1810 Tillemontius
536 1793 591 1810 csse
606 1782 770 1810 invasionem
788 1782 862 1810 illam
887 1782 1060 1817 Hunnorum,

322 1838 380 1865 quae
393 1839 461 1856 anno
477 1829 533 1856 595
554 1828 664 1866 contigit
680 1840 685 1855 :
701 1827 772 1865 quod
788 1835 827 1856 sat
842 1828 950 1866 quidem
966 1829 1060 1857 verisi-

320 1874 385 1902 mile
402 1874 517 1903 videtur.
529 1875 566 1903 Ut
583 1881 611 1902 ut
633 1884 696 1902 vero
711 1881 770 1908 est,
789 1874 858 1902 hanc
882 1874 909 1902 in
929 1874 1037 1902 ultimos
1053 1897 1059 1908 ‚

320 1920 419 1957 quibus
432 1920 581 1949 Antiochiae
594 1920 763 1948 concionatus
774 1927 823 1954 est,
838 1930 920 1949 annos
934 1929 1062 1959 opportu-

321 1976 353 1994 ne
367 1966 512 2005 rejicimus.

362 2013 477 2049 Quinta,
495 2012 570 2051 cujus
591 2012 708 2048 initium,
721 2011 817 2051 φαιδρὰ
835 2012 948 2050 σήμερον
964 2015 1029 2049 ἡμῖν
1042 2015 1058 2048 ἡ

320 2060 479 2099 πανήγυρις,
492 2066 530 2087 est
545 2059 726 2098 pulcherrima
739 2082 745 2093 ‚
759 2070 839 2096 quam
851 2059 911 2099 περὶ
925 2059 1058 2094 νηστείας,

321 2107 356 2133 (ἵν
364 2104 489 2144 jejunio,
507 2105 642 2144 inscripsit
658 2105 786 2134 Savilius.
802 2105 836 2133 Et
855 2112 892 2133 est
904 2105 1013 2143 quidem
1027 2105 1060 2133 de

318 2151 423 2189 jejunio
436 2174 443 2185 ,
460 2151 505 2179 scd
527 2152 660 2190 pra‘cipue
684 2151 717 2179 de
737 2151 893 2190 poenitentia
905 2174 912 2184 ,
933 2156 992 2189 quae'
1006 2162 1059 2189 quo

322 2204 398 2234 pacto
410 2208 470 2224 cum
487 2197 547 2225 aliis
561 2197 690 2225 ‹tolum-eat
712 2197 877 2236 deprehendi
890 2197 962 2225 nullo
980 2197 1059 2225 modo

322 2249 418 2280 potest.
438 2243 583 2271 Antiochia*
611 2253 674 2271 vero
704 2243 825 2270 habitam
850 2243 932 2271 suissc
959 2243 1059 2271 indit-at

321 2288 548 2327 Chrysostomus‚
562 2299 622 2317 curn
644 2289 837 2317 monachorum
866 2289 892 2317 in
922 2289 1060 2317 montibus

319 2335 444 2374 proxime
472 2334 626 2371 degentium
653 2335 807 2374 exemplum
833 2335 1055 2363 considerandum

319 2381 408 2414 offert,
424 2388 451 2408 ut
468 2380 533 2408 solet
549 2381 574 2409 iu
589 2381 761 2409 concionibus
782 2382 929 2410 Antiochiae
945 2382 1058 2410 habitis.

359 2427 438 2455 Sexta
451 2448 457 2461 ,
471 2427 547 2464 cujus
566 2426 680 2461 initium,
693 2429 727 2459 ὡς
742 2427 840 2465 τερπνὰ
854 2430 899 2462 ’.ἧς
912 2439 1057 2465 πνευματι-

320 2472 526 2510 κῆς,(1ρ]«’]ιιιιίο
542 2472 658 2500 maximo
672 2472 727 2510 agit
743 2484 747 2498 ε
765 2483 796 2500 an
810 2483 872 2501 vero
890 2473 1036 2501 Antiochia:
1047 2495 1057 2508 ‚

319 2529 352 2546 an
361 2517 587 2556 Constantinopoli
600 2517 690 2545 habita
702 2517 883 2553 suerit‚uul[o‚
897 2527 927 2547 ut
940 2519 1057 2556 videtur,

320 2565 401 2592 modo
416 2563 577 2603 deprehendi
602 2571 697 2603 potest.
726 2564 856 2592 llomilias
876 2565 934 2593 illas
947 2566 1014 2593 duas
1029 2566 1054 2593 in

321 2612 457 2640 Psalmum
471 2610 720 2649 quinquagesimum
733 2633 740 2645 ,
751 2621 809 2648 qua·
822 2611 847 2638 in
863 2611 956 2648 quinto
970 2612 1056 2640 Tomo

875 202 1016 226 JOANNts
1041 202 1274 225 cttRYSOSTOMt
1302 203 1400 233 viTA,

1121 264 1210 292 locum
1235 264 1331 292 hubent
1350 287 1358 302 ,
1381 272 1476 304 putant
1498 265 1609 304 quidam
1631 267 1803 296 concionibus
1828 267 1861 296 de

1121 310 1277 338 Poenitentia
1293 310 1477 349 adjungendas
1491 322 1546 340 esse
1562 324 1568 339 :
1585 320 1621 348 at,
1636 320 1663 341 ut
1686 324 1733 342 suo
1747 314 1805 343 loco
1817 315 1861 343 di-

1121 357 1201 392 citur,
1213 368 1273 386 cum
1291 357 1346 386 illis
1359 357 1494 386 cohaerere
1509 369 1584 397 posse
1598 369 1649 387 non
1660 360 1794 390 videntur.

1160 404 1227 432 Tres
1239 411 1376 442 sequentes
1388 404 1515 440 homiliae,
1524 415 1618 444 nempe
1631 406 1753 445 septima,
1765 414 1859 436 octava

1118 456 1143 478 et
1160 460 1227 478 nona
1241 472 1248 485 ‚
1263 460 1314 478 non
1330 461 1406 489 pares
1421 450 1591 488 γνησιότητος
1609 458 1683 479 notas
1699 463 1752 490 prae
1775 464 1803 482 se
1822 455 1858 482 se-

1118 503 1190 524 runt.
1205 496 1300 535 Stylus
1316 507 1330 524 a
1346 496 1529 535 Chrysostomi
1547 497 1679 534 elegantia
1697 508 1747 526 non
1763 509 1859 536 parum

1118 540 1225 570 recedit.
1235 541 1417 577 Quamobrem
1435 552 1485 570 non
1500 542 1556 570 sine
1571 542 1661 580 aliquo
1676 544 1802 582 scrupulo
1815 556 1859 574 eas

1119 588 1186 615 inter
1210 598 1334 626 germana
1357 584 1541 627 Clirysostomi
1561 598 1640 627 opera
1656 588 1854 628 relinquimus3

1119 643 1165 661 nee
1191 640 1276 662 tamen
1295 634 1329 661 ab
1353 633 1407 661 illis
1428 634 1605 672 sejungendas
1629 645 1683 663 esse
1706 635 1856 673 duximus,

1119 680 1256 718 (promam,
1273 686 1301 707 ut
1312 679 1368 717 jam
1383 679 1449 707 alibi
1464 681 1632 715 monuimus,
1649 681 1674 708 in
1687 680 1793 709 dicendi
1811 693 1858 721 ge-

1119 736 1179 753 nere
1200 736 1249 753 non
1266 736 1371 764 semper
1385 726 1436 754 sibi
1450 733 1550 754 constat
1564 727 1593 755 S.
1604 726 1709 755 doctor.
1728 728 1800 756 Alias
1817 728 1859 756 in-

1117 782 1196 810 super
1211 771 1395 810 Chrysostomi
1410 771 1442 799 de
1454 772 1613 800 Poenitentia
1627 772 1751 801 homilias
1772 773 1858 802 habe-

1118 827 1193 852 mus,
1207 827 1273 854 quas
1286 824 1379 856 utpote
1393 817 1497 855 spurias
1512 817 1538 845 in
1554 817 1736 856 Appendicem
1750 819 1858 857 ablega-

1118 872 1216 890 wmus.

1157 910 1313 937 Innumeras
1326 908 1473 937 Antiochiae
1485 908 1579 938 habuit
1590 909 1728 938 conciones
1740 909 1858 949 Clnyso-

1116 961 1228 989 stomus,
1246 966 1359 993 quarum
1375 965 1470 993 magna
1486 966 1546 994 pars
1569 956 1640 984 edita
1654 957 1716 993 fuit,
1737 963 1762 985 et
1784 967 1858 985 nova:

1118 1001 1252 1030 interdum
1264 1013 1277 1029 a
1291 1002 1405 1030 tenebris
1416 1008 1556 1030 eruuntur.
1573 1002 1617 1031 Ex
1629 1002 1709 1031 editis
1721 1013 1784 1031 vero
1796 1013 1859 1040 qua-

1117 1047 1243 1076 rumdam
1262 1058 1362 1076 annum
1381 1059 1433 1086 quo
1453 1047 1530 1076 dictae
1550 1049 1657 1076 fuerunt
1676 1048 1856 1077 indicavimus

1116 1092 1157 1119 vel
1172 1102 1205 1119 ex
1220 1092 1297 1120 certis
1312 1092 1390 1127 noti5‚
1402 1092 1444 1120 vel
1461 1103 1495 1120 ex
1507 1093 1658 1131 conjectura
1673 1100 1777 1121 tantum
1790 1105 1795 1120 :
1809 1103 1858 1121 cae-

1116 1143 1232 1165 terarum
1252 1145 1350 1173 autem,
1371 1148 1432 1175 quae
1452 1138 1529 1175 longe
1546 1138 1640 1177 majori
1657 1149 1768 1167 numero
1783 1146 1856 1176 sunt,

1116 1194 1215 1212 annum
1232 1195 1264 1212 ne
1281 1185 1433 1223 conjectura
1456 1185 1565 1221 quidem
1578 1185 1682 1222 assequi
1700 1195 1854 1223 possumus.

1118 1229 1157 1256 De
1170 1229 1211 1256 his
1227 1239 1305 1267 porro
1314 1229 1370 1267 jam
1386 1228 1518 1266 agendum
1532 1228 1607 1256 uobis
1618 1235 1667 1257 est.

1158 1275 1192 1303 Et
1209 1275 1295 1313 primo
1308 1274 1415 1312 quidem
1430 1274 1463 1302 de
1474 1274 1550 1302 Pauli
1561 1274 1687 1302 encomiis
1700 1285 1746 1303 seu
1761 1286 1858 1304 sermo-

1117 1321 1195 1349 nibus
1211 1328 1323 1359 septem,
1339 1331 1405 1358 quos
1419 1321 1527 1349 omnino
1543 1331 1690 1349 memorare
1710 1321 1818 1350 videtur
1830 1321 1857 1349 in

1118 1367 1233 1395 Homilia
1248 1367 1274 1394 in
1283 1366 1483 1402 Kalen‹las,ubi
1497 1367 1534 1395 sic
1548 1366 1627 1395 habet
1641 1367 1720 1406 paulo
1733 1374 1793 1406 post
1805 1367 1856 1395 ini-

1119 1413 1195 1441 tium.
1210 1425 1223 1439 <t
1241 1414 1333 1451 Nuper
1348 1412 1438 1450 igitur,
1452 1423 1513 1440 cum
1527 1413 1633 1441 beatum
1650 1413 1764 1441 Paulum
1779 1424 1855 1442 enco-

1117 1459 1177 1487 miis
1197 1459 1402 1493 celebraremus,
1423 1459 1460 1487 sic
1473 1459 1668 1494 exsultavistis,
1683 1471 1713 1488 ae
1731 1461 1752 1488 si
1769 1460 1857 1499 ipsum

1117 1513 1273 1544 praesentem
1287 1505 1421 1533 vidissetis
1425 1527 1484 1533 .....
1499 1505 1630 1533 Volebam
1644 1512 1733 1534 autem
1746 1506 1772 1534 in
1787 1506 1858 1535 idem

1117 1559 1304 1590 argumentum
1320 1551 1399 1579 hodie
1412 1551 1588 1586 descendo-Q
1603 1552 1647 1580 sed
1664 1552 1699 1581 ad
1713 1553 1765 1581 alia
1781 1564 1858 1591 quae-

1118 1599 1193 1633 dam,
1214 1609 1272 1636 qua}
1291 1599 1376 1637 magis
1396 1605 1502 1637 urgent,
1525 1599 1609 1627 oratio
1626 1606 1713 1627 nostra
1729 1601 1858 1638 provehi-

1119 1653 1178 1681 tur3
1192 1645 1217 1673 in
1235 1645 1333 1682 quibus
1345 1656 1358 1672 a
1376 1651 1428 1672 tota
1443 1644 1524 1673 hodie
1538 1644 1643 1672 civitate
1659 1652 1791 1687 peccatur.
1804 1646 1858 1674 Eos

1117 1691 1199 1725 enim,
1220 1691 1266 1728 qui
1287 1690 1405 1719 encomia
1429 1690 1505 1718 Pauli
1525 1690 1619 1719 audire
1641 1691 1764 1729 cupiunt,
1783 1692 1858 1730 prius

1117 1737 1224 1765 virtutis
1240 1736 1317 1764 Pauli
1334 1736 1442 1765 :rmulos
1457 1747 1511 1764 esse
1525 1743 1639 1774 oportet,
1661 1743 1686 1764 et
1702 1736 1858 1775 hujusmodi

1117 1783 1242 1812 concione
1253 1783 1357 1821 dignos.
1367 1795 1380 1809 u
1395 1782 1445 1810 Hic
1460 1782 1536 1810 vides
1550 1782 1691 1810 conciones
1704 1782 1730 1810 in
1741 1783 1856 1811 Paulum

1117 1836 1173 1856 tum
1189 1829 1246 1868 jam
1262 1828 1376 1861 habitas,
1400 1835 1454 1855 tum
1476 1834 1535 1866 post
1550 1827 1684 1856 habendas
1700 1829 1854 1866 memorari,

1117 1885 1229 1912 quarum
1248 1881 1435 1912 argumentum
1449 1881 1523 1902 erant
1538 1874 1656 1902 encomia
1669 1874 1754 1903 Pauli.
1767 1874 1802 1902 Et
1816 1882 1857 1903 ta—

1117 1931 1176 1948 men
1191 1919 1362 1948 llermantius
1380 1919 1504 1958 opinatus
1523 1926 1573 1955 est,
1595 1919 1664 1947 illud
1682 1920 1759 1948 Pauli
1774 1930 1856 1948 enco-

1118 1966 1200 1995 mium
1222 1967 1246 1994 in
1263 1966 1381 1994 Itomilia
1399 1966 1432 1993 de
1448 1965 1577 1994 Kalendis
1597 1973 1784 2001 memoratum,
1806 1966 1857 1995 ha-

1116 2012 1171 2040 beri
1197 2013 1222 2040 in
1247 2011 1364 2040 llomilia
1386 2011 1419 2039 de
1443 2011 1571 2039 Petitione
1594 2010 1711 2039 filiorum
1732 2011 1856 2041 Zebedaei

1117 2069 1189 2087 num.
1207 2060 1236 2095 5,
1253 2058 1299 2086 ubi
1314 2057 1400 2085 obiter
1416 2057 1490 2086 Pauli
1506 2057 1598 2085 laudes
1612 2057 1721 2095 attingit
1733 2057 1855 2097 Chryso-

1114 2111 1223 2131 stomus.
1232 2103 1421 2132 'tillemontius
1434 2113 1507 2137 vero,
1520 2104 1614 2141 rejecta
1630 2103 1779 2131 Hei-mantii
1794 2106 1854 2143 opi-

1116 2151 1204 2184 nione,
1229 2157 1302 2189 putat
1323 2149 1461 2177 homiliam
1482 2149 1507 2176 in
1530 2148 1655 2177 concione
1673 2149 1706 2177 de
1722 2149 1853 2178 Kalendis

1116 2203 1287 2224 memoratam
1301 2206 1440 2228 eamesse,
1456 2195 1532 2233 cujus
1546 2195 1653 2229 titulus,
1675 2196 1782 2233 Quales
1803 2197 1856 2224 da-

1115 2243 1213 2270 cendte
1223 2244 1281 2270 sint
1297 2251 1412 2277 uxot-es,
1430 2241 1474 2268 ubi
1492 2241 1591 2269 Paulus
1605 2241 1748 2269 identidem
1761 2241 1856 2271 lauda-

1116 2295 1168 2316 tur.
1189 2289 1302 2321 Verum,
1324 2294 1352 2315 ut
1371 2298 1405 2315 ex
1420 2287 1544 2325 superius
1559 2287 1647 2315 allatis
1666 2288 1757 2316 verbis
1771 2287 1856 2326 liqui-

1115 2335 1179 2363 dum
1195 2341 1242 2369 est,
1264 2344 1314 2362 non
1330 2334 1420 2372 agitur
1439 2333 1474 2361 ibi
1495 2334 1527 2361 de
1543 2334 1669 2362 laudibus
1685 2334 1773 2369 Pauli,
1788 2345 1855 2372 quas

1115 2380 1286 2408 concionibus
1307 2380 1379 2414 suis,
1400 2379 1542 2417 cujuslibet
1572 2379 1678 2408 tandem
1702 2381 1854 2419 argumenti

1116 2427 1176 2459 siut,
1200 2427 1296 2465 passim
1317 2425 1456 2463 obiterque
1478 2425 1609 2454 interserit
1633 2426 1852 2465 Chrysostomus‚

1115 2472 1186 2510 quod
1203 2472 1346 2511 saepissime
1361 2482 1422 2499 sane
1436 2472 1581 2509 contingit;
1603 2472 1650 2500 sed
1665 2472 1698 2500 de
1714 2473 1852 2501 concioni-

1115 2519 1165 2546 bus
1177 2518 1311 2557 plurimis,
1324 2528 1437 2555 quarum
1449 2525 1636 2556 argumentum
1647 2525 1722 2546 erant
1733 2519 1852 2547 encomia

1116 2565 1208 2599 Pauli;
1228 2564 1279 2592 Ad
1293 2564 1427 2599 candem,
1442 2564 1539 2601 inquit,
1556 2574 1655 2592 rursus
1671 2565 1852 2602 hypothesim

1116 2611 1286 2640 descendere
1300 2610 1433 2639 volebam
1442 2622 1453 2643 ,·
1467 2610 1492 2637 itl
1504 2616 1552 2644 est⁷
1565 2620 1655 2637 rursus
1667 2609 1701 2638 dc
1712 2610 1787 2638 Pauli
1800 2610 1854 2638 lau-

1867 601 1901 620 12¹

1868 1280 1938 1310 T.2.p

1869 1459 1888 1473 ῖΙ-

1948 1498 1950 1526 Ι

1902 1794 1933 1815 En

1867 1824 1928 1846 Pauli

1865 1857 1925 1877 siuti.
