1950 2922
301 215 307 234 i
321 202 362 233 ‘²10
777 209 804 230 S-

295 276 346 303 sub
362 275 550 309 Constantino,
562 273 723 309 demumque
738 271 788 301 sub
798 271 905 299 ,iuliano
920 273 1033 308 Aposta—

296 327 333 357 ta,
350 320 396 358 qui
409 319 473 359 ipsis
487 319 607 348 favebat:
618 325 643 345 et
659 324 744 345 tamen
761 315 849 343 onmia
867 315 922 342 illis
935 314 1033 342 frustra

295 376 403 395 cessere.
426 367 541 393 Denium
570 370 710 402 postquam
736 362 843 390 dixerat
871 360 1034 390 Malachiam

295 411 453 451 prophetam
469 409 652 438 Christianum
675 408 775 435 cultum
798 406 1035 446 prresignificavis-

296 468 336 493 se,
348 456 449 485 claudit
460 455 622 489 concionem,
634 453 734 481 caeteris
749 452 870 480 homiliis
883 452 967 491 duplo
979 452 1034 480 sal-

294 511 347 532 tem
359 503 505 540 longiorem
516 513 523 537 ;
535 501 570 528 ita
585 507 614 528 ut
630 500 710 528 etiam
724 510 757 528 ex
773 499 867 528 orandi
881 499 978 528 ardore
991 506 1036 527 at-

296 559 347 587 que
358 546 511 587 prolixitate
524 545 679 574 raucitatem
693 545 871 573 contraheret.

335 594 426 631 Neque
449 598 536 620 tamen
559 590 606 619 ille
627 591 664 618 sic
681 590 784 619 destitit
806 601 820 618 a
842 590 1033 624 concionando,

295 638 340 667 scd
363 637 491 677 postridie
512 647 610 665 raucus
624 636 737 665 oratoris
757 646 854 664 munus
870 637 998 676 suscepit,
1012 643 1037 664 et

295 691 399 713 sextam
410 683 551 712 homiliam
563 682 633 711 dixit
646 689 773 721 praesente
786 682 916 710 Flaviano
929 682 1035 720 episco-

296 741 329 770 po
345 737 369 759 et
384 739 480 768 magna
504 728 596 768 populi
619 729 774 766 frequentia.
794 730 881 767 Atque
893 729 926 757 de
942 728 1035 767 templi

294 776 473 805 destructione
494 775 544 803 sub
563 774 727 814 Vespasiano
754 774 871 813 primum
896 775 1033 813 loquitur,

296 830 320 851 et
335 821 448 850 oratoris
463 821 547 859 magis
561 831 641 858 quam
655 821 834 860 χρονογράφου
849 832 946 849 munus
960 832 1036 849 exer-

295 878 374 902 cens,
390 867 455 895 dicit
468 867 525 905 jam
548 866 792 904 quingentesimum
814 877 915 895 annum
936 867 978 905 agi
1001 877 1035 895 ex

294 925 348 952 quo
369 914 500 953 templum
512 912 767 952 ,ierosolymitanum
786 911 949 940 destructum
976 912 1035 940 sue-

295 966 354 997 rat;
371 959 431 988 licet
446 969 496 987 non
513 958 574 997 plus
588 968 668 996 quam
691 957 800 986 trecenti
821 957 913 986 decem
928 964 952 986 et
975 964 1034 985 octo

296 1005 358 1033 anni
379 1005 413 1033 ab
435 1003 539 1032 excidio
566 1003 612 1031 illo
634 1002 717 1042 elapsi
738 1010 831 1031 essenti
847 1004 949 1032 Verum
971 1003 1037 1032 solet

296 1051 502 1090 Chrysostomus
516 1050 543 1078 in
558 1049 731 1077 concionibus
747 1049 802 1077 suis
818 1049 866 1077 lias
881 1056 1032 1089 temporum

295 1097 410 1125 rationes
431 1103 454 1125 et
469 1096 672 1135 supputationes
687 1106 782 1134 parum
797 1106 906 1132 curare,
922 1103 950 1124 ut
972 1096 1036 1124 alibi

295 1142 477 1171 observamus.
490 1141 558 1170 Hinc
573 1151 635 1169 vero
650 1151 760 1180 scopum
772 1152 931 1180 persequens
943 1143 971 1172 S.
989 1142 1037 1171 do-

295 1195 363 1223 ctor,
379 1188 445 1216 dicit
456 1195 480 1216 et
496 1187 591 1227 probat
606 1198 696 1216 necem
711 1188 811 1216 Christi
826 1188 958 1216 malorum
975 1199 1038 1216 cau-

294 1245 352 1263 sam
365 1234 465 1263 Judaeis
480 1234 576 1269 fuisse,
588 1234 678 1272 aitque
690 1234 777 1262 Deum
792 1233 930 1272 indignius
945 1234 1037 1262 tulisse

291 1280 395 1308 Christi
408 1290 513 1314 necem,
526 1289 604 1316 quam
621 1279 698 1307 vituli
712 1279 904 1308 adorationem.
915 1280 958 1308 Ex
974 1291 1038 1319 pro-

294 1325 382 1364 phetis
393 1325 480 1353 denuo
496 1325 592 1364 probat
606 1325 724 1353 suturam
736 1324 893 1354 Judaeorum
909 1326 1038 1365 reproba-

294 1372 404 1402 tionem.
420 1371 524 1400 Deinde
539 1378 637 1409 quanta
653 1371 686 1399 sit
701 1371 841 1400 sacerdotii
854 1372 972 1410 dignitas
989 1372 1038 1401 de-

295 1424 442 1451 monstrat,
460 1424 485 1445 et
499 1427 569 1445 nunc
590 1417 749 1455 abrogatum
773 1428 828 1446 csse
843 1418 916 1456 apud
929 1418 1038 1448 Judaeos

296 1463 476 1492 sacerdotium
499 1463 613 1497 evincit,
634 1463 809 1502 observatque
830 1465 913 1493 libros
934 1473 1037 1494 sanctos

295 1519 347 1537 non
371 1515 486 1537 sanctam
510 1509 615 1537 efficere
637 1519 819 1548 synagogam,
842 1510 964 1548 nihilque
984 1522 1036 1540 non

295 1554 351 1592 agit
365 1561 395 1582 ut
410 1553 547 1583 auditores
561 1565 622 1582 suos
635 1562 736 1583 avertat
750 1566 765 1583 a
777 1566 920 1595 synagogas
936 1564 960 1585 et
975 1557 1035 1585 adi-

294 1607 323 1628 tu
335 1607 360 1628 et
374 1607 530 1628 imitatione.

336 1646 458 1685 Idipsum
477 1652 664 1683 argumentum
690 1648 861 1685 persequitur
879 1649 905 1677 in
924 1649 1036 1688 septima

295 1691 419 1719 concione
431 1691 577 1730 probatque
588 1691 716 1720 Judaicos
730 1693 797 1721 ritus
814 1693 956 1733 abrogatos
971 1706 1036 1731 esse,

294 1736 444 1765 sacerdotes
458 1736 531 1776 apud
545 1737 652 1766 Judaeos
667 1749 722 1766 esse
736 1749 787 1767 non
807 1750 893 1779 posse,
910 1741 1037 1770 unicum—

296 1793 347 1820 que
359 1783 521 1811 sacrificium
536 1793 591 1811 esse
606 1794 652 1822 per
667 1794 762 1823 corpus
779 1786 879 1814 Christi
889 1798 896 1823 3
908 1798 939 1816 ac
951 1788 1036 1827 legem

295 1829 428 1857 sublatam
450 1829 546 1863 fuisse,
567 1839 619 1857 non
640 1829 674 1857 ob
690 1838 796 1869 peccata
808 1832 976 1868 Judaeerum,
990 1833 1035 1861 sed

297 1874 368 1912 quod
381 1874 534 1914 imperfecta
546 1882 620 1903 esset.
633 1876 749 1905 Demum
762 1877 797 1905 ad
810 1878 1036 1908 Melchisedecum

296 1921 380 1954 venit,
396 1921 472 1959 cujus
487 1921 628 1949 sacerdotii
646 1921 805 1960 dignitatem
822 1924 950 1962 celebrat,
965 1932 989 1954 et
1004 1936 1037 1954 ex

298 1966 427 2005 propheta
458 1967 555 2006 probat
583 1967 762 1996 sacerdotium
789 1969 859 1998 illud
889 1978 1038 2000 extremum

297 2023 363 2049 csse,
380 2023 466 2050 exque
485 2013 559 2041 Pauli
576 2012 655 2041 dictis
667 2013 808 2043 Christum
824 2026 881 2045 esse
895 2028 988 2046 verum
1004 2019 1037 2046 il-

297 2058 352 2086 lum
367 2059 530 2087 sacerdotem
545 2069 579 2087 ex
591 2058 684 2087 ordine
697 2061 897 2091 Melcliisedeci.
906 2063 963 2092 Hac
976 2075 1036 2092 vero

298 2105 326 2132 in
344 2115 370 2132 re
385 2104 489 2133 diutius
503 2105 675 2140 immoratur,
688 2105 851 2145 demumque
866 2108 978 2143 claudit,
992 2120 1039 2138 au-

298 2150 399 2179 ditoies
421 2151 563 2179 cohortans
584 2157 612 2179 ut
628 2151 721 2180 fratres
745 2164 831 2183 suosa
844 2155 965 2185 Judaicis
986 2157 1038 2185 ob-

298 2197 494 2225 servationibus
519 2204 657 2232 avertant,
681 2205 704 2226 et
729 2199 764 2228 ad
793 2211 884 2229 *seram
911 2203 1038 2232 reducant

297 2241 380 2269 viam.
396 2253 409 2267 α
425 2243 537 2280 Propter
557 2242 608 2271 hoc
629 2243 716 2279 enim,
738 2244 841 2283 inquit,
864 2257 910 2276 nos
934 2255 1039 2277 tantum

297 2286 417 2315 laborem
439 2287 615 2326 suscipimus,
632 2299 716 2327 neque
737 2298 765 2319 ut
790 2292 914 2330 plausum
942 2295 1038 2334 strepi·

299 2340 411 2371 tumque
426 2333 578 2371 referamus,
591 2335 636 2362 sed
651 2342 680 2364 ut
694 2337 802 2366 avulsos
816 2338 852 2367 ad
872 2339 945 2368 viam
968 2341 1038 2369 veri-

298 2379 360 2407 tatis
373 2378 543 2407 reducamus.
558 2392 572 2406 ο

338 2424 469 2451 Octavam
490 2423 585 2452 habuit
609 2432 748 2464 postquam
772 2429 905 2467 jejunium
929 2431 1036 2460 Judaeo-

298 2480 359 2498 rum
385 2469 536 2504 transierat,
552 2470 625 2507 quod
646 2472 781 2510 jejunium
803 2475 957 2505 ebrietatem
981 2488 1038 2506 esse

298 2515 558 2553 dicii.R11rsumqne
577 2515 711 2545 auditores
730 2517 862 2555 hortatur,
881 2528 909 2549 ut
924 2523 1036 2551 fratrum

298 2562 475 2590 emendationi
497 2569 521 2590 et
540 2563 620 2591 saluti
646 2565 785 2594 consulant
812 2574 837 2595 et
865 2568 1033 2607 advigilent:

295 2618 345 2637 nec
359 2608 438 2637 modo
459 2615 519 2637 ante
539 2616 676 2648 peccatum
688 2632 694 2646 ‚
708 2611 754 2640 sed
769 2612 847 2642 etiam
869 2621 926 2653 post
941 2627 1034 2655 pecca-

835 209 974 231 Jomnts
1002 205 1230 229 ‹ziiiix'soe'Toaii
1258 204 1357 233 x'tTA,

1088 274 1174 295 calum
1202 276 1296 294 manus
1322 265 1375 293 illis
1394 263 1568 303 porrigeudas
1602 274 1656 292 esse
1683 262 1767 300 dicit,
1799 269 1829 290 ut

1090 312 1162 339 Deus
1183 310 1246 339 fecit
1260 308 1372 338 adamo.
1387 309 1496 336 Peccata
1521 317 1583 336 vero
1605 307 1718 336 fratrum
1742 306 1828 334 corri-

1089 356 1173 393 genda
1184 379 1191 391 ,
1205 367 1255 384 non
1269 354 1422 394 evulganda
1438 364 1503 382 esse.
1520 353 1656 389 Quoniam
1671 359 1759 381 autem
1773 354 1828 382 Ju-

1089 401 1140 430 daei
1161 413 1188 430 se
1207 401 1325 430 medicos
1347 411 1401 429 esse
1415 400 1556 435 dicebant,
1576 405 1656 436 atque
1671 398 1830 426 incantatio-

1091 450 1171 478 nibus
1189 460 1220 478 ac
1239 449 1415 487 ligaminibus
1438 447 1472 476 ad
1497 445 1630 475 curandos
1645 445 1750 474 morbos
1765 452 1828 473 ute-

1091 496 1202 531 bantur,
1216 502 1307 524 contra
1331 505 1374 523 eos
1390 494 1437 532 qui
1457 493 1492 521 ad
1510 493 1575 521 tales
1595 490 1713 530 medicos
1732 491 1828 519 confu-

1092 549 1182 580 gerent
1194 541 1307 580 insurgit
1322 540 1538 579 Chrysostomus,
1552 538 1643 575 aitque
1656 536 1727 564 mala
1741 537 1830 575 potius

1092 588 1223 626 patienter
1247 587 1355 615 ferenda
1367 609 1374 621 ‚
1388 596 1469 624 quam
1484 585 1548 613 tales
1565 583 1733 613 adhibendas
1751 593 1830 610 cura-

1093 634 1188 669 tiones,
1207 640 1285 671 atqiie
1307 633 1341 660 ad
1364 633 1452 660 Deum
1471 637 1495 659 et
1519 629 1553 658 ad
1572 636 1676 658 sanctos
1699 635 1831 667 martyres

1092 689 1147 707 esse
1161 678 1380 717 confugiendum,
1397 687 1427 706 ac
1439 677 1515 715 signo
1530 676 1617 704 crucis
1632 674 1770 703 utendum.

1132 730 1188 759 Hoc
1212 736 1330 768 tempore
1346 728 1438 756 habita
1460 727 1511 755 suit
1530 726 1623 754 concio
1638 725 1683 754 illa
1702 725 1730 754 in
1751 725 1830 754 Psal-

1090 787 1165 804 nium
1190 777 1221 804 411
1242 797 1248 810 ‚
1269 774 1520 813 Quemadmodum
1542 773 1687 801 desiderat
1711 781 1829 807 cervus,

1091 828 1158 851 etc..
1176 828 1204 849 ut
1222 822 1278 860 ipse
1300 820 1508 859 Clirysostomus
1529 828 1577 846 nec
1595 817 1709 846 obscure
1729 816 1832 845 indicat

1091 868 1166 896 initio
1181 867 1223 895 liis
1243 866 1349 895 rei-bis:
1375 878 1388 891 ιι
1404 866 1460 893 Vos
1484 863 1603 902 quidem,
1618 875 1632 889 »
1647 863 1744 901 inquit,
1756 877 1769 888 u
1784 873 1832 892 nos

1091 924 1176 953 nuper
1203 911 1427 947 adiiiirabamini,
1441 909 1548 949 quando
1564 909 1644 938 verba
1672 908 1783 937 fecimus
1798 909 1833 938 de

1090 959 1287 988 Melchisedeeo
1297 980 1305 995 ,
1333 964 1440 997 propter
1469 966 1560 985 eorum
1584 965 1643 994 quae
1670 954 1740 983 dicta
1769 961 1832 983 sunt

1090 1006 1286 1045 longitudinem
1299 1016 1306 1033 z
1320 1015 1368 1043 ego
1382 1010 1470 1032 autem
1490 1013 1539 1031 vos
1552 1001 1707 1030 admirabar
1722 1008 1833 1040 propter

1090 1060 1207 1082 vestram
1229 1053 1255 1080 in
1271 1050 1405 1080 audiendo
1420 1049 1592 1078 attentionem
1610 1054 1635 1075 et
1655 1046 1829 1086 sapientiam,

1091 1106 1116 1128 et
1138 1098 1211 1137 quod
1230 1109 1292 1126 cuin
1311 1096 1445 1136 prolixior
1463 1106 1490 1123 se
1511 1094 1650 1123 obtulisset
1666 1094 1768 1130 oratio,
1783 1104 1831 1123 nos

1092 1145 1126 1174 ud
1143 1147 1222 1174 linem
1246 1155 1330 1182 usque
1355 1142 1510 1180 consequuti
1539 1141 1609 1170 estis.
1627 1153 1641 1165 ν
1660 1141 1696 1169 Et
1711 1140 1831 1177 quibus-

1092 1192 1155 1220 dam
1166 1191 1342 1230 interpositis:
1358 1202 1372 1216 ιι
1389 1187 1626 1225 Quemadmodum
1640 1196 1703 1225 ergo
1717 1192 1780 1214 tunc
1790 1185 1834 1214 di-

1093 1237 1195 1273 cebam,
1212 1235 1283 1274 quod
1296 1236 1361 1263 dum
1376 1234 1433 1273 lupi
1448 1243 1556 1271 gregem
1572 1231 1702 1261 invadunt
1716 1253 1725 1268 ,
1739 1231 1831 1260 relicta

1093 1283 1203 1318 fistula,
1232 1281 1343 1309 fundam
1367 1280 1394 1308 in
1421 1289 1531 1307 manum
1554 1284 1662 1306 sumunt
1692 1284 1828 1316 pastores:

1092 1328 1128 1357 ita
1143 1338 1226 1363 nunc,
1242 1327 1308 1355 dnm
1321 1327 1386 1355 festa
1399 1325 1556 1356 Judaeorum
1571 1324 1767 1364 praeterierunt,
1783 1324 1830 1363 qui

1093 1381 1155 1403 sunt
1178 1374 1308 1413 quibusve
1330 1372 1400 1410 lupis
1425 1370 1611 1406 immaniores,
1631 1370 1724 1399 relicta
1739 1381 1832 1399 rursus

1093 1421 1185 1453 sunda,
1201 1419 1338 1448 redeamus
1355 1418 1387 1446 ad
1406 1417 1534 1446 fistulam.
1553 1428 1567 1443 i»
1587 1416 1656 1445 Hinc
1673 1416 1750 1445 vides
1762 1416 1831 1444 bane

1093 1466 1119 1494 in
1134 1466 1271 1495 Psalmnm
1293 1465 1324 1493 41
1353 1464 1494 1492 homiliam
1516 1470 1580 1491 tune
1597 1463 1716 1491 habitam
1734 1462 1831 1498 fuisse,

1093 1523 1154 1540 cum
1181 1523 1264 1552 nuper
1287 1511 1320 1540 de
1344 1509 1540 1539 Melchisedeco
1562 1509 1646 1537 multa
1666 1508 1791 1545 dixisset,
1806 1515 1831 1536 et

1092 1558 1217 1587 homilias
1231 1564 1322 1587 contra
1335 1555 1443 1586 Judaeos
1459 1554 1628 1583 absolvisset.
1643 1554 1729 1583 Multa
1741 1561 1830 1583 autem

1092 1604 1126 1633 de
1139 1604 1332 1634 Melchisedeco
1348 1604 1419 1632 dixit
1442 1603 1470 1631 in
1490 1601 1603 1630 homilia
1621 1608 1711 1630 contra
1723 1601 1831 1631 Judaeos

1093 1651 1223 1690 septima,
1243 1661 1302 1689 quae
1327 1656 1365 1678 est
1388 1648 1536 1689 penultima
1567 1647 1642 1676 illius
1669 1647 1830 1685 argumenti.

1094 1696 1176 1731 Quod
1188 1707 1252 1725 vero
1266 1696 1299 1724 de
1315 1702 1418 1734 pastore
1433 1694 1513 1729 dicit,
1526 1693 1683 1722 adveniente
1697 1694 1762 1732 lupo
1774 1693 1832 1721 fun-

1092 1742 1152 1771 dam
1177 1749 1314 1777 sumente,
1333 1742 1359 1769 in
1384 1747 1476 1779 quarta
1498 1739 1624 1773 habetur,
1639 1739 1686 1767 ubi
1700 1739 1777 1767 initio
1792 1749 1833 1767 se-

1092 1789 1172 1818 cundi
1197 1795 1287 1817 contra
1302 1787 1408 1817 Judaeos
1431 1786 1496 1814 belli
1516 1785 1553 1813 sic
1570 1785 1713 1814 classicum
1738 1796 1833 1814 cancre

1092 1835 1200 1864 videtur
1225 1834 1430 1873 Chrysostomus
1451 1844 1457 1859 τ
1482 1833 1616 1860 «Rursus
1644 1831 1762 1860 infelices
1790 1832 1834 1860 illi

1091 1881 1299 1919 mortaliumque
1313 1880 1434 1908 omnium
1456 1877 1599 1906 miserrimi
1613 1877 1702 1907 Judaei
1725 1878 1832 1916 jejuna-

1089 1929 1142 1956 turi
1157 1934 1219 1956 simt
1236 1940 1242 1955 :
1257 1937 1349 1955 rursus
1367 1925 1467 1954 Christi
1482 1934 1588 1963 gregem
1613 1923 1766 1951 muniamus
1788 1934 1834 1952 ne-

1091 1985 1160 2003 cesse
1182 1981 1231 2002 est.
1248 1971 1472 2010 Quandoquidem
1497 1977 1521 1999 et
1545 1977 1678 2009 pastores,
1700 1970 1832 2008 quamdiu

1092 2021 1171 2049 noxia
1192 2020 1275 2049 bestia
1291 2019 1400 2047 molesta
1416 2028 1467 2046 non
1482 2024 1534 2052 est,
1548 2017 1598 2045 sul)
1612 2016 1702 2044 ilicem
1721 2023 1767 2044 aut
1781 2027 1832 2055 po-

1092 2067 1186 2105 pulum
1209 2065 1342 2105 porrecti,
1361 2063 1450 2092 fistula
1466 2069 1578 2099 canunt,
1593 2061 1708 2090 sinentes
1721 2072 1783 2090 oves
1796 2061 1832 2090 li-

1092 2113 1154 2141 liere
1173 2122 1223 2150 pro
1242 2121 1289 2139 suo
1305 2110 1435 2138 arbitratu
1449 2117 1557 2147 pascere
1571 2119 1577 2134 :
1592 2117 1687 2135 verum
1705 2106 1832 2135 simulat-

1091 2169 1143 2197 que
1157 2158 1287 2187 senserint
1309 2154 1431 2185 alicunde
1445 2154 1570 2193 luporum
1585 2152 1766 2181 incursionem
1776 2153 1831 2182 im-

1092 2205 1191 2232 minere
1200 2227 1207 2239 ,
1219 2213 1283 2232 mox
1295 2202 1398 2241 abjecta
1415 2199 1505 2229 fistula
1520 2199 1632 2227 fundam
1644 2199 1789 2238 arripiunt,
1806 2207 1831 2228 et

1092 2250 1187 2278 emisso
1202 2249 1319 2284 calamo,
1332 2247 1448 2275 fustibus
1463 2254 1487 2275 et
1505 2246 1577 2275 saxis
1602 2245 1743 2274 obarmant
1763 2256 1830 2282 sese,

1091 2306 1192 2335 proque
1203 2295 1269 2324 ovili
1285 2293 1466 2328 consistentes,
1478 2302 1575 2331 magno
1592 2291 1707 2320 elamore
1720 2292 1832 2330 ingenti-

1091 2353 1143 2380 que
1157 2341 1261 2370 ululatu
1276 2340 1461 2374 vociferantes,
1476 2339 1624 2377 frequenter
1643 2338 1701 2377 ipso
1717 2338 1831 2367 clamore

1090 2389 1173 2417 seram
1187 2410 1194 2423 ,
1210 2387 1367 2427 priusquam
1393 2385 1546 2424 irrumpat,
1562 2384 1685 2422 abigunt.
1703 2396 1717 2410 n
1738 2385 1830 2422 ltaque

1091 2440 1151 2472 post
1165 2433 1348 2473 Septembrem
1371 2432 1433 2460 anni
1457 2432 1531 2468 537,
1547 2437 1687 2470 postquam
1704 2430 1829 2459 homilias

1090 2481 1150 2509 illas
1164 2481 1282 2519 quinque
1302 2485 1393 2508 contra
1409 2477 1517 2507 Judaeos
1532 2476 1646 2512 dixerat,
1662 2476 1705 2505 vel
1720 2476 1829 2505 fortasse

1091 2533 1233 2564 postquam
1252 2525 1374 2553 ultimam
1388 2523 1507 2558 dixerat,
1520 2533 1579 2561 quae
1592 2522 1673 2550 etiam
1687 2522 1827 2560 postjeju-

1091 2570 1165 2598 nium
1180 2570 1335 2599 Jiulaeorum
1349 2568 1440 2596 habita
1458 2568 1523 2602 snit,
1541 2567 1608 2595 hanc
1621 2566 1759 2595 homiliam
1779 2566 1827 2594 di-

1090 2618 1147 2651 sit,
1166 2628 1246 2655 quani
1268 2624 1353 2646 tamen
1373 2612 1639 2653 inici-Exposiiioncs
1661 2612 1685 2640 iii
1707 2611 1825 2642 Psaliiios

1870 741 1924 763 Alite
1935 750 1950 763 ei

1843 774 1926 794 tiones.

1843 803 1950 832 T.5.p.13

1842 1069 1877 1088 us
