1884 2922
215 177 288 212 552

215 257 272 278 tum
287 248 456 289 perturbavit
471 247 602 276 tumultus
616 246 643 273 in
655 245 812 283 expulsione
837 244 956 283 Chryso-

219 295 299 322 stomi
313 299 432 321 exortus.
448 299 493 320 III.
506 295 569 318 019.
586 301 613 318 n.
630 300 657 318 r..

260 338 444 365 ORNAMENTA
469 344 547 361 aurea
583 333 673 360 fornia:
699 338 791 359 nocent
815 338 841 359 et
862 337 958 369 augent

220 379 428 408 deformitatem.
445 385 466 405 I.
485 382 548 406 391.
567 387 595 404 A.
614 387 638 404 n.

260 424 395 450 Ommrrs
408 430 485 449 verus
497 419 642 447 mulierum
653 418 762 456 quinam
774 418 817 446 sit.
830 425 875 446 Iv.
893 423 958 446 485.

222 473 280 496 XII.
310 470 373 493 377.
401 475 428 491 A.
447 475 471 491 n.
504 463 567 491 I'id.
586 464 719 491 Mummi.
742 463 827 491 Verus
853 468 961 490 ornatus

221 508 325 542 animm,
340 508 422 535 salsus
445 506 574 545 corporis.
592 513 624 534 Υ.
640 510 704 534 142.
721 517 747 534 B.

263 554 398 581 Onomsss
414 550 524 579 flumen.
543 557 575 578 II.
596 554 661 577 639.
678 560 706 576 n.

263 597 301 624 Os
317 594 433 622 sublime
447 592 521 621 dedit
532 593 634 621 homini
648 594 728 620 Deus.
745 599 777 620 V.
791 597 854 621 402.
868 603 895 620 E.
910 592 964 620 Ora

224 639 370 668 multorum
393 638 439 676 qui
463 637 489 664 in
509 637 565 665 soro
580 643 729 675 vagantur,
745 635 840 664 cloacis
854 646 964 674 compa-

225 682 326 717 randa3
342 681 535 709 monachorum
557 687 647 708 autem
664 691 709 709 ora
732 679 851 708 sontibus
863 679 913 708 mel
928 679 966 707 es-

224 725 411 754 fundentibus.
439 731 495 752 VII.
514 728 579 752 763.
595 734 622 752 Α.
648 724 712 752 Oris
731 723 823 752 sordes
846 733 967 761 quaenam

226 770 289 798 sint.
304 775 360 797 vn.
380 772 443 798 592.
461 778 487 796 c.

266 814 380 842 Oscum
402 811 555 849 virginibus
576 810 693 839 vitanda.
708 818 728 839 I.
744 816 806 840 309.
827 822 852 839 A.
868 810 966 839 Oscula

227 855 408 884 fraudulenta.
430 861 463 882 Y.
482 858 545 882 525.
568 864 595 882 e.
613 858 677 882 526.
693 855 824 883 Osculum
847 860 967 882 sanctum

226 899 306 938 quid.
322 906 356 928 Χ.
371 903 437 927 773.
458 909 486 926 o.

268 944 344 972 Osm-
374 941 503 981 prophcta
534 951 647 979 magnus
675 948 700 970 et
734 940 916 970 admirandus.
947 948 967 969 Ι.

231 990 296 1014 535.
314 996 338 1015 13.

269 1031 338 1058 Ossa
367 1035 393 1057 et
425 1029 546 1067 sepulcra
570 1035 721 1067 martyrum
743 1027 974 1056 benedictionibus

228 1079 340 1103 scatent.
357 1079 390 1100 II.
407 1077 472 1100 799.
491 1083 517 1099 Α.
534 1083 561 1101 Β.
579 1072 646 1100 Ossa
665 1079 818 1101 sanctorum
840 1078 974 1110 perpetuae

229 1116 337 1146 virtutis
360 1122 541 1144 monumenta.
554 1122 588 1143 II.
603 1120 668 1143 807.
684 1126 709 1143 E.
723 1117 858 1154 Martyres
877 1114 974 1142 nobis-

229 1171 291 1188 cum
306 1159 419 1198 partitus
434 1166 472 1186 est
488 1160 571 1194 Deus,
585 1158 688 1186 animas
701 1168 837 1186 assumens
850 1157 912 1190 sibi,
928 1166 975 1184 no-

228 1204 272 1232 his
284 1213 376 1232 corum
387 1213 445 1231 ossa
456 1202 580 1240 largiens.
594 1203 708 1231 Ib.Ossa
724 1203 751 1230 in
763 1201 877 1231 Psalmis
892 1201 976 1229 virtu-

228 1254 283 1276 tem
294 1246 476 1275 subindicant.
494 1253 527 1275 V.
543 1251 588 1274 51.
604 1258 629 1274 c.

272 1293 454 1320 OSTENTATIO
478 1289 598 1321 vitanda.
626 1298 661 1319 x.
689 1295 752 1319 686.
778 1301 804 1318 c.
834 1293 897 1318 687.
931 1287 976 1317 Ad

232 1335 434 1363 ostentationem
453 1334 557 1372 aliquid
574 1334 661 1363 facere
683 1333 848 1362 diabolicum
874 1339 922 1362 est.
941 1339 976 1361 X.

232 1386 301 1410 718.
319 1391 347 1408 D.
360 1380 552 1409 Ostentationis
573 1380 714 1408 damnum.
738 1387 796 1408 VII.
822 1384 884 1407 280.
903 1389 929 1406 c.
947 1388 976 1406 D.

233 1425 385 1453 Ostentatio
400 1425 520 1452 omnium
536 1424 669 1452 malorum
684 1434 774 1452 causa.
794 1430 852 1452 VII.
870 1428 934 1451 800.
950 1432 977 1449 D.

234 1467 277 1496 Ad
293 1467 406 1506 gloriam
421 1468 568 1507 parandam
585 1468 678 1496 officit.
696 1475 755 1496 VII.
767 1472 832 1495 789.
849 1477 874 1495 c.

276 1514 301 1540 Ο
318 1524 389 1543 onos
403 1522 464 1540 cum
491 1512 607 1540 articulo
627 1512 653 1539 in
668 1511 816 1551 Scripturis
840 1521 977 1540 nonnum-

237 1566 319 1595 quam
331 1555 364 1583 de
377 1555 447 1584 Filio
461 1555 570 1591 dicitur,
580 1561 608 1583 ut
619 1554 653 1583 de
662 1555 749 1583 Patre.
764 1562 822 1583 XII.
836 1560 882 1583 37.
894 1565 919 1583 c.
934 1559 978 1583 38.

274 1601 369 1629 OTIUM
385 1599 483 1629 damno
500 1606 548 1629 est.
566 1606 587 1627 I.
602 1604 666 1628 195.
684 1610 711 1628 c.
726 1599 801 1627 Nihil
822 1599 910 1628 minus
925 1598 979 1628 otio

281 2032 405 2058 PACIFICI
422 2029 542 2067 quinam.
558 2035 614 2057 Πι-
631 2033 693 2057 218.
710 2040 734 2057 B.

283 2074 428 2112 Pacificas
442 2084 500 2101 non
514 2075 610 2101 irritat
625 2072 735 2100 malum
746 2095 753 2108 ‚
779 2082 870 2110 neque
886 2074 982 2100 irrita-

244 2126 291 2146 tur
305 2118 424 2147 amalo.
445 2124 491 2145 VI.
508 2122 572 2146 789.
595 2128 619 2144 c.

286 2163 418 2189 Pffiiums
445 2160 629 2200 Chrysostomi
654 2162 765 2188 amicus.
790 2167 835 2189 III.
860 2164 925 2188 715.
955 2170 981 2187 c.

245 2205 398 2242 Plioeniciae,
410 2205 568 2241 Palaestinae,
580 2205 683 2233 Ciliciae
699 2215 791 2233 curam
805 2204 922 2243 gerebat.
934 2210 980 2231 III.

246 2255 311 2278 861.
329 2260 355 2277 E.
371 2248 404 2276 Ei
419 2248 512 2276 scribit
532 2248 750 2287 Cluysostomus,
767 2248 878 2276 laudans
895 2256 956 2275 eum
968 2257 983 2274 a

247 2292 380 2331 probitate
393 2291 418 2319 in
431 2291 544 2329 regenda
568 2292 644 2320 urbe.
663 2299 709 2321 III.
726 2296 789 2320 860.
804 2302 829 2320 13.
848 2291 915 2319 Aliae
927 2289 985 2328 epi·

248 2337 322 2365 stotae
337 2335 433 2364 eidem.
446 2342 492 2363 III.
516 2340 580 2364 770.
596 2346 621 2363 E.
638 2340 703 2364 854.
718 2347 742 2364 13.
761 2336 866 2364 Paeanio
888 2335 981 2364 scribit

244 2380 462 2418 Chrysostomus,
481 2379 683 2418 gratulnturque
696 2380 729 2409 de
744 2380 837 2419 majori
852 2380 983 2418 acquisito

244 2422 383 2461 diguitatis
397 2422 492 2461 gradu.
505 2431 551 2451 III.
570 2429 634 2453 870,
650 2435 676 2452 Δ.

287 2468 442 2494 Pffimoocr
458 2466 484 2494 in
499 2466 636 2496 domibus.
654 2466 982 2505 x='11.la55.‹.·.1'aedagogi

244 2510 308 2537 tiliis
323 2520 384 2537 cum
396 2509 500 2538 delectu
513 2510 606 2540 dandi.
624 2518 681 2540 ΠΙ.
700 2517 763 2540 681.
777 2521 801 2539 Β.

283 2553 464 2591 Ptedagogus
480 2556 627 2583 hominum
647 2556 693 2584 let·
705 2562 757 2584 est.
773 2562 839 2584 VIII.
852 2560 913 2584 651.
931 2567 954 2583 c.

869 185 970 208 INDEX
1001 183 1127 206 RERUM.

1013 250 1104 271 natum
1116 248 1154 271 est
1165 252 1244 280 quam
1255 241 1373 270 humana
1385 249 1488 271 natura.
1502 243 1545 271 lb.
1558 241 1602 271 Ad
1612 248 1748 281 peccatum

1013 286 1142 326 proclivis
1162 297 1209 325 per
1230 286 1313 314 otium
1334 285 1460 315 efficitur.
1478 293 1523 314 IX.
1539 291 1604 314 361.
1620 297 1643 314 Β.
1661 286 1750 320 Quam

1014 332 1160 360 multorum
1174 331 1305 360 malornm
1318 341 1396 359 causa
1412 331 1520 368 sit.{XI.
1538 337 1602 360 540.
1618 343 1635 360 E
1657 331 1751 360 Otium

1014 375 1086 404 laedit
1101 375 1229 411 animam,
1246 375 1349 403 desidia
1365 374 1437 402 Iaedit
1452 385 1558 413 corpus.
1572 382 1630 403 xII.
1646 380 1699 403 152
1725 386 1747 403 n.

1015 419 1140 448 Otiositas
1162 429 1266 447 omnem
1286 419 1416 446 malitiam
1438 418 1539 447 docuit.
1565 426 1609 447 XI.
1633 423 1698 446 681.
1722 429 1751 446 n.

1016 463 1108 492 Otioso
1124 464 1231 492 homine
1245 462 1313 491 nihil
1329 462 1515 491 inutilius.lX.
1528 467 1592 492 301.
1603 473 1628 489 Β.
1640 463 1754 490 otiosus

1018 510 1092 546 quis.
1110 515 1154 536 Π.
1170 512 1234 536 884.
1252 518 1276 535 13.
1294 507 1385 535 Otiosa
1401 513 1426 534 ct
1441 516 1508 535 vana
1527 505 1608 534 verba
1633 515 1754 543 quaenam

1018 557 1089 579 sunt.
1109 559 1129 579 I.
1147 555 1209 579 861.
1233 562 1259 579 Δ.
1276 555 1340 579 862.
1365 561 1390 578 B.
1412 557 1468 579 VII.
1485 554 1549 578 510.
1571 560 1597 578 c.
1615 560 1642 577 D.
1670 548 1755 577 Otiosi

1019 595 1094 623 verbi
1119 594 1254 623 reddenda
1279 595 1354 623 ratio.
1371 596 1416 623 Π).
1432 601 1465 623 V.
1482 598 1546 622 525.
1562 604 1588 621 c.
1611 593 1708 622 Nullus
1723 592 1757 620 sit

1019 648 1105 666 sermo
1119 638 1234 673 otiosus;
1256 647 1317 665 nam
1332 638 1365 666 ab
1383 637 1467 666 otioso
1482 637 1508 665 in
1523 636 1654 665 absurdos
1667 642 1692 664 et
1707 635 1759 663 im-

1021 689 1148 720 portunos
1162 680 1320 709 decidimus.
1340 688 1386 709 XI.
1404 685 1466 708 141.
1483 690 1507 708 c.

1061 727 1201 759 Oramus,
1213 724 1331 752 Arabissi
1343 723 1542 762 episcopus‚cui
1551 723 1641 751 multae
1653 723 1759 751 fuerunt

1022 769 1141 806 reliquiae
1157 775 1307 806 martyrum
1326 768 1435 795 minime
1447 766 1547 795 dubim.
1564 774 1610 795 lII.
1628 772 1691 795 810.
1706 776 1733 794 Ε.

1063 812 1156 844 Οὐδεὶς
1169 812 1242 839 οὐδὲν
1253 807 1319 840 οἶδεν
1333 833 1340 846 ‚
1358 812 1454 840 Nemo
1483 812 1642 850 quidquam
1667 812 1760 845 ηουίις

1023 866 1076 894 quo
1089 866 1166 884 sensu
1180 855 1295 883 dicatur.
1314 862 1346 883 II.
1364 861 1406 883 10.
1419 866 1443 882 n.
1458 861 1485 882 et
1500 858 1531 882 in
1548 862 1626 884 nola.

1064 900 1140 927 Oves
1155 898 1255 927 Christi
1280 897 1503 937 inexpugnabiles
1522 897 1603 936 lupis.
1620 904 1678 926 VII.
1695 901 1760 926 428.

1027 955 1052 973 Β,
1063 942 1200 979 Quamdiu
1215 952 1276 970 oves
1291 952 1392 976 sumus,
1407 941 1552 975 vincimus,
1567 941 1615 969 etsi
1630 941 1702 980 lupis
1718 941 1758 968 in-

1026 986 1143 1014 numeris
1166 985 1340 1020 circumdati3
1357 985 1379 1013 si
1393 995 1455 1014 vero
1470 985 1525 1023 lupi
1542 985 1685 1020 efficimur,
1706 984 1764 1012 vin-

1027 1031 1124 1065 cimur,
1135 1029 1248 1068 pastoris
1257 1029 1359 1057 auxilio
1368 1028 1563 1058 destitutiXII.
1572 1033 1637 1058 427.
1648 1039 1672 1056 Β.
1697 1028 1765 1056 Ovis

1027 1084 1086 1111 quae
1109 1073 1160 1100 sub
1183 1079 1287 1111 pastore
1309 1079 1405 1106 manet,
1421 1082 1434 1099 a
1458 1072 1522 1110 lupo
1533 1082 1625 1101 secura
1637 1079 1683 1100 est.
1694 1079 1763 1101 VIII.

1030 1122 1126 1145 398.c.
1140 1121 1205 1145 400.
1220 1117 1292 1144 Oves
1307 1115 1414 1153 perditae
1430 1126 1561 1152 quaenam.
1576 1122 1633 1144 VII.
1647 1120 1711 1144 418.

1069 1162 1126 1188 Ozs
1143 1159 1191 1187 Dei
1206 1159 1343 1187 iracundia
1358 1169 1508 1198 percussus,
1524 1159 1590 1187 dum
1602 1160 1662 1188 vult
1675 1170 1765 1188 arcam

1029 1205 1139 1241 erigere.
1156 1211 1175 1232 1.
1192 1208 1256 1234 263,
1271 1214 1298 1231 Δ.

1069 1248 1149 1276 Ozrffi
1163 1247 1232 1285 regis
1243 1246 1416 1275 liistoria.VI.
1436 1251 1499 1277 129,
1516 1257 1543 1274 A.
1557 1257 1582 1275 Β.
1597 1257 1622 1276 c.
1642 1251 1705 1275 130.
1718 1248 1768 1276 Per

1031 1291 1220 1319 confidentiam
1241 1290 1341 1319 decidit
1362 1290 1439 1318 ruina
1456 1290 1605 1328 periculosa
1625 1297 1649 1319 et
1664 1291 1769 1319 insana-

1031 1334 1090 1363 bili.
1111 1342 1155 1363 VI.
1176 1340 1237 1363 133.
1248 1345 1274 1362 c.
1288 1337 1358 1362 Dum
1372 1333 1549 1362 sacerdotium
1565 1333 1680 1370 invadit,
1696 1335 1769 1373 lepra

1032 1379 1187 1417 percutitur.
1209 1386 1241 1407 11.
1260 1383 1325 1408 615.
1341 1388 1369 1406 D.
1385 1384 1409 1405 et
1423 1379 1461 1405 sic
1475 1377 1501 1404 in
1514 1377 1599 1405 fronte
1613 1378 1669 1415 ejus
1683 1377 1770 1405 inuri-

1032 1429 1077 1450 tur
1098 1433 1173 1461 poena
1196 1421 1367 1461 impudentiae
1389 1421 1472 1459 ipsius
1492 1431 1522 1448 ac
1543 1421 1705 1449 temeritatis.
1722 1427 1767 1449 Vt.

1033 1471 1079 1494 74.
1095 1477 1123 1495 n.
1138 1477 1164 1494 E.
1179 1466 1248 1494 unde
1260 1466 1341 1494 etiam
1362 1465 1446 1493 iratus
1458 1464 1591 1492 Dominus
1603 1465 1770 1504 prophetiam

1033 1509 1149 1538 sustulit.
1166 1511 1210 1538 ΙΙ).
1233 1521 1262 1538 Ε.
1279 1509 1381 1537 Idcirco
1401 1509 1435 1537 ab
1455 1509 1513 1547 ejus
1531 1515 1616 1536 morte
1630 1508 1772 1547 prophetia

1034 1564 1133 1582 novum
1148 1553 1289 1582 exordium
1302 1553 1393 1582 sumit.
1408 1559 1454 1581 Vl.
1471 1557 1517 1581 73.
1534 1562 1558 1581 c.
1573 1556 1618 1580 75.

1076 2030 1204 2065 PAEmm,
1224 2039 1366 2068 puerorum
1394 2039 1496 2057 amores
1527 2028 1696 2058 exsecrandi.
1722 2036 1770 2058 XI.

1035 2076 1100 2100 827.
1116 2083 1142 2100 c.

1074 2117 1244 2144 Pffimcomzs
1273 2116 1410 2145 munditiae
1438 2116 1557 2154 corporis
1587 2115 1701 2143 student.
1726 2122 1771 2143 XI.

1035 2165 1100 2188 752.
1118 2171 1141 2189 Β.

1075 2206 1264 2235 pffinommae.
1288 2210 1306 2231 I.
1322 2207 1384 2233 209,
1398 2214 1421 2231 B.

1076 2248 1253 2275 911.AEszAE
1262 2254 1287 2275 et
1299 2247 1455 2286 Babyloniae
1468 2247 1544 2274 limes
1555 2252 1594 2274 est
1607 2244 1770 2283 Euphrates.

1037 2298 1079 2319 ΙΥ.
1104 2296 1167 2319 802.
1188 2301 1213 2319 c.
1230 2291 1371 2319 Pnlaestina
1395 2301 1470 2328 aquae
1493 2289 1603 2328 penuria
1621 2288 1770 2317 laborabat.

1038 2342 1051 2363 t
1063 2342 1107 2363 III.
1124 2341 1187 2363 147.
1205 2347 1230 2364 n.
1247 2336 1379 2373 Dogmata
1394 2334 1509 2363 satanica
1522 2333 1627 2361 habuit.
1644 2339 1690 2361 VI.
1706 2337 1770 2361 265.

1037 2380 1137 2408 Multos
1160 2379 1239 2408 habet
1261 2379 1378 2408 Judaeos.
1403 2386 1422 2408 I.
1443 2384 1508 2408 709.
1527 2388 1557 2407 A.
1580 2376 1718 2405 Palaestina
1741 2375 1774 2404 de

1036 2424 1139 2462 Spiritu
1158 2423 1257 2451 Christi
1270 2423 1380 2462 accepit.
1400 2431 1430 2452 V.
1446 2427 1509 2451 195.
1527 2432 1554 2451 11.
1578 2420 1724 2449 Palaestinae
1748 2427 1775 2449 et

1037 2466 1177 2494 Phoeniciae
1190 2465 1308 2504 episcopi
1325 2465 1492 2495 adversarios
1517 2464 1700 2503 Chrysostomi
1720 2474 1772 2492 non

1036 2510 1173 2540 admisere.
1187 2517 1232 2539 III.
1249 2514 1311 2539 861.
1324 2522 1350 2538 A.

1078 2556 1238 2584 l‘armmrs
1255 2554 1393 2593 episcopus
1415 2564 1463 2592 pro
1485 2564 1563 2581 rausa
1589 2552 1774 2590 Chrysostomi
