1884 2922
763 210 867 233 INDEX
896 210 1022 233 RERUM.

125 272 322 301 contubernalis
334 273 442 312 jejunii.
460 280 492 301 tt.
506 278 569 301 364.
585 282 611 300 Ε.
625 273 711 300 Orans
723 271 800 300 debet
816 272 862 300 fu-

123 327 185 355 gere
199 327 295 344 vanam
310 317 434 355 gloriam.
453 324 498 345 XI.
513 321 577 345 661.
596 327 621 345 c.
636 327 665 344 D.
679 320 744 345 662.

165 360 258 388 Oratio
273 359 401 388 fiduciam
414 360 539 398 postulat.
558 364 625 388 v.7.
642 370 666 388 c.
683 369 710 388 n.
723 363 751 389 8.
768 359 863 387 Oratio

124 403 228 432 fervens
242 404 354 431 multam
368 404 472 432 veniam
488 403 612 442 impetrat
625 414 631 436 ;
648 402 779 440 benignus
792 402 862 430 enim

125 455 162 476 est
179 449 260 476 Deus.
287 455 333 476 111.
354 452 417 476 414.
431 459 457 476 Δ.
474 448 608 475 Oraturus
623 445 658 474 ad
682 447 770 474 Deum
790 456 862 474 acec-

123 491 199 526 denS,
216 492 294 520 debet
315 491 438 520 laetitiam
453 501 514 519 cum
527 490 621 518 timore
635 490 804 529 conjungere.
826 497 859 518 lt.

125 539 190 563 932.
207 547 231 564 n.
243 546 270 566 c,

162 579 255 607 Oratio
277 578 501 618 perseverantiam
527 577 656 616 postulat.
674 584 730 605 Vll.
747 581 812 605 328.
832 587 860 604 n.

129 629 199 652 Vltt.
217 627 281 651 240.
299 634 326 651 n.
343 633 367 650 E.
383 623 597 650 Perseverantcm
613 631 672 648 rum
688 621 792 648 fervore
812 631 861 648 ex-

123 666 199 695 audit
214 668 296 695 Deus.
324 673 357 694 11.
374 671 439 695 352.
452 676 478 694 c.
494 666 636 703 Postquam
662 664 786 702 exaudis,
812 664 862 692 ad-

124 710 176 739 huc
194 721 273 739 orans
291 720 462 749 perseverare
476 708 567 746 debet,
586 709 684 748 gratias
708 719 797 747 agens,
815 710 860 738 ΙΙ).

122 755 219 783 Disl'ert
234 754 394 792 quandoque
413 753 494 793 petita
509 753 663 789 concedere,
675 764 717 789 nc,
733 754 754 782 si
770 753 860 781 statim

122 799 306 833 exaudiverit,
322 805 438 827 cessetur
452 798 486 825 ab
501 798 627 826 oratione.
646 800 691 826 ΙΙΙ.
710 809 737 826 n.
752 798 781 826 Iu
798 808 861 826 ora-

122 842 193 871 tione
215 842 450 882 perseverandum.
477 849 535 872 ΠΙ,
564 846 627 871 283.
653 854 679 871 Β.
705 846 769 870 328.
787 852 815 869 D.
833 841 861 869 Si

122 886 189 914 inter
203 886 333 915 orandum
356 896 429 914 mens
450 892 592 923 evagetur,
608 885 660 919 bis,
678 892 717 913 ter
731 892 777 912 aut
791 896 860 922 qua-

122 936 163 958 ter
175 930 320 958 orationem
336 938 512 957 resumamus.
528 935 559 958 V.
576 933 677 956 64211.
692 938 777 966 neque
788 928 862 966 prius

120 973 300 1009 discedamus,
317 975 400 1010 quam
416 973 492 1000 illam
506 978 588 1000 totam
607 971 684 1010 vigili
701 979 789 1000 mcnte
801 983 862 1010 pro-

121 1017 271 1046 tulerimus.
287 1018 331 1045 Ib.
349 1028 374 1044 B.

160 1061 298 1089 Oraudum
313 1059 385 1088 omni
410 1065 536 1097 tempore.
555 1065 603 1087 XI.
621 1063 686 1087 210.
703 1068 726 1085 c.
743 1057 861 1087 Assidue

120 1106 233 1134 orationi
255 1103 474 1133 incumbendum.
504 1110 524 1131 1.
552 1108 615 1131 584.
640 1109 684 1131 tv.
704 1107 768 1132 827.
793 1114 859 1142 sqq.

120 1150 257 1178 Orationis
267 1149 409 1178 assiduitas
421 1148 517 1176 efficax
526 1154 572 1175 cst.
585 1154 630 1175 111.
640 1152 702 1176 418.
712 1157 736 1175 c.
749 1157 777 1174 D.
792 1152 856 1175 410.

119 1194 260 1222 Orationes
282 1194 387 1222 crebras
403 1199 428 1220 et
449 1192 542 1220 breves
564 1192 646 1230 jussit
663 1191 721 1218 fieri
756 1191 856 1219 Paulus

118 1244 144 1266 et
162 1238 218 1276 ipse
233 1238 366 1265 Christus.
381 1243 427 1264 tv.
445 1240 510 1263 827.
530 1246 556 1264 n.
579 1235 720 1263 Orationes
747 1235 859 1263 assidua:

119 1281 280 1320 cupiditates
291 1281 391 1309 sedant.
409 1287 439 1308 v.
451 1284 495 1307 53.
513 1290 538 1308 n.
552 1290 577 1307 E.
593 1279 719 1307 Oratione
732 1279 860 1307 matutina

119 1331 144 1352 ct
164 1332 291 1352 nocturna
306 1324 517 1353 maxime'noliis
530 1334 597 1362 opus
611 1330 658 1351 est.
679 1330 737 1351 XII.
754 1327 817 1351 211.
835 1335 859 1352 c.

119 1369 213 1396 Oratio
236 1376 363 1397 nocturna
389 1375 487 1407 purgat
509 1368 659 1406 rubiginem
679 1374 858 1406 peccatorum.

120 1420 166 1440 tx.
184 1417 247 1442 233.
263 1413 356 1440 Oratio
368 1420 427 1440 ante
441 1419 466 1440 et
477 1418 535 1450 post
546 1421 664 1439 mensam
677 1418 774 1448 quanta
785 1411 861 1439 bene-

118 1455 234 1484 dictione
250 1456 365 1484 animam
381 1462 408 1484 et
429 1466 526 1494 corpus
549 1456 668 1494 impleat.
686 1462 730 1483 lv.
749 1459 813 1483 832.
830 1467 856 1483 A.

119 1505 184 1527 833.
202 1500 365 1528 Convivium
378 1511 392 1528 a
407 1500 557 1539 precatione
576 1506 702 1538 coeptum,
719 1499 745 1527 in
767 1509 859 1537 prcca—

118 1544 216 1571 tionem
227 1543 360 1580 desinens,
371 1554 516 1582 numquam
528 1543 643 1579 deficiet,
657 1542 701 1571 sed
715 1543 804 1571 omnia
816 1543 860 1571 ad-

118 1588 183 1616 seret
192 1584 268 1616 bona.
278 1589 322 1615 ΙΙ).
334 1599 360 1616 c.
371 1589 500 1617 Oratioin
514 1587 647 1626 principio
657 1597 753 1615 mensae
767 1587 859 1625 probi-

117 1630 161 1659 bet
172 1631 336 1666 ebrietatem,
348 1638 373 1659 et
382 1632 574 1670 postconvivia
582 1638 621 1659 est
630 1631 713 1659 utilis.
725 1632 770 1658 [h.
783 1630 859 1658 Psal-

118 1685 222 1702 morum
241 1674 367 1714 praesidio
382 1685 408 1703 se
423 1674 528 1702 munire
543 1674 662 1702 maxime
677 1680 779 1712 oportet
799 1682 860 1702 ante

116 1724 142 1746 et
157 1724 216 1757 post
231 1728 357 1746 mensam.
370 1724 401 1745 v.
419 1722 481 1745 157.
492 1728 517 1746 c.
534 1722 596 1745 158.
613 1716 715 1756 Hymni
730 1716 858 1745 etcantici

117 1772 222 1790 omnem
239 1762 405 1797 ebrietatem,
430 1761 578 1799 ingluviem
592 1767 638 1788 aut
659 1760 857 1799 turpitudinem

119 1806 153 1833 ab
167 1806 253 1844 epulis
264 1812 399 1834 amovent.
411 1807 455 1832 Ib.
466 1816 492 1832 n.
508 1805 568 1832 Post
582 1804 760 1843 psalmodiam
775 1804 860 1832 adda-

120 1857 163 1877 tur
175 1849 256 1877 etiam
269 1851 353 1878 oratio
366 1849 398 1877 ad
411 1850 523 1877 domum
536 1848 760 1878 sanctificandam.
775 1851 818 1876 ΙΙ).
830 1861 857 1877 Α.

119 1893 219 1931 Opisex
230 1900 275 1920 aut
283 1893 354 1920 alius
364 1892 463 1930 quivis,
472 1891 543 1920 domi
555 1899 598 1919 aut
610 1893 637 1920 in
644 1892 751 1920 officina
764 1891 858 1920 sedens

126 1944 150 1965 et
166 1948 288 1975 operans,
308 1937 407 1975 optime
422 1943 491 1973 aget,
504 1936 524 1963 si
541 1936 646 1974 psallat.
664 1943 695 1963 V.
713 1941 775 1965 158.
788 1948 812 1964 Β.
830 1947 856 1963 c.

119 1986 181 2009 159.
196 1992 223 2009 n.
234 1992 261 2008 E.
280 1981 334 2017 Qui
347 1992 392 2020 per
402 1981 489 2008 sorum
503 1980 632 2015 ambulat,
645 1986 691 2007 aut
706 1979 777 2007 sedet
789 1980 856 2008 inter

123 2025 232 2059 amicos,
262 2032 309 2053 aut
340 2024 448 2062 quidvis
463 2024 536 2052 aliud
551 2023 616 2061 agit,
642 2029 728 2062 potest
741 2024 857 2051 clamore

119 2070 223 2097 interno
237 2069 421 2097 efficacissime
437 2068 561 2096 invocare
577 2069 671 2095 Deum.
689 2074 734 2095 tv.
750 2071 813 2095 828.
828 2078 855 2095 Α.

158 2113 252 2141 Oratio
277 2123 360 2151 neque
380 2113 511 2147 locorum,
526 2122 611 2149 neque
634 2118 785 2149 temporum
805 2121 856 2149 op-

118 2157 308 2196 portunitatem
324 2157 446 2194 requirit,
459 2156 504 2184 sed
522 2156 620 2194 ubique
640 2162 665 2183 et
686 2155 754 2183 inter
772 2154 858 2193 quod-

118 2211 231 2238 cumque
242 2202 378 2239 negotium
392 2208 475 2240 potest
491 2200 586 2228 emitti.
606 2207 650 2229 tv,
666 2204 730 2227 855.
744 2210 768 2227 c.
783 2211 812 2229 D.
828 2210 855 2226 E.

118 2244 240 2272 Orationi
261 2245 349 2272 omnis
363 2245 437 2273 loeus
460 2251 539 2283 aptus
558 2251 607 2272 est.
626 2251 657 2272 v.
673 2250 718 2274 10.
737 2255 762 2273 A.
783 2243 857 2271 Adco

118 2288 264 2317 exorabilis
290 2290 373 2324 Deus,
388 2296 418 2317 ut
433 2299 535 2327 semper
556 2295 581 2316 et
596 2287 763 2325 ubicumque
788 2287 857 2315 adsit

117 2331 212 2360 oranti.
238 2333 283 2358 ΙΙ).
308 2342 336 2359 n.
355 2342 380 2359 E.
399 2332 540 2360 Orandum
557 2332 583 2359 in
605 2332 678 2360 omni
691 2332 763 2367 loeo,
777 2330 857 2358 modo

120 2386 170 2404 non
183 2375 217 2403 ad
229 2375 341 2413 gloriam
355 2374 522 2413 captandam.
538 2382 585 2404 XI.
598 2379 662 2403 661.
677 2385 702 2403 c..
714 2385 742 2402 D.
757 2374 858 2403 13.Ubi-

119 2428 169 2456 que
183 2417 314 2446 orandum
327 2440 334 2453 ,
350 2418 450 2455 ubique
465 2424 559 2446 sanctae
580 2427 674 2445 manus
694 2417 856 2446 attollendae.

122 2470 166 2490 Xt.
188 2466 266 2490 661⁵.
285 2472 312 2489 Λ.
327 2472 349 2489 Β,

159 2506 190 2534 In
204 2505 322 2534 oratione
335 2515 457 2543 quaenam
470 2505 591 2544 petenda.
612 2512 633 2533 V
664 2510 706 2533 11.
723 2515 748 2533 c.
764 2508 809 2531 78.
829 2514 856 2531 Α.

120 2554 167 2578 79.
193 2550 271 2577 Tunc
291 2560 318 2577 se
333 2549 497 2577 exorabilem
522 2549 621 2588 praebet
647 2549 734 2585 Deus,
752 2547 859 2585 quando

122 2594 178 2622 turc
203 2600 340 2632 petuntur,
362 2605 419 2631 quac
444 2594 532 2633 ipsum
556 2593 630 2622 decet
655 2592 804 2621 concedere.
825 2599 856 2620 v.

1591 200 1654 233 331

921 277 965 300 14.
979 283 1005 300 E.
1023 272 1156 300 Oraturus
1167 282 1219 300 non
1232 271 1319 300 solum
1330 269 1407 299 debet
1421 280 1539 308 quaerere
1549 278 1578 298 ut
1588 272 1659 308 quod

920 315 984 353 petit
997 315 1121 354 accipiat,
1136 315 1182 344 sed
1195 322 1224 343 ut
1235 315 1262 343 in
1272 315 1328 353 ipsa
1341 314 1459 343 oratione
1471 314 1588 342 animam
1602 325 1659 343 me-

918 359 1012 387 liorem
1028 360 1137 387 efficiat.
1155 366 1185 388 V.
1204 364 1268 388 441.
1290 370 1315 387 c.

959 403 1052 431 Oratio
1071 403 1123 431 viri
1137 402 1276 441 cujusdam
1292 401 1375 430 sancti
1395 401 1471 440 plena
1488 402 1541 430 fide
1553 408 1578 430 ct
1593 412 1658 440 gra-

918 452 1014 474 uarum
1029 454 1140 475 actione.
1158 454 1205 475 XI.
1223 451 1286 474 461.
1308 456 1334 473 A.

957 490 1049 518 Oratio
1071 501 1119 529 pro
1140 489 1265 518 inimicis.
1284 495 1303 516 Ι.
1322 492 1384 516 159,
1402 493 1465 517 160.
1486 497 1533 518 111.
1550 494 1613 518 420.
1631 500 1656 518 Β.

918 540 951 561 tt.
969 539 1031 563 445.
1049 545 1075 562 n.
1094 545 1119 561 E.
1138 538 1202 562 446.
1221 537 1286 562 457.
1302 543 1328 559 E.
1343 543 1369 559 A.
1385 537 1450 560 458.
1470 533 1545 561 Circa
1562 533 1658 561 oratio-

917 587 976 605 nem
994 588 1043 616 pro
1065 577 1180 605 inimicis
1196 577 1320 614 frequens
1345 575 1502 606 admonitio.
1528 584 1561 606 11.
1591 581 1655 605 483.

917 625 980 649 434.
999 626 1063 651 495,
1079 632 1142 659 sqq.
1158 621 1250 649 Oratio
1274 619 1484 648 misericordiam
1511 620 1658 648 exercentis

917 665 1005 693 Deum
1030 665 1142 693 delectat
1157 688 1164 700 ‚
1194 665 1271 702 eique
1294 663 1373 692 facile
1395 663 1498 692 annuit.
1517 670 1548 691 V.
1571 669 1614 692 15.
1632 674 1658 692 Α.

917 710 1001 737 Orare
1019 720 1066 748 pro
1082 709 1196 738 inimicis
1213 707 1349 736 hominem
1374 706 1436 735 facit
1450 707 1566 735 similem
1583 709 1656 743 Deo;

917 753 988 782 unde
1011 764 1133 792 magnam
1149 752 1221 792 apud
1237 752 1324 790 ipsum
1340 751 1409 790 parit
1425 750 1552 779 fiduciam
1567 762 1597 780 ac
1618 752 1657 779 li-

916 797 1054 825 bei-taum.
1075 804 1106 825 v.
1127 801 1171 825 15.
1193 808 1217 824 B.
1234 796 1319 824 Orare
1340 801 1430 823 contra
1459 795 1582 824 inimicos
1604 806 1656 824 non

916 841 985 870 licet.
1002 848 1034 869 V.
1054 845 1098 869 14.
1116 851 1142 868 A.
1165 851 1189 868 B.
1212 839 1266 875 Qui
1281 839 1319 867 sic
1337 845 1411 873 orat,
1434 838 1530 866 similis
1553 839 1592 867 illi
1609 839 1657 877 qui

916 884 1038 922 gladium
1053 894 1149 913 acuens
1160 906 1168 918 ,
1186 882 1327 922 proprium
1341 888 1432 919 guttur
1450 881 1591 920 transfigit.
1610 889 1656 910 111.

916 933 979 958 419.
995 939 1020 957 c.
1039 938 1099 966 sqq.
1115 938 1200 965 neque
1214 926 1261 954 tali
1278 925 1391 954 orationi
1407 925 1488 953 datur
1507 925 1542 953 ad
1562 926 1659 954 coelum

915 971 1013 999 aditus.
1026 978 1056 1000 v.
1076 975 1120 999 14.
1136 982 1159 998 n.

956 1015 1091 1043 Orationis
1111 1013 1258 1042 Dominicae
1271 1035 1278 1048 ‚
1307 1013 1401 1041 Pater
1429 1018 1541 1048 noster,
1569 1011 1660 1050 expli-

914 1060 993 1088 catio.
1012 1066 1055 1087 111.
1069 1063 1113 1087 29.
1124 1069 1150 1086 e.
1170 1069 1199 1087 n.
1215 1062 1260 1086 35.
1276 1068 1299 1085 n.
1314 1067 1377 1095 sqq.

954 1103 1047 1132 Oratio
1062 1114 1110 1142 pro
1125 1102 1249 1141 episcopo
1264 1101 1290 1129 in
1302 1100 1577 1138 littii·gia.Vt.215.A.
1590 1100 1658 1127 Ora-

915 1147 952 1175 tio
971 1147 1114 1176 sacerdotis
1132 1147 1157 1174 in
1179 1145 1297 1183 liturgia.
1314 1152 1372 1174 Vlt.
1389 1149 1454 1173 352.
1469 1156 1496 1173 Λ.
1514 1154 1537 1172 n.
1556 1142 1650 1171 Oratio

915 1202 963 1231 pro
977 1190 1172 1229 energumenis.
1188 1197 1210 1218 Ι.
1227 1194 1292 1217 573.
1307 1200 1336 1219 E.

953 1236 1046 1264 Oratio
1062 1235 1163 1263 Christi
1180 1233 1215 1261 ad
1232 1235 1338 1261 Patrem
1365 1242 1416 1260 non
1441 1238 1479 1260 est
1506 1229 1654 1259 secundum

914 1279 1092 1308 divinitatem.
1110 1286 1129 1306 1.
1145 1282 1209 1306 622.
1225 1288 1254 1306 n.

954 1324 994 1351 De
1009 1323 1137 1351 Oratione
1159 1321 1215 1349 sive
1232 1319 1265 1347 de
1280 1318 1433 1346 Precatione
1446 1317 1564 1346 homilia}
1579 1317 1656 1345 duae.

915 1375 947 1396 11.
964 1372 1026 1395 931.
1040 1367 1130 1394 Adde
1142 1366 1261 1396 Pnecns,
1279 1364 1435 1391 Puncirio.

953 1417 1069 1444 Olim-on
1081 1413 1159 1441 debet
1176 1422 1292 1450 quaerore
1306 1409 1478 1438 commodum
1491 1415 1595 1447 tempus
1606 1431 1613 1443 ,
1627 1414 1656 1437 ut

914 1459 979 1488 bene
1007 1459 1130 1487 affectum
1155 1456 1304 1484 auditorem
1326 1453 1455 1481 inveniat.
1486 1460 1520 1481 tt.
1542 1457 1607 1481 136.
1629 1463 1658 1480 Ε.

911 1504 1009 1532 Orator
1032 1501 1142 1540 quidam
1166 1499 1305 1528 dexterum
1335 1497 1477 1525 humerum
1503 1496 1656 1534 importune

914 1558 1020 1576 movere
1039 1546 1142 1581 solitus,
1165 1543 1273 1572 admoto
1298 1542 1434 1579 utrimque
1458 1539 1547 1578 gladio
1564 1546 1654 1575 acuto,

912 1590 1128 1620 consuetudinem
1138 1587 1285 1625 superavit.
1300 1593 1334 1615 11.
1352 1589 1416 1614 106.
1432 1595 1457 1612 D.

952 1641 1040 1669 Onnts
1049 1639 1172 1667 columna
1185 1643 1223 1664 est
1236 1634 1363 1664 Ecclesia.
1380 1641 1424 1662 Xt.
1441 1637 1494 1660 667
1507 1638 1528 1660 ³.
1546 1644 1571 1660 Α.

952 1689 1076 1717 Onssms
1089 1687 1234 1714 liberorum
1250 1693 1301 1711 non
1321 1689 1359 1710 est
1380 1691 1456 1720 poena
1478 1679 1589 1719 peccati.
1607 1686 1652 1708 ttt.

913 1736 976 1760 416.
989 1742 1014 1761 c.

952 1780 1119 1807 Onciffisrm
1142 1773 1312 1803 Antiochenis
1326 1772 1462 1801 obstructa
1476 1777 1535 1810 post
1552 1781 1655 1799 eversas

912 1825 1128 1851 statuas.tt.179.
1145 1824 1207 1847 206.
1221 1829 1246 1847 c.
1268 1817 1412 1846 Orchestra
1428 1815 1576 1843 multorum
1594 1824 1656 1852 pec-

912 1873 1031 1895 catorum
1048 1874 1134 1893 causa.
1147 1870 1204 1891 x'tt.
1221 1866 1284 1891 476,
1298 1872 1322 1888 Α.
1335 1872 1360 1887 Β.

951 1916 1044 1943 Onntn
1055 1922 1171 1941 triones
1207 1921 1252 1949 per
1278 1909 1398 1948 Spiritus
1424 1906 1509 1936 sancti
1537 1905 1652 1944 gratiam

913 1959 990 1987 siunt.
1009 1966 1040 1986 tt,
1057 1962 1120 1985 516.
1137 1966 1162 1983 c.
1181 1956 1212 1982 In
1226 1954 1393 1982 ordinatione
1414 1951 1530 1990 Spiritus
1549 1956 1654 1978 sanctus

911 2002 1023 2031 accedit.
1039 2008 1084 2029 lx.
1100 2005 1162 2028 138.
1185 2008 1209 2026 B.
1230 1997 1372 2026 Ordinatio
1387 2006 1438 2024 non
1455 1994 1527 2022 essert
1540 2016 1546 2028 ‚
1563 2003 1609 2021 nec
1626 1993 1652 2021 in

912 2046 1027 2075 sublime
1043 2044 1124 2072 tollit.
1140 2050 1158 2070 Ι.
1174 2046 1237 2070 851.
1256 2052 1281 2068 r..

949 2092 1138 2123 Ordinationes
1151 2089 1242 2117 multae
1260 2087 1401 2116 hominum
1415 2084 1516 2118 studio,
1534 2094 1585 2112 non
1598 2083 1644 2112 di-

911 2139 972 2168 vina
985 2136 1067 2175 gratia
1081 2135 1165 2162 facim.
1181 2141 1200 2161 t.
1214 2137 1277 2161 404.
1294 2143 1320 2160 A.
1334 2128 1520 2159 ordinationis
1533 2128 1647 2156 nimium

910 2181 1037 2210 festinatae
1056 2177 1223 2207 intolerabile
1238 2175 1387 2215 periculum
1410 2171 1649 2212 prmvaricationis.

912 2234 945 2255 11.
965 2231 990 2253 1.
1006 2236 1028 2253 n.
1043 2225 1072 2252 ln
1088 2229 1189 2262 purtem
1206 2230 1288 2259 poencc
1305 2218 1407 2247 inducit
1429 2227 1491 2245 eum
1510 2216 1589 2244 etiam
1605 2216 1652 2254 qui

911 2280 1006 2298 manus
1024 2266 1214 2306 imptsuitJb.
1228 2264 1283 2300 Qui
1300 2262 1407 2292 ordinat
1422 2260 1574 2299 indignum,
1592 2270 1655 2299 pec·-

911 2321 998 2342 catum
1015 2312 1097 2351 ipsius
1112 2309 1264 2349 participat.
1279 2315 1311 2336 It.
1327 2312 1391 2335 710.

950 2362 979 2389 In
992 2358 1204 2389 ordinationibus
1217 2355 1384 2385 sacerdotum
1396 2353 1501 2391 signum
1516 2351 1614 2381 crucis,
1630 2358 1651 2379 t.

912 2410 977 2434 607.
1003 2415 1028 2433 A.
1051 2401 1240 2432 Ordinationes
1265 2410 1326 2428 cum
1348 2397 1450 2437 jejunio
1474 2396 1584 2424 fiebant.
1604 2401 1652 2423 lx.

913 2454 977 2477 267.
996 2459 1024 2475 n.
1041 2444 1264 2475 ordinandorum
1277 2452 1398 2471 examen.
1418 2448 1464 2469 111.
1483 2445 1527 2467 10.
1543 2449 1572 2466 n.

953 2498 1036 2526 Onno
1052 2501 1137 2523 rectus
1151 2503 1254 2531 semper
1265 2489 1421 2519 servandus.
1437 2495 1471 2516 x.
1486 2491 1550 2516 403.
1566 2497 1591 2514 Β.

952 2547 1093 2574 oium-ris
1112 2549 1199 2581 partes
1212 2539 1357 2568 maximam
1370 2536 1509 2565 hominum
1525 2535 1653 2571 frequen-

914 2591 978 2619 tiam
994 2589 1019 2617 in
1038 2586 1169 2628 principio
1190 2584 1334 2613 habebant.
1355 2589 1384 2610 v.
1404 2586 1446 2609 19.
1464 2579 1600 2608 Orientem
1615 2583 1654 2605 to-
