1910 2907
708 203 795 226 M'Nc
822 203 951 226 PtttMUM

161 273 224 302 erat,
234 266 289 305 jam
307 271 370 294 teste
386 266 503 305 Georgio
518 265 698 295 Alexandrino
711 266 737 294 iu
750 266 837 294 locum
851 267 898 295 Jo-

159 312 235 340 anuis
254 311 288 339 ab
306 322 333 339 se
351 312 471 351 improbe
494 312 628 352 depositi,
644 312 728 340 alium
743 312 898 351 episcopum

158 358 337 388 destinaverat
352 366 376 387 et
393 359 592 393 nominaverat,
609 365 634 387 et
654 359 812 397 rescriptum
824 369 852 387 ca
867 358 900 386 ‹le

159 415 188 433 ie
206 405 320 434 habebat
341 416 419 445 penes
440 416 486 442 se,
502 405 543 433 cui
559 405 772 444 subscripserunt
789 404 899 443 plurimi

161 450 448 490 Constantinopolitani
479 451 608 490 episcopi.
635 453 669 479 At
696 461 750 480 non
780 450 900 490 permisit

162 497 244 531 Deus,
257 498 412 536 improbum
427 497 583 536 hujusmodi
595 497 753 536 rescriptum
769 497 795 525 in
812 497 900 525 lucem

160 543 280 581 prodire.

198 589 318 627 Rogante
329 589 419 627 itaque
430 589 565 623 Eudoxia,
578 590 725 628 Imperator
740 589 840 627 legatos
850 587 900 616 mi-

156 634 191 662 sit
205 635 252 672 qui
266 636 395 664 Joannem
410 635 574 671 reducerent,
589 643 614 664 et
627 635 765 664 civitatem
781 635 899 674 periculo

157 680 309 709 liberarent.
321 681 385 709 Post
395 681 442 709 hos
454 681 563 709 secundi
578 681 731 717 missisunt,
743 687 768 709 et
785 687 845 719 post
856 691 899 708 se-

31 739 144 761 Thessfiffl..
158 725 258 754 cundos
273 726 344 754 tertii
358 749 367 763 ,
391 727 427 755 ita
442 733 472 755 ut
488 727 622 766 Bosporus
637 727 785 765 legatorum
803 726 900 754 multi-

15 788 21 793 ·
34 771 56 793 5‹
71 779 90 792 ⁰·
104 771 143 799 34.
158 771 250 800 tudine
265 773 422 811 operiretur.
437 772 794 802 Sich1eod0retus.Ve1·um
805 772 900 800 Socra-

157 824 196 846 tes
212 825 237 846 et
254 819 415 847 Sozomenus
432 818 488 848 haee
502 825 606 847 tantum
623 818 737 847 dicunt:
753 819 901 858 Imperator

157 873 218 891 eum
229 864 366 893 celerrime
379 864 499 893 revocari
507 865 598 904 jussit.
614 865 713 893 Missus
727 864 811 903 igitur
822 864 899 893 Briso

158 910 286 948 Augustae
306 910 462 946 eunuchus,
478 910 589 939 offendit
603 921 664 939 eum
683 911 811 948 Praeneti,
827 911 900 949 quod

159 956 310 994 emporium
330 962 369 984 est
395 967 429 984 ex
447 956 560 985 adverso
581 956 745 985 Nicomedia}
760 956 859 993 situm,
875 963 900 985 et

159 1001 406 1040 Constantinopolin
420 1002 508 1030 redire
518 1001 604 1041 jubet.
611 1000 643 1030 td
650 1013 711 1031 cum
726 1003 841 1031 novisset
849 1013 901 1042 po-

157 1047 248 1086 pulus,
267 1055 296 1077 ut
307 1048 414 1076 obviam
429 1048 470 1076 illi
485 1048 648 1087 procederet,
662 1049 760 1077 ostium
774 1050 901 1088 Propon-

156 1093 222 1122 tidis
241 1093 357 1132 navigiis
372 1094 484 1123 obtexit.
499 1095 544 1123 Sic
563 1095 697 1123 innumeri
717 1095 746 1123 in
761 1106 901 1124 occursum

157 1139 214 1177 ejus
228 1146 368 1174 venerunt,
386 1151 473 1169 cereas
492 1141 561 1169 saces
578 1141 756 1180 praeferentes.
767 1142 806 1170 Ita
815 1141 902 1170 redux

156 1186 283 1223 Joannes,
300 1187 389 1214 statim
401 1187 516 1225 negabat
528 1197 554 1215 se
566 1187 592 1215 in
609 1187 702 1215 urbem
714 1187 902 1226 ingressurum

159 1240 226 1268 esse,
242 1231 293 1260 nisi
307 1232 380 1270 prius
392 1233 420 1260 in
435 1233 670 1272 majot·ejudicum
684 1244 807 1262 consessu
824 1233 903 1262 inno-

159 1287 220 1305 cens
235 1277 422 1307 declararetur
434 1291 441 1306 :
464 1278 492 1307 in
505 1278 659 1307 suburbano
669 1302 676 1315 ,
692 1279 763 1317 quod
773 1279 902 1308 Marianae

158 1323 259 1352 dicitur
272 1324 445 1359 (sozomenus
459 1325 594 1364 Anaplum
601 1329 699 1362 vocat),
711 1325 837 1360 substitit,
846 1326 903 1353 ibi-

159 1381 212 1408 que
223 1371 330 1399 mansit.
346 1372 415 1400 Cum
427 1377 516 1399 autem
531 1382 618 1400 moras
628 1378 752 1408 necteret,
764 1383 848 1410 neque
861 1372 904 1400 in-

161 1417 236 1454 gredi
245 1417 338 1452 vellet,
348 1417 423 1456 plebs
435 1417 461 1445 in
473 1416 685 1456 indignationem
698 1418 834 1456 prorupit,
846 1424 903 1446 sta-

160 1462 262 1500 timque
282 1463 308 1491 in
329 1463 399 1502 ipsos
411 1464 588 1502 Imperatores
603 1462 745 1491 maledicta
760 1464 901 1502 congessit.

113 1511 148 1530 ¹³⁰
163 1507 280 1546 Ideoque
295 1508 504 1548 Chrysostomus
524 1508 551 1537 in
570 1508 666 1537 urbem
681 1508 784 1547 ingredi
798 1516 904 1538 coactus

160 1554 328 1590 est‚obviam
339 1554 380 1582 illi
392 1555 464 1583 venit
477 1555 624 1584 multitudo
632 1555 720 1593 vulgi,
731 1562 756 1584 et
766 1566 827 1584 cum
834 1566 905 1584 sum-

162 1609 208 1627 ma
225 1600 371 1629 reverentia
388 1601 415 1629 in
429 1600 567 1629 eeclesiam
581 1601 800 1637 deducit,orans
816 1609 843 1630 ut
855 1613 904 1641 pro

161 1655 236 1674 more
249 1655 297 1674 suo
310 1646 336 1674 in
347 1646 491 1685 episcopali
505 1646 630 1675 cathedra
645 1646 735 1676 sedeat
747 1670 754 1682 ‚
773 1654 798 1676 et
813 1658 905 1686 pacem

159 1691 260 1730 populo
268 1698 437 1730 apprecetur.
458 1693 527 1720 Cum
538 1699 671 1721 recusaret
682 1693 728 1721 ille
742 1692 885 1722 acdiceret
895 1716 903 1730 ‚

161 1736 190 1764 id
198 1737 324 1775 judicum
339 1737 445 1766 decreto
459 1737 519 1766 fieri
529 1749 597 1777 opus
619 1749 689 1775 esse,
701 1745 727 1767 et
742 1746 863 1778 oportere
876 1747 906 1768 ut

161 1782 180 1810 ii
195 1793 210 1810 a
227 1783 327 1821 quibus
347 1783 540 1812 condemnatus
555 1784 656 1821 fuerat,
673 1785 762 1824 ipsum
781 1785 906 1813 absolve-

161 1835 243 1857 rent:
264 1836 329 1857 tunc
347 1830 464 1868 populus
488 1830 575 1867 magis
595 1830 732 1868 magisque
756 1831 904 1859 concitatus

162 1874 252 1912 ipsum
264 1875 463 1904 concionantem
475 1875 567 1904 videre
582 1876 690 1904 omnino
705 1876 803 1913 voluit,
819 1883 845 1905 et
860 1878 906 1906 Jo-

163 1930 244 1948 anncs
256 1919 307 1958 ipsi
321 1931 422 1949 morem
439 1931 529 1960 gerere
544 1928 649 1950 coactus
659 1928 706 1950 est.

58 1985 138 2006 Redux
202 1966 234 1994 In
249 1965 358 1994 ecclesia
370 1974 457 1995 autem
475 1967 683 2006 Apostolorum,
700 1967 727 1996 in
746 1979 826 2006 quam
841 1975 905 1997 tunc

30 2017 141 2052 hrysosuq-
165 2012 299 2050 ingressus
311 2019 359 2047 est,
378 2013 533 2041 concionem
545 2013 754 2052 extemporalem
767 2021 792 2042 et
803 2014 907 2043 brevis-

36 2052 153 2098 ¹2⁵d⁰J³³s¹¹ffi
165 2057 260 2086 simam
274 2057 368 2086 habuit
381 2057 415 2086 ad
427 2058 567 2098 populum,
582 2059 629 2087 ubi
642 2059 699 2087 Deo
712 2059 849 2088 multoties
859 2060 908 2088 be-

43 2109 88 2128 het.
165 2102 283 2139 nedixit,
297 2110 322 2131 ct
342 2103 411 2132 hanc
425 2115 527 2138 vocem,
546 2105 720 2134 Benedictus
736 2107 816 2134 Deus
827 2128 834 2141 ,
850 2106 907 2135 fre-

39 2152 151 2191 ‘'·¹¹‘.⁸'{0<J·
165 2155 275 2186 quenter
282 2150 467 2187 pronuntiavit
481 2161 487 2178 :
499 2150 619 2189 dicitque
629 2151 752 2179 inimicos
764 2162 825 2180 suos
835 2162 908 2180 ama-

39 2181 59 2202 3.
68 2188 152 2211 ⁹⁴⁴²*
166 2199 235 2222 tores
248 2193 299 2222 sibi
312 2194 411 2223 multos
427 2196 621 2230 concinuisse,
637 2196 771 2234 etiamque
781 2196 889 2226 Judaeos
899 2219 907 2234 ,

168 2238 241 2276 quod
259 2245 284 2267 et
303 2239 372 2268 infra
393 2241 498 2280 repetit.
524 2244 564 2270 Ac
584 2241 618 2270 de
642 2249 714 2270 tanta
737 2243 909 2271 multitudine

172 2284 302 2324 gaudens,
316 2286 407 2315 laetitia
419 2288 541 2326 perfusus
552 2288 618 2317 dicit
633 2301 639 2316 :
655 2301 668 2316 «
682 2290 780 2317 Hodie
797 2292 909 2319 circen·

169 2341 213 2359 scs
227 2338 336 2368 §mmet
345 2343 427 2360 nemo
439 2335 531 2370 adest,
544 2336 595 2363 sed
608 2345 706 2364 omnes
716 2337 747 2363 in
758 2337 909 2364 ecclesiam

170 2387 220 2404 ceu
239 2383 377 2406 torrentes
392 2379 602 2418 confluxerunt.
614 2393 627 2407 n
643 2381 678 2409 Se
688 2381 715 2410 in
730 2382 840 2410 ecclesia
855 2382 908 2411 SS.

172 2421 359 2460 Apostolorum
375 2425 524 2453 concionari
542 2426 715 2463 testificatur,
731 2427 777 2455 ubi
790 2435 865 2456 erant
878 2428 908 2456 S.

171 2468 308 2496 Timothei
329 2469 456 2507 reliquiae.
481 2471 510 2499 In
530 2472 583 2500 fine
604 2482 667 2500 vero
680 2472 759 2511 lupos
775 2474 911 2512 aufugisse

171 2514 247 2550 dicit,
258 2525 311 2552 quo
325 2515 494 2545 subindicare
508 2517 615 2546 videtur
627 2519 715 2557 ipsum
726 2519 911 2558 Theophilum

4 2566 25 2604 ξ]
170 2560 226 2599 jam
239 2571 272 2589 ex
284 2560 392 2590 civitate
403 2572 538 2600 egressum
549 2574 618 2593 esse:
630 2575 689 2602 quae
703 2571 791 2593 tamen
804 2577 845 2594 res
859 2565 912 2595 dif-

172 2605 292 2636 ficultate
308 2618 359 2636 non
378 2615 471 2636 vacat.
485 2609 641 2648 Insequente
656 2609 700 2639 die
721 2610 800 2640 aliam
817 2612 912 2641 habuit

341 2658 411 2676 Tou.
436 2659 503 2676 xxii.

981 202 1174 225 anor-MTA.

1640 206 1701 226 μμ

1663 223 1672 238 Ι
1689 229 1695 236 a

953 266 1105 295 concionem
1124 265 1285 303 longiorem:
1307 265 1332 293 in
1349 276 1400 303 qua
1417 264 1503 304 primo
1527 266 1691 294 Pharaonem

953 311 1112 351 AEgyptium
1125 318 1261 350 comparat
1272 322 1333 340 cum
1347 312 1400 340 alio
1414 311 1552 350 J'Igyptio,
1563 312 1608 349 qui
1621 312 1692 339 haud

953 358 1036 386 dubie
1056 364 1094 386 est
1116 357 1284 396 Theophilus
1307 357 1447 396 episcopus
1472 357 1671 385 Alexandrinus
1687 380 1693 386 ,

953 404 1073 442 dicitque
1086 403 1113 432 in
1123 403 1173 432 hac
1189 404 1315 433 Ecclcsia:
1334 403 1484 432 calamitate
1502 403 1639 432 haereticos
1660 403 1692 431 ad

953 450 1034 479 sidem
1052 460 1192 479 conversos
1202 450 1291 485 fuisse,
1306 450 1414 480 Judaeos
1427 450 1549 478 meliores
1564 450 1693 482 evasisse,

953 504 1030 535 atque
1041 495 1252 525 adChristianos
1264 497 1425 533 accurrisse,
1439 497 1465 525 in
1477 496 1633 536 hujusmodi
1645 508 1694 525 au-

952 549 1006 570 tem
1025 543 1174 571 calamitate
1195 543 1384 581 baptisterium
1407 543 1536 582 sanguine
1561 544 1693 582 repletum

954 589 1045 617 fuisse.
1073 589 1177 617 Laudat
1206 589 1337 628 populum
1361 600 1375 617 a
1404 589 1457 617 fide
1482 596 1507 618 et
1537 590 1692 618 constantia.

952 635 1108 673 Deindeque
1120 636 1284 664 convertitur
1297 636 1324 664 in
1338 635 1430 664 laudes
1443 636 1576 664 Eudoxiae
1595 638 1692 675 Augu-

952 687 1011 717 stae,
1028 681 1104 720 cujus
1117 681 1236 720 epistolae
1246 681 1279 709 ad
1295 692 1321 709 se
1336 682 1423 710 misscc
1437 689 1539 720 partem
1552 682 1647 718 adfert,
1664 683 1695 710 il-

950 727 1059 765 lamque
1083 727 1210 755 encomiis
1231 727 1354 755 celebrat.
1378 727 1455 755 Dicit
1477 734 1567 755 autem
1588 728 1649 764 hic,
1667 735 1694 755 ut

951 782 1044 811 supra,
1058 771 1180 800 inimicos
1189 772 1216 800 in
1226 772 1316 811 fugam
1327 783 1417 801 versos
1429 783 1496 801 esse.
1508 772 1627 801 Alteram
1636 781 1696 812 post

952 818 1071 846 reditum
1090 828 1169 846 suum
1191 818 1331 846 homiliam
1346 818 1442 846 habuit
1457 818 1620 856 longiorem,
1637 830 1695 856 qum

951 862 985 890 de
996 862 1146 892 Chanancea
1161 862 1327 898 inscribitur,
1342 863 1375 892 de
1386 874 1438 902 qua
1451 863 1597 893 videndum
1607 864 1695 892 Moni-

953 914 1011 936 tum
1027 915 1148 936 nostrum
1161 909 1194 937 T.
1207 910 1236 946 5,
1249 920 1276 948 p.
1290 910 1358 938 451.

994 955 1078 983 Aiunt
1097 955 1219 984 Socrates
1232 962 1256 984 et
1270 955 1447 991 Sozomems,
1460 962 1601 995 postquam
1614 957 1697 985 Joan-
1724 968 1783 987 sors,
1798 967 1812 986 ι,
1828 967 1848 986 ἢ

953 1010 998 1029 nes
1014 1001 1041 1029 in
1055 1000 1144 1029 sedem
1159 1011 1234 1029 suam
1251 1002 1389 1030 restitutus
1403 1002 1498 1038 fuerat,
1514 1002 1695 1041 Theophilum
1710 1006 1727 1018 ⁰·
1747 1005 1781 1024 ¹5-

953 1046 1102 1075 Heraclidae
1115 1058 1222 1076 causam
1236 1055 1262 1076 et
1281 1048 1480 1077 ordinationem
1496 1049 1632 1087 inquirere
1644 1060 1695 1078 vo-
1710 1042 1820 1097 Shsgu‘ss'k
1838 1042 1851 1060 ἶ·

953 1092 1045 1130 luisse,
1058 1099 1088 1120 ut
1112 1092 1174 1121 inde
1187 1094 1351 1122 occasionem
1371 1094 1499 1133 arriperet
1519 1094 1552 1122 ad
1568 1096 1698 1124 Joanncm
1797 1096 1801 1100 ’

954 1138 1149 1167 damnandum.
1162 1139 1314 1168 Heraclides
1329 1150 1392 1168 vero
1405 1150 1456 1168 non
1471 1139 1573 1177 aderat,
1588 1148 1674 1169 tamen
1684 1159 1693 1164 -

955 1194 1006 1222 que
1021 1184 1055 1212 de
1071 1185 1118 1213 ilto
1133 1185 1239 1214 absente
1256 1185 1445 1224 judicabatur,
1464 1187 1541 1224 quasi
1561 1187 1692 1224 quosdam

956 1229 1056 1269 injuste
1072 1230 1234 1268 damnasset,
1247 1238 1271 1260 et
1285 1232 1384 1260 catenis
1403 1232 1506 1261 vinctos
1518 1244 1566 1272 per
1579 1233 1696 1262 mediam

956 1276 1136 1315 Ephesiorum
1151 1278 1244 1306 urbem
1259 1278 1431 1306 traduxisset.
1449 1279 1571 1317 Cumque
1583 1281 1698 1309 Joanncs

955 1329 979 1349 et
995 1322 1114 1359 quicum
1128 1323 1174 1352 illo
1183 1323 1290 1352 aderaut
1303 1323 1423 1352 dicerent
1436 1324 1469 1352 de
1483 1324 1637 1354 absentibus
1650 1327 1699 1364 ju-

955 1366 1058 1396 dicium
1071 1368 1134 1396 ferri
1151 1379 1202 1397 non
1215 1368 1322 1405 debere,
1340 1369 1515 1398 Alexandrini
1532 1378 1623 1399 contra
1639 1382 1699 1400 cor.-

956 1413 1110 1448 tendebant‚
1134 1414 1317 1443 admittendos
1331 1426 1386 1444 esse
1397 1423 1563 1445 accusatores
1579 1417 1700 1447 Heracli-

956 1458 1007 1494 (ἰπὶ,
1020 1459 1082 1487 licet
1094 1471 1154 1488 eum
1175 1461 1312 1489 absentem
1327 1470 1491 1491 accusarent.
1515 1463 1618 1491 Gravis
1640 1463 1701 1492 inde

958 1504 1055 1533 seditio
1070 1506 1139 1534 inter
1162 1507 1471 1546 Constantinopolitanos
1485 1515 1509 1536 et
1528 1509 1674 1537 Alexandri
1685 1526 1694 1530 s

957 1560 1004 1580 nos
1015 1557 1072 1579 orta
1085 1558 1123 1580 est
1136 1563 1141 1578 z
1155 1552 1350 1591 commissaque
1362 1554 1546 1592 pugna‚nntlti
1556 1555 1678 1583 vulnerat
1687 1557 1704 1586 ι’,

959 1597 1070 1635 quidam
1091 1598 1171 1627 etiam
1194 1598 1327 1627 interemti
1349 1606 1419 1628 sunt.
1442 1600 1504 1628 Haec
1519 1611 1579 1628 cum
1599 1601 1700 1629 videret

958 1644 1137 1683 Theophilus,
1152 1645 1225 1674 illico
1240 1645 1434 1674 Alexandriam
1447 1647 1560 1685 aufugit.
1573 1647 1645 1676 ldcm
1655 1648 1699 1675 alii

959 1700 1064 1729 quoque
1075 1691 1194 1719 fecerunt
1208 1691 1337 1730 episcopi,
1349 1699 1443 1731 practer
1457 1703 1554 1732 paucos
1566 1693 1611 1731 qui
1623 1695 1702 1723 Joau-

957 1736 1000 1764 nis
1011 1743 1100 1775 partes
1122 1737 1267 1766 tuebantur
1282 1749 1287 1765 t
1304 1738 1448 1776 cunctique
1462 1746 1568 1778 arrepta
1584 1740 1647 1778 fuga
1665 1740 1700 1767 ail

956 1792 1018 1811 suas
1032 1782 1107 1811 sedes
1118 1790 1294 1812 reverterunt.

997 1828 1071 1865 Haec,
1087 1836 1228 1868 postquam
1243 1831 1358 1859 Joannes
1370 1831 1396 1859 in
1404 1831 1493 1860 sedem
1505 1841 1579 1860 suam
1593 1832 1701 1860 restitu-

958 1880 1000 1902 tus
1017 1874 1113 1911 suerat,
1129 1882 1200 1913 gesta
1216 1875 1297 1904 fuisse
1310 1876 1428 1905 referunt
1439 1877 1561 1906 Socrates
1578 1885 1602 1906 et
1619 1878 1700 1905 Sozo-

958 1929 1061 1955 menus,
1070 1920 1117 1958 qui
1132 1927 1282 1959 postremus
1297 1921 1372 1949 illum
1381 1922 1437 1959 jam
1450 1921 1604 1950 restitutum
1619 1922 1699 1950 fuisse

958 1972 1103 2003 antequam
1115 1966 1172 1994 haec
1183 1973 1323 2004 agerentur
1334 1974 1424 2006 aperte
1436 1967 1511 1996 dicit.
1523 1969 1645 1997 Socrates
1656 1980 1700 1997 ve-

959 2019 988 2037 ro
998 2009 1116 2048 idipsum
1124 2010 1365 2047 prorsusinsiuuat.
1383 2012 1451 2039 Nam
1465 2019 1604 2050 postquam
1617 2014 1701 2041 Joan—

959 2065 1020 2083 nem
1034 2055 1091 2093 jam
1107 2055 1133 2083 in
1159 2054 1247 2083 sedem
1266 2066 1343 2084 suam
1360 2056 1499 2086 reductum
1516 2058 1597 2087 fuisse
1611 2069 1702 2087 narra-

962 2111 1047 2141 verat,
1058 2111 1138 2143 caput
1149 2103 1285 2133 decimum
1298 2105 1441 2144 septimum
1452 2106 1568 2142 orditur,
1587 2107 1632 2135 ubi
1645 2107 1702 2135 hsce

961 2157 1138 2185 recensentur,
1156 2157 1185 2178 ut
1201 2161 1306 2179 causam
1328 2151 1480 2180 certaminis
1492 2152 1560 2180 inter
1574 2153 1703 2181 Constan-

961 2196 1154 2235 tinopolitanos
1167 2202 1192 2224 et
1207 2196 1404 2225 Alexandrinos
1419 2204 1444 2226 et
1456 2197 1546 2236 fugam
1558 2199 1703 2238 Theophili

961 2242 1067 2270 referat.
1083 2242 1112 2271 Si
1125 2249 1213 2270 autem
1228 2242 1284 2270 haec
1296 2242 1331 2271 ita
1347 2250 1418 2280 gesta
1426 2243 1639 2280 sint,diceudum
1651 2257 1705 2274 esse

961 2288 1069 2317 videtur
1084 2288 1269 2328 Theophilum
1289 2290 1380 2328 paucis
1397 2290 1494 2318 diebus
1510 2298 1569 2330 post
1591 2292 1703 2320 restitu-

963 2342 1021 2363 tum
1032 2335 1161 2363 Joannem
1171 2335 1316 2373 aufugisse,
1334 2342 1359 2364 ct
1375 2335 1434 2364 ideo
1447 2337 1584 2366 tantillum
1595 2337 1704 2366 mansis-

963 2391 990 2409 se
1012 2380 1260 2420 Constantinopoli,
1279 2381 1342 2419 quia
1361 2392 1422 2410 cum
1437 2383 1550 2411 Joanncs
1566 2390 1706 2412 revocant.-

964 2426 1068 2461 fuisset,
1093 2436 1145 2454 non
1160 2426 1360 2456 contradixerat
1380 2429 1490 2466 quidem
1507 2429 1569 2466 ille;
1583 2430 1631 2459 scd
1645 2440 1705 2458 cum

971 2471 1120 2501 Heraclidae
1135 2483 1243 2501 causam
1264 2473 1291 2501 in
1313 2474 1432 2503 medium
1456 2476 1625 2514 protulisset,
1643 2487 1708 2513 quu-

965 2521 1036 2549 niam
1045 2521 1111 2549 hiea
1121 2523 1222 2551 Joanne
1229 2521 1370 2551 ordinatus
1383 2523 1477 2559 suerat,
1490 2524 1515 2552 in
1529 2525 1707 2563 suspicionem

968 2568 1084 2604 venisse,
1096 2567 1169 2606 quod
1185 2579 1292 2597 rursum
1310 2570 1419 2598 Joannis
1435 2581 1541 2598 causam
1562 2571 1688 2608 disquire:
1699 2584 1711 2597 ,-

968 2613 1055 2651 veltet,
1070 2621 1097 2642 ut
1108 2614 1184 2643 illum
1197 2615 1306 2644 taudem
1319 2626 1334 2643 a
1345 2615 1405 2644 sede
1419 2616 1711 2656 Constantinopoliteum

1521 2658 1554 2683 12
