1884 2922
259 195 329 229 228
892 203 995 225 mnnx

256 273 339 308 labat,
351 279 390 300 est
407 273 488 300 Deus.
505 278 561 299 ΥΙι.
575 276 638 299 389.
656 281 679 297 A.
696 269 742 297 Dei
759 269 841 296 solius
851 275 888 296 est
902 278 995 296 arcana

257 316 346 344 cordis
370 316 445 343 scire.
466 322 522 342 ΥΗ.
540 319 585 342 64.
610 325 631 341 x.
650 319 720 340 ΥΙΗ.
742 317 802 340 1:58.
820 322 848 339 Ι).
866 311 914 339 Dei
931 322 996 339 ocu-

257 359 312 387 lum
331 369 406 387 nemo
423 358 500 395 sugit.
518 364 548 385 x.
573 361 634 384 548.
652 367 675 383 α.
693 355 741 383 Dei
763 355 926 394 proescieutia
948 354 997 383 ad-

257 402 388 436 miranda,
413 402 458 438 qui
483 400 555 428 novit
578 399 665 428 (jumi-'t
685 406 827 436 antequam
844 400 916 427 liant.
947 406 992 428 Xt.

260 450 300 474 12.

297 494 368 521 Deus
390 502 440 519 non
464 496 587 530 coeperat
616 490 765 520 mendacio.
794 497 838 521 ΙΥ.
864 496 928 520 597.
947 492 994 519 Dei

257 536 339 564 verba
355 546 420 574 pura
437 543 461 563 ct
475 546 489 563 a
503 534 642 563 mendacio
654 535 748 564 libera.
762 541 792 562 Υ.
806 538 870 563 145.
889 545 915 563 Ι).

295 584 368 612 Deus
391 590 430 611 est
443 583 554 611 affectus
575 593 680 621 expers.
699 590 718 611 1.
738 587 801 611 179.
817 594 844 610 A.
862 583 910 611 Dei
925 583 996 611 zelus

257 638 308 655 non
324 634 362 655 est
375 627 493 656 affectus.
510 633 532 657 Ι,
548 631 612 655 315.
629 639 655 654 A.
674 627 723 655 Dei
739 627 776 654 ira
790 636 842 654 non
861 633 899 655 est
913 627 994 655 animi

255 670 397 709 aegritudo.
412 678 433 700 1.
449 675 475 698 6.
494 682 518 699 Β.
534 672 606 699 Deus
620 680 671 698 non
689 669 797 698 laeditur
811 676 918 709 peccato
929 692 936 705 ,
950 670 995 699 scd

255 714 377 742 homiues
390 721 526 754 peccantes
535 714 582 743 illo
595 713 739 744 laeduntur.
755 721 774 742 1.
786 718 811 742 6.
824 724 850 741 c.
866 724 894 742 n.
906 714 995 742 Nullis

255 758 395 786 affectibus
409 758 541 786 obnoxius
556 764 605 794 est,
622 757 679 786 sive
696 757 860 792 benefaciat,
875 757 931 786 sive
945 769 994 796 pu—

255 802 320 833 niat.
343 809 377 832 11.
402 807 464 831 102.
480 814 508 831 B.
530 803 603 830 Deus
618 802 802 841 impassibilis.
821 809 867 831 111.
887 807 952 830 897.
972 813 993 829 n.

258 850 322 874 898.
342 856 369 875 A.
396 853 429 874 v.
446 851 491 876 48.
506 856 534 874 D.

295 894 368 922 Deus
383 894 483 922 nullius
498 894 595 922 auxilii
609 905 676 933 opus
687 894 769 922 habet
785 894 818 922 ad
835 905 863 922 ea
876 894 994 923 facienda

256 949 315 976 quae
329 938 398 975 vult,
411 945 435 966 et
449 946 542 967 cuncta
557 939 597 966 illi
612 938 750 966 obediunt.
766 946 799 967 11.
818 944 879 967 131.
892 949 920 967 D.
932 950 959 968 E.
969 950 991 967 A.

256 993 283 1010 v.
299 986 362 1010 201.
377 992 402 1010 c.
421 992 448 1010 D.
461 982 510 1010 Dei
525 982 640 1021 potentia
652 982 721 1010 unde
731 981 933 1011 demonstretur.
946 989 991 1012 ΙΥ.

257 1031 320 1054 813.
333 1037 358 1054 A.
370 1025 419 1054 Dei
431 1027 557 1054 creatoris
567 1026 682 1065 potentia
694 1033 731 1054 est
743 1026 995 1065 incomprehensibi-

256 1069 298 1097 lis.
314 1076 359 1098 tv.
378 1074 440 1098 277.
456 1080 482 1098 c.
498 1069 651 1098 ineffabilis.
667 1077 714 1099 lv.
732 1074 775 1098 20.
792 1080 817 1098 Β.
831 1070 959 1098 immensa
971 1079 993 1098 et

257 1112 397 1141 mirabilis.
420 1119 463 1141 lv.
478 1118 528 1141 112
552 1124 567 1141 n
595 1124 621 1141 c.
635 1119 740 1150 quanta.
754 1120 799 1142 ΙΥ.
814 1119 878 1142 700.
897 1125 925 1142 n.
939 1115 995 1142 Deo

258 1157 346 1185 omnia
362 1157 500 1195 possibilia
526 1164 596 1185 sunt.
616 1164 661 1185 [Υ.
679 1162 743 1188 536.
762 1169 788 1187 A.
806 1158 855 1186 lici
871 1158 991 1186 ineffabi-

258 1201 291 1229 lis
311 1201 428 1239 potentia
453 1200 479 1228 in
501 1201 633 1228 creatione
650 1201 786 1239 praecipue
810 1209 928 1240 apparet.
948 1210 993 1231 ΙΥ.

259 1249 304 1273 31.
319 1244 368 1273 Dei
383 1251 480 1283 quanta
493 1244 620 1283 potentia,
630 1245 677 1282 qui
689 1244 770 1272 verbo
781 1245 897 1284 simplici
909 1247 996 1274 omnia

257 1287 397 1327 produxit.
416 1295 461 1317 lv.
480 1293 523 1316 80.
538 1289 603 1327 Ejus
626 1288 702 1316 nutui
717 1289 806 1317 omnia
825 1289 930 1318 cedunt.
949 1297 992 1318 ΙΥ.

260 1337 324 1360 537.
341 1343 368 1361 ε.
387 1343 411 1360 A.
427 1332 494 1371 Ejus
507 1331 637 1360 decretaa
651 1333 756 1360 nemine
771 1332 957 1371 prohibentur.
974 1341 994 1362 1.

260 1380 324 1404 931.
343 1387 368 1404 A.
383 1387 406 1404 B.
426 1383 471 1405 ΙΥ.
488 1381 551 1404 701.
568 1386 592 1405 c.
616 1375 664 1404 Dei
680 1383 810 1414 praecepto
825 1384 919 1405 cuncta
935 1377 997 1406 obe-

259 1419 345 1448 diunt.
361 1426 405 1448 lv.
422 1424 484 1448 322.
496 1430 525 1447 A.
538 1429 567 1447 v.
585 1424 648 1447 220.
666 1431 692 1447 A.
706 1420 777 1447 Deus
788 1427 888 1449 naturae
903 1421 998 1449 eondi-

259 1469 302 1491 tor
321 1463 393 1490 illam
405 1463 573 1491 transformat
585 1469 614 1490 ut
625 1462 692 1490 vult.
706 1469 751 1490 ΙΥ.
768 1467 832 1491 282.
846 1475 870 1492 Β.
883 1465 933 1492 Dei
946 1475 998 1504 po-

259 1507 341 1535 tentia
351 1517 430 1544 quam
443 1507 572 1536 maxima.
584 1513 616 1534 Υ.
625 1512 704 1534 S1.A.
718 1511 781 1535 595.
794 1519 818 1536 B.
830 1518 856 1535 e.
867 1508 937 1536 Deus
948 1508 999 1536 ele-

260 1557 409 1578 mentorum
418 1551 596 1590 operationem
604 1550 630 1578 in
639 1551 811 1587 contrarium,
819 1551 925 1589 quando
933 1552 999 1589 vult,

260 1594 386 1625 traducit.
404 1602 436 1624 V.
456 1600 520 1624 498.
536 1606 564 1623 A.
582 1599 645 1625 499.
670 1595 817 1624 Potentiam
833 1607 909 1625 suam
929 1608 999 1635 quo-

261 1638 342 1667 modo
358 1638 543 1670 declaraverit.
566 1646 599 1668 Υ.
616 1644 680 1668 466.
697 1650 724 1667 A.
741 1640 793 1669 Vel
808 1640 834 1668 iu
851 1641 931 1669 rebus
946 1641 998 1670 dif-

262 1682 392 1711 fieillimis
411 1689 496 1722 potest
517 1683 619 1711 exitum
642 1684 770 1713 invenire.
786 1691 818 1715 V.
833 1690 931 1715 3841.
950 1687 998 1715 Dei

261 1726 379 1765 potentia
415 1727 532 1755 maxime
561 1727 587 1755 in
619 1728 746 1755 aerumnis
778 1735 928 1758 sanctorum
952 1730 998 1758 de·

262 1777 436 1799 monstratur.
452 1775 542 1799 11.12.
561 1781 586 1800 c.
604 1772 675 1799 Deus
699 1778 762 1799 tunc
786 1773 902 1801 maxime
924 1785 999 1803 suam

262 1814 376 1842 ostendit
398 1821 564 1853 potestatem,
579 1825 639 1843 cum
653 1821 691 1843 est
711 1815 853 1844 vehemens
874 1824 899 1845 et
913 1826 998 1847 extre·

262 1867 336 1885 mum
347 1858 505 1896 periculum.
524 1865 555 1887 Υ.
574 1863 636 1887 444.
649 1869 676 1888 Ε.

302 1905 353 1933 Dei
374 1913 412 1934 est
426 1917 467 1934 res
482 1906 633 1946 desperatas
658 1908 805 1938 restituere.
821 1916 868 1938 ΙΥ.
886 1915 951 1941 381.
968 1924 996 1940 A.

262 1949 334 1977 Deus
349 1950 471 1988 superior
485 1950 589 1989 legibus
600 1974 607 1986 ‚
623 1951 691 1979 nihil
706 1962 739 1980 ex
752 1954 905 1982 necessitate
924 1956 997 1986 facit.

265 1999 310 2023 Vt.
328 1997 391 2022 285.
406 2004 434 2023 c.
447 1994 566 2023 Potentia
578 2002 602 2023 et
616 2002 672 2024 arte
687 1996 782 2025 utitur.
797 2004 855 2027 ΥΙΙ.
875 2003 997 2030 1tO.C.A.

266 2037 316 2071 Ea,
341 2048 399 2076 qua:
424 2038 551 2067 videntur
569 2039 761 2078 impossibilia,
777 2041 848 2070 facit.
874 2050 919 2071 lx.
934 2048 997 2072 140.

265 2085 328 2109 141.
342 2081 397 2120 Ipsi
412 2082 500 2110 omnia
515 2082 603 2110 facilia
618 2090 690 2114 sunt.
710 2091 730 2112 1.
750 2089 774 2113 2.
791 2096 816 2114 n.

303 2129 376 2157 Deus
389 2129 445 2157 sola
460 2140 507 2158 sua
522 2130 660 2160 voluntate
679 2133 778 2161 creavit
792 2145 920 2173 supernas
935 2138 999 2166 Vir-

264 2178 333 2200 tutes
344 2194 350 2206 ,
370 2179 395 2200 ct
411 2179 526 2202 terrenas
536 2185 587 2204 res.
605 2182 624 2203 Ι.
640 2180 704 2205 560.
722 2187 749 2206 Ε.
765 2177 874 2207 Creavit
891 2181 998 2219 angelos

265 2222 325 2244 ante
346 2216 493 2247 hominem.
516 2225 537 2248 1.
563 2223 626 2248 193.
645 2230 672 2250 E.
689 2221 760 2249 Deus
785 2223 953 2262 omnipotens
975 2235 1000 2256 et

264 2259 381 2297 optimus
397 2261 567 2290 architectus.
579 2269 626 2292 ῙΥ.
638 2269 701 2292 141.
715 2275 743 2293 r..
759 2265 798 2293 De
809 2267 865 2295 Deo
877 2270 998 2300 omnium

264 2303 360 2341 opifice
374 2313 422 2331 cur
435 2304 556 2339 dicatur,
574 2307 613 2334 Et
625 2308 702 2336 vidit
719 2309 796 2337 Deus
815 2310 906 2339 lucem
922 2316 1002 2350 quod

264 2353 336 2374 esset
359 2348 443 2375 bona.
458 2356 503 2377 ΙΥ.
520 2354 565 2378 22.
580 2361 604 2378 A.
618 2351 690 2379 Deus
712 2362 761 2380 cur
785 2364 836 2382 non
861 2357 948 2385 omnia
964 2359 999 2386 si-

266 2389 324 2417 mul
338 2400 391 2418 uno
416 2390 461 2419 die
483 2393 651 2430 produxerit.
667 2402 713 2423 lv.
742 2401 788 2427 23.
815 2409 841 2425 ε.
857 2410 885 2431 A,
902 2401 998 2430 Omnia

265 2435 366 2462 creavit
391 2445 451 2463 cum
475 2436 648 2475 intelligentia
673 2446 697 2468 et
714 2441 824 2470 ratione.
846 2450 890 2471 lv.
907 2450 951 2473 99.
973 2457 997 2473 n.

266 2476 314 2504 Dei
344 2478 460 2515 potentia
476 2486 501 2507 et
524 2480 652 2519 sapientia
668 2482 694 2511 in
709 2484 788 2512 rebus
808 2487 937 2516 creandis.
952 2496 996 2519 lv.

267 2524 312 2547 52.
340 2531 364 2548 a.
389 2522 460 2550 Deus
484 2531 593 2562 propter
613 2525 749 2555 hominem
772 2530 860 2557 omnia
888 2533 997 2561 creavit.

267 2569 310 2590 ιΥ.
329 2567 371 2591 56.
386 2574 410 2592 c.
426 2565 474 2593 Dei
486 2567 610 2596 creatoris
625 2570 780 2607 magnitudo
793 2583 825 2601 ex
838 2574 918 2603 rebus
927 2586 999 2605 erea-

1025 201 1152 225 RERUM.

1052 263 1086 291 tis
1099 263 1273 302 conspicitur.
1290 269 1334 293 tv.
1351 267 1414 291 748.
1427 273 1454 291 ο.
1466 263 1538 292 Deus
1555 273 1603 291 cur
1621 262 1715 291 caelum
1731 272 1790 301 per-

1051 307 1150 334 fectum
1164 305 1340 345 produxerit,
1357 313 1454 334 terram
1473 313 1560 334 autem
1575 306 1705 345 paulatim
1720 316 1787 334 con-

1051 349 1159 378 diderit.
1179 357 1224 379 ΙΥ.
1241 355 1305 378 752.
1321 360 1350 378 n.
1367 350 1464 378 Creans
1479 360 1527 378 cur
1540 349 1639 378 dixerit
1655 362 1660 377 :
1675 351 1789 378 Faria-

1052 405 1115 423 ηιιις
1131 395 1293 427 Ιιοιηὶηεηι,·
1309 404 1372 430 non,
1388 394 1445 422 Fiat
1459 394 1552 424 homo.
1568 401 1611 422 [v.
1631 399 1696 423 755.
1719 405 1748 422 n.
1764 406 1788 422 ι..

1051 439 1122 466 Deus
1159 449 1206 466 nos
1231 436 1341 473 creavit,
1368 444 1397 466 ut
1419 437 1508 465 salvos
1531 437 1619 466 faciat.
1639 444 1684 466 lv.
1700 442 1746 466 24.
1761 448 1788 465 r..

1052 481 1114 510 Post
1134 481 1294 510 creationem
1317 480 1452 520 quomodo
1474 480 1634 519 requieverit
1648 480 1691 509 die
1707 481 1787 520 septi—

1051 535 1105 554 mo.
1120 532 1163 554 ΙΥ.
1177 530 1223 554 96.
1242 536 1267 553 c.

1090 568 1139 597 Dei
1155 568 1301 597 secundum
1321 568 1464 607 imaginem
1485 569 1568 598 creari
1591 568 1658 606 quid
1676 568 1719 597 sit.
1740 576 1787 598 tv.

1051 617 1114 642 215.
1133 623 1158 641 A.
1170 613 1242 641 Deus
1254 619 1291 641 est
1304 612 1394 651 opifex
1405 619 1517 642 naturae.
1531 620 1564 642 Υ.
1580 618 1645 642 272.
1661 625 1687 643 Β.
1702 614 1788 642 Deum

1049 666 1151 685 creasse
1165 663 1267 684 noctem
1283 655 1393 694 quidam
1410 657 1550 693 negabant.
1564 665 1595 686 Υ.
1614 662 1676 688 104.
1692 669 1718 687 A.
1737 657 1787 686 Dei

1048 699 1196 738 digitorum
1227 710 1307 738 opera
1336 711 1384 728 cur
1411 700 1468 728 caeli
1499 700 1633 729 dicantur.
1661 708 1694 729 V.
1720 705 1784 729 103.

1049 744 1121 772 Deus
1143 743 1217 772 nullo
1233 744 1340 782 negotio
1363 744 1405 772 vel
1426 743 1526 779 labore,
1548 755 1600 773 non
1617 744 1695 784 jussu
1710 767 1718 779 ‚
1740 744 1786 773 sed

1049 787 1104 816 sola
1128 787 1264 816 voluntate
1285 788 1373 816 omnia
1399 788 1469 816 fecit.
1499 795 1532 818 Υ.
1551 793 1617 817 462.
1636 800 1665 818 n.
1682 789 1790 817 Naturae

1049 831 1157 870 opifex,
1178 838 1264 870 potest
1286 831 1356 871 ipsos
1379 838 1479 860 natura:
1494 833 1636 861 transferre
1651 832 1789 861 terminos,

1051 880 1158 903 5:354.
1177 885 1203 902 c.
1220 876 1292 903 Deus
1307 875 1328 903 si
1345 882 1393 910 est,
1408 876 1497 904 omnia
1520 876 1596 911 secit3
1610 877 1631 904 si
1649 886 1700 904 non
1715 876 1788 911 fecit,

1050 927 1101 946 uon
1117 925 1154 946 est
1172 920 1250 947 Deus.
1268 926 1312 947 tx.
1330 924 1392 947 321.
1411 929 1435 947 Ε.
1451 921 1522 948 Deus
1535 920 1603 948 nihil
1618 920 1789 949 immundum

1049 961 1120 989 fecit.
1137 969 1180 990 XI.
1197 967 1261 991 810.
1279 973 1304 990 c.

1089 1006 1160 1033 Deus
1181 1006 1314 1034 hominem
1335 1007 1362 1034 in
1385 1006 1532 1042 mundum,
1549 1007 1624 1045 quasi
1644 1007 1671 1035 in
1688 1007 1787 1045 regiani

1050 1049 1174 1077 omnibus
1192 1049 1270 1078 rebus
1296 1050 1471 1086 instructam,
1497 1051 1613 1079 induxit.
1638 1058 1681 1079 [Υ.
1703 1055 1747 1079 67.
1763 1062 1787 1079 c.

1047 1092 1183 1127 Quantum
1198 1093 1334 1122 hominem
1346 1094 1473 1122 extulerit
1490 1095 1571 1125 Deus.
1589 1102 1635 1123 XI.
1649 1099 1695 1123 21.
1708 1094 1788 1130 Quod

1048 1137 1122 1164 Deus
1137 1144 1174 1165 cst
1190 1137 1217 1165 in
1231 1137 1306 1172 caelo,
1323 1137 1373 1166 hoc
1386 1137 1470 1166 homo
1485 1145 1522 1167 est
1537 1138 1564 1166 in
1579 1145 1659 1167 terra.
1677 1148 1725 1166 xu.
1740 1142 1786 1166 24.

1049 1191 1075 1207 Β.

1088 1222 1137 1251 Dei
1152 1223 1244 1256 verba,
1257 1234 1336 1263 opera
1348 1224 1473 1253 exhibent
1486 1224 1630 1253 mirabilia.
1644 1233 1664 1254 1.
1677 1230 1741 1254 704.
1755 1239 1783 1254 A.

1052 1267 1122 1295 Deus
1137 1266 1267 1296 mirabilis
1280 1269 1305 1296 in
1321 1268 1436 1307 opificiis
1449 1269 1512 1297 suis.
1529 1276 1561 1297 11.
1580 1273 1645 1297 133.
1662 1280 1684 1298 Β.
1699 1270 1788 1297 Deum

1051 1310 1204 1340 mirabilem
1236 1312 1312 1340 nobis
1345 1312 1435 1341 reddit.
1460 1320 1641 1341 ereaturarum
1666 1312 1788 1352 pulchri-

1052 1354 1126 1383 tudo.
1145 1362 1165 1383 Ι.
1185 1361 1246 1384 117.
1267 1367 1295 1386 n.
1320 1358 1393 1385 Deus
1415 1367 1448 1385 ex
1465 1357 1543 1385 rebus
1561 1365 1586 1386 et
1600 1357 1726 1396 operibus
1740 1367 1789 1385 co-

1050 1400 1196 1437 gnoscitur.
1220 1408 1240 1429 1.
1268 1406 1330 1429 117.
1353 1411 1380 1429 1>-
1410 1414 1436 1431 Λ,
1463 1401 1512 1429 Dei
1536 1412 1616 1440 opera
1640 1408 1790 1429 nostrarum

1050 1443 1239 1481 cogitationum
1262 1444 1471 1473 imbecillitatem
1488 1445 1567 1473 valde
1582 1451 1718 1484 superant.
1740 1452 1787 1474 lv.

1051 1491 1077 1515 9.
1091 1498 1119 1517 D.
1138 1489 1186 1516 Dei
1205 1489 1304 1528 egregii
1317 1489 1427 1517 artificis
1440 1489 1568 1528 sapientia
1583 1488 1787 1517 consideranda.

1051 1537 1098 1559 lv.
1117 1536 1160 1561 44.
1176 1546 1202 1562 A.
1218 1533 1286 1571 Ejus
1301 1543 1379 1571 opera
1392 1533 1480 1561 onmia
1495 1533 1574 1561 valde
1584 1533 1663 1561 bona.
1680 1540 1725 1562 lv.
1743 1538 1786 1561 93.

1051 1584 1127 1608 A.94.
1139 1579 1212 1606 Deus
1225 1576 1306 1604 verbo
1319 1582 1343 1604 et
1355 1583 1486 1615 praecepto
1497 1587 1544 1604 suo
1559 1577 1647 1605 omnia
1655 1577 1785 1606 condidit.

1052 1630 1098 1652 tv.
1125 1627 1169 1651 21.
1191 1631 1216 1649 Β.
1240 1624 1286 1648 44.
1310 1630 1336 1647 c.
1358 1619 1511 1648 Secundum
1528 1620 1693 1649 voluntatem
1713 1631 1789 1649 suam

1051 1673 1184 1695 creaturas
1211 1674 1302 1692 omnes
1332 1662 1495 1692 moderatur.
1514 1671 1558 1693 ιΥ.
1582 1669 1626 1693 43.
1648 1676 1673 1694 A.
1699 1665 1787 1693 Deum

1053 1709 1169 1738 ostendit
1203 1713 1388 1736 creaturarum
1411 1706 1579 1745 magnitudo.
1606 1714 1639 1735 V.
1669 1712 1733 1737 236.
1758 1718 1787 1737 n.

1053 1755 1139 1782 Deum
1165 1750 1310 1780 amandum
1327 1750 1402 1778 nubis
1419 1750 1562 1789 praedicant
1580 1752 1637 1790 ejus
1651 1759 1788 1781 creaturae.

1053 1805 1087 1827 V.
1103 1802 1165 1826 160.
1181 1808 1206 1825 Δ.

1092 1842 1166 1869 Deus
1191 1849 1286 1878 magna
1311 1838 1440 1867 miracula
1463 1839 1523 1868 fecit
1546 1841 1572 1867 in
1592 1839 1723 1868 creatione
1744 1850 1791 1868 or-

1052 1885 1108 1920 bis,
1121 1891 1146 1913 et
1161 1884 1232 1912 solus
1252 1884 1325 1913 fecit.
1347 1890 1379 1911 Υ.
1398 1887 1462 1911 476.
1486 1894 1511 1912 E.
1529 1895 1555 1912 A.
1574 1883 1737 1912 P1·aedicatur
1758 1894 1792 1912 ex

1053 1929 1146 1958 ordine
1171 1938 1263 1956 eorum
1276 1938 1336 1966 quae
1361 1926 1498 1956 videntur.
1518 1934 1549 1955 Υ.
1566 1933 1610 1956 18.
1631 1938 1658 1956 c.
1677 1927 1720 1956 Ad
1739 1928 1790 1957 Dei

1053 1973 1243 2011 cognitionem,
1258 1978 1283 1999 et
1298 1971 1359 1999 vitae
1383 1978 1478 1999 nostrae
1493 1971 1687 2000 institutionem
1698 1994 1705 2005 ,
1721 1982 1792 1999 crea-

1052 2023 1173 2045 turarum
1187 2014 1374 2054 contemplatio
1392 2014 1473 2042 utilis.
1490 2022 1520 2043 Υ.
1537 2019 1600 2043 321.
1613 2027 1636 2044 Β.
1653 2015 1702 2043 Dei
1711 2025 1790 2054 opera

1052 2060 1182 2089 miraculo
1203 2059 1296 2098 plena,
1320 2069 1372 2087 non
1399 2058 1556 2087 accusanda.
1577 2066 1609 2088 V.
1629 2064 1693 2087 318.
1710 2070 1737 2087 D.
1765 2069 1791 2088 ε.

1052 2104 1140 2142 Opera
1155 2103 1212 2142 ipsa
1225 2113 1286 2130 eum
1295 2102 1438 2130 celebrant.
1454 2109 1499 2131 ΥΙ.
1513 2107 1576 2130 169.
1591 2113 1618 2131 n.
1629 2102 1680 2131 Dei
1691 2103 1793 2142 sapien-

1051 2148 1117 2177 tiam
1154 2146 1281 2186 praedicat
1311 2156 1400 2174 rerum
1433 2152 1581 2174 creatarum
1605 2146 1788 2186 pulchritudo.

1053 2198 1108 2220 Vll.
1123 2195 1185 2219 313.
1201 2201 1226 2219 Ε.
1243 2202 1268 2219 Α.

1092 2234 1142 2262 Dei
1168 2234 1283 2272 ingentia
1306 2233 1446 2263 miracula.
1472 2244 1502 2265 V.
1526 2238 1590 2263 533.
1609 2245 1638 2261 A.
1662 2244 1686 2262 Β.
1707 2245 1732 2262 c.
1761 2244 1791 2262 n.

1051 2279 1123 2306 Deus
1135 2277 1242 2316 quando
1256 2277 1321 2306 solet
1337 2278 1413 2316 signa
1429 2278 1523 2306 facere.
1542 2284 1599 2308 vll.
1618 2282 1680 2306 208.
1697 2279 1795 2307 Facere

1051 2322 1183 2350 miracula
1195 2332 1341 2359 numquam
1355 2321 1517 2350 intermittit.
1533 2332 1560 2350 v.
1575 2326 1640 2350 324.
1654 2321 1736 2361 Signa
1746 2333 1794 2351 cur

1051 2365 1128 2393 edere
1143 2365 1296 2394 cessaverit.
1312 2372 1370 2393 Υ11.
1388 2369 1452 2393 424.
1469 2375 1494 2393 ε.

1091 2410 1163 2437 Deus
1179 2410 1256 2437 Pater
1279 2416 1366 2437 noster
1381 2409 1540 2437 communis.
1559 2416 1604 2439 111.
1623 2413 1667 2438 36.
1686 2421 1709 2438 B.
1730 2411 1789 2443 Qua

1052 2454 1154 2482 ratione
1174 2454 1251 2481 Pater
1271 2459 1358 2481 noster
1372 2453 1416 2482 sit.
1434 2460 1477 2481 111.
1493 2457 1539 2482 35.
1557 2464 1583 2481 c.
1598 2453 1649 2481 Dei
1663 2464 1724 2492 erga
1738 2453 1791 2481 ho-

1052 2498 1151 2525 minem
1166 2498 1277 2525 affectus
1291 2503 1414 2534 quantus.
1431 2504 1477 2525 ΙΙΙ.
1500 2501 1546 2525 45.
1565 2507 1589 2527 Β.
1607 2497 1675 2536 Ejus
1694 2497 1789 2525 caritas

1050 2541 1128 2579 longe
1154 2541 1258 2569 excedit
1283 2551 1386 2569 omnem
1415 2541 1563 2569 caritatem.
1590 2548 1634 2569 111.
1668 2545 1731 2569 565.
1758 2553 1786 2569 A.

1052 2585 1123 2613 Deus
1138 2591 1265 2623 quantam
1281 2584 1383 2622 generis
1399 2584 1508 2612 humani
1524 2584 1624 2627 ⁸habeat
1647 2585 1785 2614 rationem.
