1884 2922
664 508 1095 580 EPILOGUS

179 713 647 818 NOVAE
743 716 1572 821 EDITIONIS.

145 1295 222 1324 Cum
237 1294 292 1324 hoc
307 1305 382 1334 opus
395 1296 457 1333 jam
473 1304 528 1323 suo
541 1301 683 1332 tempore,
696 1294 869 1333 amplorum
884 1304 1010 1333 operum
1026 1295 1169 1329 feraciori,
1185 1305 1330 1334 maguum
1344 1303 1373 1325 et
1389 1297 1493 1335 ingens
1510 1297 1637 1327 habere-

108 1349 169 1379 tur,
183 1349 283 1372 nostra
297 1353 367 1371 vero
382 1348 465 1371 aetate
482 1343 519 1371 sit
532 1341 647 1370 ambitu
659 1341 748 1380 plane
759 1343 914 1378 inusitato,
931 1343 993 1371 fleri
1008 1353 1068 1371 non
1080 1343 1179 1381 potuit
1196 1349 1231 1372 ut
1255 1345 1316 1382 jam
1330 1344 1360 1372 in
1374 1344 1549 1383 praefatione
1564 1346 1628 1375 indi
1639 1361 1647 1366 -

107 1397 246 1420 careatur
266 1401 299 1420 ea
314 1391 415 1419 omnia
435 1390 546 1429 quibus
558 1389 648 1419 hodie
666 1390 820 1419 emendari
841 1396 894 1420 aut
916 1391 1018 1429 augeri
1041 1391 1172 1429 potuerit
1192 1390 1401 1420 Montfauconi
1423 1392 1535 1422 editio:
1551 1404 1644 1432 quare

105 1437 226 1477 plenam
243 1439 444 1468 narrationem
455 1449 560 1467 eorum
575 1448 642 1477 quae
656 1444 793 1477 praestare
807 1434 942 1477 contigit,
958 1439 989 1467 iu
1004 1438 1087 1467 hunc
1102 1438 1201 1467 locum
1216 1438 1398 1468 distulimus.

147 1505 356 1533 Moxrmucom
369 1504 539 1540 consilium,
556 1503 639 1543 quod
653 1504 757 1543 ipsein
778 1504 952 1534 Praefatione
967 1503 1075 1532 diserte
1091 1503 1233 1542 explicuit
1245 1527 1252 1539 ‚
1275 1503 1331 1533 hoc
1351 1510 1431 1533 erat:
1454 1512 1488 1534 ut
1508 1506 1642 1544 primum

107 1551 292 1581 collectiones
313 1551 387 1581 duas
402 1563 527 1591 operum
555 1552 598 1582 St.
623 1551 838 1591 Chrysostomi‚
854 1563 920 1591 quae
937 1560 1003 1582 tum
1013 1551 1169 1581 exstabant
1183 1552 1301 1582 diverso
1316 1553 1408 1582 modo
1424 1554 1568 1582 institutae
1590 1565 1643 1583 nec

106 1599 210 1629 eadem
234 1599 393 1629 lectoribus
420 1601 481 1630 suis
495 1600 654 1629 commoda
678 1600 843 1637 afferentes,
861 1602 892 1629 in
908 1612 1001 1630 unam
1027 1602 1222 1639 conjungeret
1239 1601 1404 1640 pleniorem
1431 1609 1459 1630 et
1482 1604 1643 1641 utriusque

108 1647 191 1677 dotes
204 1648 294 1677 simul
306 1648 570 1687 complectentenu
587 1649 695 1678 deinde
712 1656 747 1678 ut
758 1660 791 1678 ex
805 1650 919 1687 scriptis
934 1649 1057 1678 editisve
1072 1650 1275 1679 monumentis
1291 1649 1528 1688 Chrysostomica
1543 1651 1642 1680 unde-

108 1706 237 1734 cumque
261 1695 410 1734 colligeret
422 1697 451 1724 in
467 1696 524 1725 illis
536 1696 719 1725 editionibus
731 1697 853 1731 omissa3
871 1697 969 1731 tertio,
986 1704 1020 1726 ut
1035 1708 1123 1735 opera
1140 1698 1241 1726 omnia
1260 1698 1289 1727 S.
1314 1698 1423 1733 Patris,
1437 1709 1472 1727 ex
1486 1699 1641 1728 codicibus

106 1743 274 1779 emendata,
288 1744 425 1783 aequabili
439 1744 529 1774 modo
544 1745 574 1773 iu
591 1744 720 1773 latinum
739 1755 907 1773 sermonem
925 1756 1010 1774 versa
1024 1745 1193 1779 exhiberem
1210 1745 1341 1784 denique
1360 1747 1393 1781 (si
1408 1746 1642 1776 illustrissimam

105 1799 222 1830 partem
236 1791 344 1821 laboris
356 1796 422 1821 'uno
437 1792 529 1821 verbo
545 1793 671 1831 exprimi
698 1792 776 1828 licet)
801 1799 836 1821 ut
851 1800 965 1821 tantam
980 1792 1090 1821 molem
1108 1793 1286 1831 scriptorum
1303 1793 1411 1821 ordinis
1426 1793 1490 1821 luce
1508 1794 1639 1822 donaret.

106 1838 262 1868 Nimirum
281 1841 394 1878 priores
415 1840 552 1874 editores,
576 1841 687 1878 partim
710 1841 780 1879 quia
803 1841 872 1869 satis
891 1840 1042 1870 habebant
1070 1843 1225 1871 conciones
1240 1849 1268 1870 et
1283 1842 1422 1880 epistolas
1449 1842 1553 1872 multis
1569 1843 1640 1872 locis

107 1886 251 1925 dispersas
272 1887 302 1915 in
328 1897 425 1916 unum
449 1888 630 1926 congregari,
648 1889 756 1925 partim
780 1898 849 1916 casu
865 1889 903 1917 ita
926 1889 1046 1925 ferente,
1063 1895 1095 1917 ut
1111 1888 1169 1918 illis
1184 1889 1280 1918 multa
1296 1900 1387 1928 opera
1411 1891 1639 1924 innotescerent„

108 1934 326 1969 voluminibus,
342 1936 372 1963 in
387 1934 499 1973 quibus
511 1936 650 1974 proprius
665 1946 769 1964 eorum
780 1935 864 1964 locus
880 1943 954 1971 erat,
970 1938 1031 1974 jam
1047 1936 1191 1965 absolutis
1211 1943 1239 1965 et
1262 1936 1360 1971 editis,
1376 1936 1458 1965 hunc
1472 1938 1544 1966 recti
1561 1938 1642 1966 ordi-

107 1983 152 2011 nis
170 1982 346 2012 institueudi
362 1982 495 2011 laborem
510 1983 756 2012 annotationibus
775 1984 835 2012 suis
847 1993 921 2022 saepe
941 1984 1131 2023 adjuverant,
1147 1995 1178 2013 re
1193 1985 1256 2023 ipsa
1271 1992 1371 2014 autem
1397 1985 1594 2015 Tillemontio
1609 1994 1637 2016 et

107 2029 326 2059 Montfaucono
342 2030 523 2069 reliquerant
535 2041 627 2069 prope
642 2031 804 2069 integrum.

146 2091 310 2129 Postquam
331 2092 423 2130 igitur
438 2092 468 2120 in
483 2098 628 2130 apparatu
641 2092 808 2130 colligendo
824 2092 913 2131 elapsi
925 2100 1009 2121 erant
1020 2094 1092 2122 anni
1118 2093 1258 2122 tredecim
1276 2116 1283 2129 ‚
1310 2094 1545 2124 Montfauconus
1563 2106 1642 2125 anno

110 2138 184 2168 1715
205 2149 350 2178 magnum
376 2150 451 2178 opus
473 2139 557 2178 prelo
582 2139 664 2168 dedit
680 2163 687 2175 ,
710 2140 818 2169 deinde
847 2141 908 2179 ipse
932 2140 1055 2178 quidem
1071 2140 1206 2169 alacriter
1227 2141 1313 2174 ursit,
1343 2141 1394 2170 sed
1412 2152 1464 2180 per
1485 2142 1642 2180 penuriam

108 2186 333 2225 typothetarum
360 2197 450 2225 graeca
471 2186 634 2225 legentium
650 2187 806 2226 aliquoties
830 2189 1046 2223 intermissum,
1062 2189 1216 2218 absolvere
1238 2199 1297 2217 non
1322 2190 1421 2227 potuit
1444 2196 1513 2219 ante
1527 2201 1643 2219 annum

106 2234 193 2264 1738.
210 2234 355 2272 Quaenam
366 2241 467 2263 autem
482 2234 572 2273 hujus
588 2236 644 2264 viri
658 2236 761 2264 merim
776 2235 886 2265 fuerint
898 2236 934 2265 de
947 2236 1169 2275 Chrysostomo,
1186 2237 1317 2265 breviter
1332 2238 1545 2276 exponendum
1563 2245 1615 2267 est.

147 2297 259 2326 Praeter
282 2307 371 2334 opera
382 2295 598 2334 Clwysostomi,
625 2306 690 2334 quae
706 2302 774 2325 ante
790 2296 996 2333 habebantur,
1023 2298 1160 2327 universa
1184 2297 1417 2328 Montsaucouus
1440 2310 1475 2328 ex
1491 2299 1644 2329 codicibus

108 2345 186 2373 eruit
203 2344 270 2381 plus
291 2344 397 2381 viginti
421 2344 551 2382 genuina
573 2344 655 2382 prius
667 2344 830 2382 incognita,
852 2351 880 2373 et
902 2345 1032 2374 aliorum
1055 2346 1185 2384 explevit
1203 2346 1341 2384 lacuua53
1363 2357 1471 2375 verum
1484 2348 1515 2375 in
1535 2349 1642 2386 spuriis

108 2392 263 2431 augendis,
278 2402 348 2420 cum
363 2392 430 2430 plus
443 2403 535 2430 quam
545 2392 675 2421 ducenta
689 2393 821 2430 proferre
833 2394 989 2431 potuisset,
1005 2396 1155 2432 sapienter
1169 2394 1295 2423 modum
1310 2394 1366 2423 sibi
1382 2395 1539 2433 imposuit,
1553 2397 1642 2424 etiam

110 2439 259 2469 Saviliana
281 2439 424 2478 pleraque
450 2446 585 2478 repetens
611 2440 735 2473 invituS,
759 2441 829 2478 quia
855 2442 951 2479 operis
974 2442 1030 2481 legi
1053 2442 1222 2471 cedendum
1245 2449 1316 2471 erat.
1328 2443 1444 2472 Deinde
1457 2454 1517 2472 non
1534 2443 1643 2472 horum

111 2489 283 2526 spuriorum
307 2487 409 2523 modo,
436 2497 503 2525 quae
520 2486 558 2515 ab
586 2487 699 2516 Savilio
720 2497 812 2526 graece
840 2494 959 2517 tantum
996 2490 1076 2519 edita
1108 2497 1203 2525 erant,
1230 2497 1259 2519 et
1273 2490 1402 2519 aliorum
1429 2497 1494 2519 tum
1509 2492 1643 2529 primum

112 2535 262 2565 editorum
281 2536 446 2564 versionem
463 2535 590 2563 latinam
610 2535 812 2564 condiderunt
826 2535 1012 2565 Benedictini
1028 2559 1034 2571 ‚
1060 2537 1111 2565 sed
1125 2536 1330 2575 plurimorum
1349 2538 1438 2565 etiam
1452 2547 1487 2566 ex
1504 2544 1566 2566 toto
1578 2548 1642 2566 cor-

114 2594 186 2622 pore
197 2594 322 2623 operum
338 2583 545 2612 translationes
560 2589 671 2612 veteres
686 2584 851 2621 rejecerunt
863 2590 891 2612 et
906 2595 974 2613 suas
986 2584 1092 2614 melius
1116 2590 1273 2623 conceptas
1284 2583 1520 2616 substituerunt;
1544 2595 1646 2613 omnes

116 2640 216 2662 autem
231 2633 268 2662 ab
280 2633 344 2662 aliis
358 2640 470 2662 sumtas
484 2644 562 2663 novo
577 2633 672 2662 textui
687 2633 963 2663 accommodarunt.
