1950 2922
342 197 406 237 ¹24
822 202 853 224 s.

332 270 416 304 ridie,
436 267 555 305 dicitque
574 265 671 305 impios
686 274 790 302 semper
808 262 923 302 pavidos
938 268 963 290 et
978 261 1075 290 formi-

332 315 439 343 dolosos
452 324 518 350 esse,
540 313 599 352 pios
615 318 702 340 autem
719 309 817 338 fiducia
838 308 939 347 plenos.
959 308 1075 336 Demum

332 372 381 400 pro
403 359 595 388 consuetudine
617 357 651 385 de
673 355 833 395 juramentis
856 354 974 382 vitandis
999 354 1055 392 agit
1066 377 1073 389 ‚

332 414 491 444 sextumque
499 406 555 443 jam
565 404 637 431 diem
648 413 704 430 esse
716 401 764 438 ait,
778 412 830 439 quo
841 401 876 429 de
886 400 1016 430 servanda
1026 401 1075 429 hu-

329 453 449 492 jusmodi
462 453 518 489 lege
533 450 683 478 admoneat.

374 498 519 527 Homiliam
534 506 631 524 nonam
643 495 669 522 in
685 494 778 522 feriam
794 493 938 522 secundam
952 492 1075 522 secundae

332 542 510 572 hebdomadis
527 539 747 578 Quadi-agesimoe
767 539 944 578 probabiliter
967 539 1077 577 conjicit

334 588 534 618 Tillemontius.
552 587 609 615 Hac
626 586 659 614 de
674 597 702 614 re
716 597 780 614 vero
794 585 866 613 nulla
882 592 1018 624 comparet
1033 595 1077 612 no-

334 642 370 671 ta,
381 646 434 673 qua
446 634 489 663 vel
503 640 604 662 certum
616 632 658 661 vel
673 632 818 661 verisimile
829 631 969 671 quidpiam
981 637 1078 659 statua-

334 692 403 709 mus.
420 680 518 708 Habita
534 685 603 707 certe
624 678 674 705 suit
689 678 746 706 haze
762 678 853 706 concio
867 684 925 716 post
940 677 1077 705 silentium

334 727 378 756 vel
399 726 478 754 unius
498 725 542 754 vel
566 724 686 764 plurium
702 723 820 759 dierum,
839 730 869 751 ut
887 723 963 751 initio
979 723 1078 751 diserte

335 774 373 802 ait
394 773 614 812 Chrysostomus,
634 777 725 799 contra
740 780 822 808 quam
842 769 968 808 opinatur
988 769 1077 798 Tille-

336 819 464 855 montius,
476 818 522 857 qui
535 828 596 846 011111
609 824 731 846 octavam
745 817 772 844 in
787 816 880 844 feriam
896 824 998 845 sextam
1014 826 1078 844 con-

332 866 421 905 jiciat,
435 872 460 893 et
474 875 574 893 nonam
592 864 619 892 in
632 863 727 891 feriam
742 862 887 892 secundam
902 862 1078 891 hebdomadis

336 911 480 950 sequentis,
491 911 527 939 ait
536 911 563 938 in
573 910 637 939 Vita
647 909 834 948 Chrysostomi
843 915 893 937 art.
902 911 912 936 1
921 909 948 944 5,
961 909 1079 947 interpo-

337 958 400 986 sitas
411 957 516 986 sabbati
534 963 559 985 et
571 955 720 985 Dominicae
729 954 787 983 dies
807 955 889 983 fuisse
908 954 982 983 haud
996 954 1079 983 dubie

337 1003 525 1044 Chrysostomi
534 1002 706 1032 concionibus
714 1001 861 1040 insignitae,
870 1012 930 1039 quae
941 1002 1080 1030 conciones

335 1049 393 1088 jam
404 1050 507 1078 amissze
518 1050 626 1078 fuerint.
639 1048 772 1087 Populum
783 1055 872 1076 autem
884 1048 1079 1077 Antiochenam

338 1096 431 1125 laudat
443 1096 531 1131 initio,
541 1095 614 1133 quod
625 1095 733 1123 monitis
744 1094 799 1123 suis
811 1094 1023 1134 obtemperantes
1034 1106 1082 1123 au-

338 1140 438 1169 ditores
452 1140 486 1168 de
505 1139 637 1178 abigenda
651 1139 866 1178 juramentorum
887 1139 1081 1167 consuetudine

337 1187 509 1215 cura1·ent.ln
520 1186 578 1214 haec
592 1186 654 1213 item
666 1184 760 1219 verba,
774 1185 847 1213 Coeli
858 1192 1000 1213 enarrant
1014 1186 1079 1223 glo—

337 1235 412 1261 riam
424 1233 491 1267 Dei,
506 1232 590 1260 multa
601 1231 677 1266 dicit,
688 1241 718 1258 ac
727 1230 777 1258 Dei
787 1230 986 1269 providentiam
999 1231 1025 1258 in
1038 1241 1080 1259 re-

337 1290 397 1308 rum
412 1279 574 1307 naturalium
587 1278 679 1306 ordine
691 1284 771 1315 atque
786 1283 913 1305 concentu
928 1277 1057 1316 praedicat
1071 1289 1077 1304 :

336 1325 500 1363 demumque
518 1331 606 1353 monet
619 1331 647 1352 ut
660 1334 675 1351 a
690 1323 849 1361 juramentis
860 1323 1037 1354 abstineatur.

376 1371 493 1400 Homilia
506 1371 607 1399 decima
620 1381 672 1398 non
688 1370 733 1398 die
747 1380 844 1398 nonam
863 1369 1018 1408 insequente
1031 1371 1081 1398 ha-

335 1417 391 1446 bita
403 1417 462 1450 fuit,
478 1417 539 1445 lieet
552 1416 623 1445 idem
639 1422 815 1455 prosequatur
841 1423 1038 1453 argumentum,
1053 1423 1082 1445 ut

336 1475 402 1494 voce
413 1464 516 1504 πρῴην,
531 1475 629 1502 nuper,
642 1463 784 1492 indicatur.
797 1463 974 1491 Auditoribus
993 1471 1082 1492 autem

338 1511 488 1549 gratulatur·
503 1510 722 1549 Chrysostomus,
742 1508 815 1546 quod
831 1509 940 1537 monitis
960 1510 1015 1538 suis
1030 1511 1082 1539 ob-

338 1555 557 1595 temperaverint.
577 1556 667 1593 Louge
680 1555 775 1583 melius
788 1566 843 1583 esse
855 1555 892 1583 ait
907 1556 1020 1584 verbum
1033 1568 1080 1584 au-

339 1603 407 1635 dire,
419 1613 499 1639 quam
512 1602 643 1640 jejunare.
662 1601 762 1629 Probat
773 1601 870 1629 deinde
882 1602 1013 1631 mundum
1027 1603 1083 1632 sine

341 1647 391 1676 Dei
406 1646 575 1686 providentia
594 1654 662 1675 stare
681 1657 731 1675 non
749 1658 825 1686 posse
842 1659 848 1674 t
869 1647 1019 1687 desinitque
1033 1649 1084 1678 dc—

342 1704 416 1722 mum
430 1693 593 1722 cohortando
607 1694 795 1731 utjuramenta
809 1693 935 1722 vitentur.

382 1739 529 1768 Homiliam
546 1739 717 1767 undecimam
737 1746 812 1778 putat
826 1740 1017 1770 Tillemontius
1033 1743 1085 1770 ha-

343 1785 427 1814 bitam
440 1785 520 1813 fuisse
538 1791 597 1824 post
608 1795 677 1820 eam,
692 1795 751 1823 qum
766 1784 868 1813 decima
882 1786 974 1823 quinta
989 1787 1087 1815 inscri-

342 1831 416 1860 bitur
429 1831 507 1864 infra,
521 1841 622 1859 necnon
637 1837 696 1869 post
711 1837 863 1868 sequentem
879 1831 1012 1861 decimam
1027 1844 1085 1862 sex-

343 1885 409 1906 tam.
426 1877 483 1905 Hoc
496 1883 584 1905 autem
601 1876 741 1905 ratiocinio
757 1876 852 1905 nititur
865 1877 910 1905 ille
926 1890 931 1905 z
947 1879 977 1906 ln
991 1890 1031 1914 ea,
1044 1881 1087 1908 in·

344 1925 412 1963 quit,
426 1924 538 1953 homilia
549 1923 583 1952 de
594 1923 721 1962 periculis
733 1931 758 1952 et
770 1925 906 1959 aerumnis,
921 1926 1021 1963 quibus
1035 1929 1087 1965 jam

345 1972 435 1999 functa
455 1970 549 1998 civitas
570 1969 731 1997 Antiochen-1
750 1977 814 2004 erat,
831 1970 931 2009 agitur,
954 1982 1012 2009 (111εο
1028 1962 1087 2012 post

347 2017 492 2045 adventum
511 2015 662 2044 Hellebichi
681 2022 706 2043 et
721 2016 829 2044 Caesarii
849 2016 977 2045 accidisse
992 2018 1089 2047 viden-

346 2070 400 2091 tur.
424 2062 474 2090 Ille
497 2068 585 2089 autem
604 2061 735 2090 adventus
762 2061 913 2090 Hellebicbi
934 2070 959 2091 et
979 2064 1089 2093 Cresarii

347 2110 373 2137 in
388 2108 497 2136 decimae
511 2107 629 2146 septimae
644 2107 764 2135 homiliae
780 2108 953 2147 titulo,longe
966 2117 1023 2149 post
1038 2122 1090 2139 un..

347 2154 488 2187 decimam,
506 2153 539 2181 de
560 2164 611 2191 qua
627 2164 696 2181 nunc
712 2153 828 2191 agimus,
845 2163 1017 2184 memoratur.
1033 2158 1090 2186 lloe

302 2216 338 2234 103
349 2201 432 2228 fultus
453 2206 610 2237 argumento
632 2199 823 2227 Tillemontius
843 2211 894 2228 non
919 2201 999 2230 modo
1016 2202 1090 2232 deci-

349 2256 420 2274 mam
444 2245 575 2282 quintam,
594 2245 640 2272 sed
660 2245 740 2272 etiam
761 2244 893 2274 decimam
909 2254 1014 2276 sextam
1030 2256 1090 2277 ante

350 2290 519 2319 undecimam
533 2290 673 2318 locandam
691 2301 746 2319 csse
760 2298 845 2329 putat.
866 2294 899 2320 At
915 2301 1090 2333 praeterquam

351 2336 424 2374 quod
440 2346 529 2364 omncs
549 2346 656 2374 prorsus
677 2337 854 2376 Manuscripti
875 2339 998 2367 eumdem
1014 2352 1090 2378 quem

351 2381 425 2412 Editi
444 2382 564 2410 ordinem
583 2389 689 2409 servant
709 2394 714 2408 τ
734 2393 762 2410 ea
781 2384 869 2411 omnia
886 2395 944 2422 qua„²
956 2392 1017 2414 tunc
1030 2394 1092 2416 tem-

352 2428 425 2467 poris
437 2426 599 2459 acciderunt,
609 2427 705 2455 bonam
721 2427 854 2457 interdum
869 2433 1092 2470 spem‚pericula,

353 2474 474 2507 timores,
488 2472 582 2507 minas,
594 2483 653 2510 quae¹
665 2473 731 2501 liene
743 2474 826 2502 multa
840 2475 865 2503 in
881 2477 936 2514 pari
949 2488 1011 2506 casu
1026 2490 1094 2507 sem-

354 2530 402 2558 per
417 2518 570 2556 contingere
583 2519 682 2553 solent,
700 2529 750 2547 11011
765 2527 805 2547 sat
820 2529 942 2550 accurate
957 2525 1093 2562 novimus,

355 2572 428 2593 111οΧ
443 2564 595 2603 hujusmodi
610 2564 749 2592 ratiocinio
763 2565 866 2603 aliquid
884 2567 909 2594 in
927 2568 1022 2597 ordine
1036 2581 1096 2598 mu-

354 2610 469 2639 tandum
481 2620 509 2639 ea
517 2609 551 2639 de
563 2620 641 2638 causa
653 2621 814 2640 censeamus.
827 2613 913 2641 Multa
925 2614 995 2644 dixit
1006 2617 1094 2656 Chry-

881 199 1021 224 JOANNIS
1044 199 1274 221 CHRYSOSTOMI
1301 198 1378 221 viTA
1397 212 1406 228 ,

1130 273 1275 303 sostomus,
1290 267 1409 303 forteque
1423 265 1501 304 longe
1516 264 1595 304 plura
1611 264 1705 293 tacuit.
1723 263 1867 300 Quamob-

1130 324 1186 341 rem
1206 312 1291 341 donee
1311 311 1377 350 quid
1400 311 1497 340 certius
1519 317 1649 349 emergat,
1669 311 1758 350 prisco
1778 309 1868 338 ordini

1129 358 1255 387 standum
1270 365 1403 397 putamus.
1424 357 1455 385 In
1477 356 1526 384 hac
1547 356 1629 394 igitur
1648 356 1760 384 homilia
1779 356 1867 395 primo

1130 405 1228 444 gratias
1238 405 1292 443 agit
1304 405 1523 443 Chiysostomus,
1534 402 1606 440 quod
1618 402 1712 431 civitas
1723 403 1756 430 ab
1767 402 1868 430 immis-

1130 461 1159 479 so
1172 457 1272 479 terrore
1287 449 1477 489 respiraverit3
1492 459 1525 477 ex
1539 448 1642 486 injectis
1657 448 1757 487 quippe
1775 447 1868 486 suspi-

1131 497 1252 526 cionibus
1266 496 1401 536 perterriti
1415 494 1609 534 quamplurimi
1623 494 1779 532 aufugerant
1793 505 1799 521 :
1815 494 1866 522 hoc

1129 543 1287 571 calamitatis
1299 549 1324 571 et
1336 541 1445 570 terroris
1459 548 1588 580 tempore,
1603 539 1705 577 aliquot
1720 539 1816 568 diebus
1829 546 1868 567 ta—

1132 590 1186 618 cuit
1200 589 1418 628 Chrysostomus‚
1435 594 1465 615 ut
1479 587 1535 626 ipse
1550 586 1598 614 ait.
1615 586 1691 614 Hanc
1702 596 1766 614 vero
1780 585 1871 613 homi-

1132 636 1196 664 liam
1217 635 1325 675 conjicit
1352 633 1541 663 Tillemontius
1561 632 1587 660 in
1612 632 1705 660 feriam
1727 631 1869 660 secundam

1131 689 1232 721 quartae
1252 680 1429 710 hebdomadis
1455 679 1687 717 Quadragesimae,
1715 685 1740 706 et
1762 678 1872 716 quidem

1134 728 1244 766 optime,
1252 734 1280 755 ut
1290 726 1325 755 ad
1336 726 1474 754 homiliam
1483 724 1615 753 decimam
1626 724 1731 752 tertiam
1739 722 1870 751 dicemus.

1134 773 1230 811 Agitur
1245 772 1379 812 praecipuc
1397 772 1424 799 in
1440 771 1489 799 hac
1503 769 1614 798 homilia
1627 768 1660 797 de
1676 768 1725 797 Dei
1742 767 1872 807 sapientia

1133 819 1160 847 in
1176 818 1293 847 hominis
1306 817 1503 853 constitutione,
1516 815 1579 844 etin
1593 815 1647 843 fine
1658 814 1692 843 de
1703 814 1813 843 vitando
1823 813 1871 853 ju-

1132 872 1260 893 ramento.

1175 912 1368 941 Duodecimam
1385 910 1449 939 item
1466 917 1490 938 et
1512 908 1644 938 decimam
1666 906 1789 942 tertiam,
1811 912 1872 945 post

1133 959 1265 988 decimam
1286 959 1409 996 quintam
1428 964 1454 985 et
1476 956 1608 984 decimam
1629 961 1733 983 sextam
1748 975 1757 990 ,
1778 952 1873 981 eadem

1133 1016 1186 1044 qua
1208 1015 1289 1044 supra
1301 1004 1335 1032 de
1349 1014 1438 1037 causa,
1455 1002 1542 1040 rejicit
1559 999 1759 1029 Tillemontius.
1777 1000 1811 1026 At
1825 1008 1876 1026 ne-

1135 1051 1189 1080 scio
1204 1062 1257 1089 quo
1271 1057 1348 1089 pacto
1362 1049 1491 1087 intelligat
1503 1047 1571 1075 illud
1584 1047 1610 1074 in
1622 1047 1672 1074 hac
1685 1044 1797 1073 homilia
1808 1044 1874 1072 duo-

1134 1097 1238 1127 decima
1252 1107 1326 1125 num.
1347 1098 1359 1124 1
1382 1107 1387 1123 :
1408 1107 1421 1121 «
1437 1094 1539 1124 Tribus
1553 1092 1637 1130 igitur
1653 1090 1797 1130 praeteritis
1816 1090 1877 1118 die-

1134 1144 1184 1172 bus
1205 1153 1288 1171 unum
1305 1141 1464 1180 cognitionis
1485 1140 1534 1168 Dei
1552 1137 1662 1166 modum
1680 1136 1875 1174 quaerebamus,

1135 1190 1275 1228 ipsumque
1304 1189 1330 1216 in
1358 1187 1438 1215 finem
1466 1184 1646 1220 deduximus,
1671 1184 1875 1221 interpretantes

1134 1234 1268 1273 quomodo
1285 1234 1358 1262 Caeli
1370 1237 1509 1261 enarrant
1524 1231 1648 1269 gloriam
1665 1230 1720 1257 Dei
1730 1242 1741 1263 ‚·
1754 1235 1779 1257 et
1799 1228 1878 1266 quale

1135 1281 1167 1308 sit
1185 1281 1260 1309 Pauli
1280 1280 1394 1313 dictum,
1418 1277 1590 1306 Invisibilia
1602 1278 1692 1314 ipsitcs
1707 1285 1726 1303 a
1741 1281 1878 1303 creatura

1136 1327 1238 1354 mandi
1251 1336 1302 1364 per
1312 1335 1355 1357 ea.
1372 1323 1530 1363 quoefacta
1544 1328 1621 1356 sunt,
1637 1321 1790 1349 intellecta
1804 1330 1877 1348 con-

1136 1374 1314 1410 spiciuntur.-
1330 1377 1354 1398 et
1376 1368 1619 1398 demonstravimus
1634 1366 1768 1405 quomodo
1784 1377 1798 1394 a
1812 1376 1881 1394 crea-

1137 1425 1196 1446 tura
1213 1417 1317 1451 mundi,
1330 1424 1355 1444 ct
1370 1415 1504 1454 quomodo
1521 1425 1567 1453 per
1582 1414 1677 1442 caelum
1696 1420 1721 1441 et
1737 1419 1834 1441 terram
1854 1419 1880 1440 et

1136 1475 1210 1493 mare
1223 1465 1332 1492 Creator
1347 1462 1520 1501 glorificetur.
1538 1460 1626 1488 Hodie
1642 1470 1714 1493 vero,
1728 1472 1742 1485 ³>
1759 1466 1809 1487 etc.
1827 1458 1878 1487 Hic

1137 1511 1232 1539 seriem
1248 1510 1330 1538 trium
1342 1507 1526 1541 homiliarum,
1539 1517 1591 1544 quo
1609 1505 1703 1533 ordine
1714 1504 1813 1533 habitae
1824 1504 1881 1532 sue-

1138 1563 1198 1584 rant
1209 1562 1269 1584 ante
1281 1554 1466 1583 duodecimam
1481 1553 1557 1580 affert
1575 1552 1793 1590 Cluysostomus,
1809 1561 1881 1579 nem-

1139 1613 1173 1641 pe
1187 1613 1273 1635 nouae,
1289 1601 1397 1629 decimze
1411 1607 1435 1628 et
1451 1599 1610 1628 undecimae.
1627 1599 1656 1626 ln
1675 1607 1743 1626 nona
1760 1607 1837 1625 num.
1861 1598 1880 1625 9

1139 1655 1327 1686 argumentum
1349 1646 1475 1675 orationis
1497 1644 1571 1684 ponit
1592 1644 1644 1672 hoc
1664 1643 1741 1671 Pauli
1762 1642 1882 1680 dictum,

1141 1694 1306 1722 Invisibilia
1332 1694 1420 1732 ipsius
1431 1715 1438 1725 ‚
1461 1699 1529 1725 etc.;
1554 1690 1676 1728 illudque
1698 1689 1884 1725 Psalmorum,

1143 1742 1216 1770 Coeli
1225 1746 1366 1768 enarrant
1374 1739 1497 1777 gloriam
1512 1738 1574 1765 Dei.
1584 1737 1613 1764 ln
1623 1735 1724 1764 decima
1735 1735 1798 1763 item
1807 1745 1882 1762 num.

1142 1788 1160 1814 ἓ
1179 1797 1205 1814 50
1223 1786 1273 1814 1100
1290 1786 1378 1824 ipsum
1399 1790 1587 1822 argumentum
1602 1780 1724 1821 persequi
1738 1780 1857 1808 declarat
1876 1792 1883 1809 ε

1142 1833 1169 1861 111
1185 1832 1324 1860 undecima
1341 1840 1447 1868 quoque
1460 1840 1535 1857 num.
1550 1831 1568 1856 Q
1584 1838 1611 1856 se
1626 1827 1712 1855 eidem
1727 1832 1884 1864 argumento

1142 1878 1262 1906 insistere
1282 1877 1450 1905 testificatur.
1474 1877 1567 1903 Annon
1592 1872 1777 1912 Chrysostomi
1804 1871 1884 1901 dictis

1143 1925 1198 1954 vim
1212 1925 1290 1953 infert
1299 1923 1500 1955 Tillemoutius,
1514 1933 1574 1950 011111
1584 1921 1716 1949 decimam
1726 1920 1794 1948 inter
1803 1926 1827 1948 et
1838 1930 1886 1948 un-

1143 1972 1275 2001 decimam
1288 1971 1346 2000 vult
1362 1970 1481 1998 interseri
1496 1968 1628 1997 decimam
1640 1969 1759 2005 quintam
1773 1973 1798 1994 et
1810 1966 1884 1994 deci-

1144 2029 1215 2047 mam
1228 2017 1352 2046 sextam?
1366 2016 1397 2044 Id
1411 2023 1497 2044 autem
1511 2015 1555 2043 ille
1568 2013 1768 2042 subdubitando
1780 2018 1886 2040 tantum

1144 2064 1268 2104 proponit
1281 2063 1307 2091 in
1323 2070 1384 2091 nota
1393 2064 1432 2091 029
1449 2061 1481 2089 ad
1499 2061 1592 2090 Vitam
1607 2058 1752 2087 Theodosii
1766 2058 1885 2096 Impera-

1144 2111 1209 2139 toris
1221 2121 1246 2138 11.
1261 2110 1308 2145 10,
1323 2110 1352 2136 11
1372 2115 1397 2136 et
1415 2118 1499 2145 seqq,
1514 2107 1662 2143 fateturque
1673 2114 1734 2132 eum
1746 2114 1824 2140 quem
1838 2113 1885 2131 nos

1145 2156 1287 2184 statuimus
1299 2153 1421 2182 ordinem
1438 2152 1508 2180 clare
1521 2162 1534 2179 a
1547 2151 1739 2189 Chrysostomo
1751 2149 1863 2177 indicari
1877 2161 1883 2176 :

1145 2202 1190 2231 sed
1206 2202 1294 2230 1105010
1309 2211 1361 2239 (1110
1376 2206 1453 2239 pacto
1466 2199 1501 2227 ab
1515 2198 1607 2225 codem
1622 2197 1680 2235 ipso
1692 2195 1784 2224 ordine
1796 2202 1886 2234 postea

1145 2248 1274 2277 discedat.
1290 2247 1421 2274 Caeterum
1439 2256 1500 2273 cum
1515 2243 1579 2272 dicit
1599 2242 1819 2281 Chrysostomus,
1835 2243 1886 2269 tri-

1147 2297 1198 2323 hus
1214 2295 1366 2332 praeteritis
1386 2292 1497 2323 diebus,
1513 2300 1564 2318 non
1580 2287 1740 2326 intelligitur
1753 2286 1786 2315 de
1798 2287 1886 2315 tribus

1146 2339 1286 2379 postremis
1308 2337 1402 2366 diebus
1424 2337 1450 2364 in
1473 2336 1572 2373 quibus
1594 2334 1693 2362 scilicet
1715 2333 1887 2360 concionatus

1147 2393 1210 2415 erat.
1227 2387 1255 2413 Iu
1274 2385 1324 2412 hac
1337 2385 1398 2411 item
1413 2382 1523 2410 homilia
1543 2379 1710 2413 duodecima,
1720 2389 1779 2417 quae
1794 2378 1885 2406 habita

1146 2439 1185 2461 est
1204 2431 1269 2460 seria
1290 2430 1366 2458 tertia
1381 2436 1481 2467 quartae
1503 2426 1679 2456 hebdomadis
1700 2424 1886 2462 Quadragesi-

1148 2489 1209 2511 mir,
1224 2477 1309 2505 eidem
1326 2475 1423 2504 insistit
1440 2473 1581 2513 hypothesi
1600 2472 1633 2500 de
1648 2470 1777 2510 sapientia
1793 2470 1842 2499 Dei
1857 2469 1885 2498 111

1150 2523 1244 2552 mundi
1259 2522 1367 2561 opificio
1380 2534 1385 2549 :
1407 2528 1495 2560 postea
1511 2520 1566 2558 agit
1583 2519 1687 2558 dejure
1699 2517 1823 2552 naturali,
1838 2527 1888 2544 011-

1148 2571 1193 2609 jus
1207 2569 1385 2608 cognitionem
1400 2569 1472 2596 Deus
1484 2565 1586 2595 homini
1600 2564 1708 2600 indidit,
1718 2563 1803 2601 deque
1812 2563 1888 2601 jura-

1152 2623 1240 2646 mento
1255 2614 1372 2645 vitando.
