1910 2907
24 670 52 692 T.
59 670 138 699 :quse
145 676 150 691 ι
158 686 163 691 .

24 711 43 724 C.

24 851 52 873 T.
64 858 114 880 eq·-
125 851 165 881 59.

27 1314 166 1343 T.6.p.29s.

26 1458 168 1511 ff-6.p.297.

50 2203 79 2224 T.
95 2209 130 2224 ιι.
142 2212 164 2232 p.

27 2234 80 2257 506.
91 2242 111 2255 c.

521 218 592 247 QUE
618 219 651 241 IN
679 220 836 243 OPEntssth
863 221 1095 244 ettttYSOSTom
1122 221 1377 244 onstznvrtNTt‘n.

1647 226 1715 260 220

818 433 995 462 DIATRIBA
1019 435 1068 464 tv.

776 537 968 566 Miscellanea
993 538 1114 566 multa.*

216 662 315 690 Narrat
328 661 546 701 Chrysostomus,
564 671 612 689 suo
629 670 687 689 aevo
699 666 785 688 totum
800 659 890 688 orbem
904 681 912 694 v

177 706 216 736 sic
226 707 281 743 ille,
296 707 331 736 ad
342 707 477 736 Bethleem
490 707 660 743 confluxisse,
675 716 727 734 non
743 705 795 733 alia
809 704 842 733 de
854 714 915 732 cau-

176 764 205 782 sa
216 776 224 788 ‚
239 764 319 792 quam
333 761 362 782 ut
376 753 465 782 locum
477 753 599 782 viderent
612 753 660 781 ubi
678 758 754 780 natus
766 750 916 790 repositus-

177 809 228 837 que
242 800 327 828 suerat
344 800 475 828 Christus.

218 846 260 874 De
275 846 337 875 Jobi
355 846 418 874 fimo
428 845 484 873 haec
495 854 623 884 perquam
638 842 785 882 singularia
803 842 914 881 profert:

178 905 192 919 «
204 892 286 921 Multi
302 902 371 920 nunc
383 892 488 929 longam
500 897 526 918 et
539 890 745 918 transmarinam
758 888 916 928 peregrina-

177 939 275 967 tionem
292 949 306 966 a
322 945 397 966 terrae
411 937 511 965 sinibus
530 936 556 964 in
570 935 698 964 Arabiam
711 934 872 973 suscipiunt,
888 939 916 961 nt

177 986 272 1014 fimum
287 985 365 1013 illum
376 991 492 1018 cernant,
502 990 527 1012 et
541 983 685 1022 conspicati
701 989 799 1011 terram
809 981 918 1010 deoscu-

176 1032 274 1067 lentur,
285 1042 345 1069 quae
358 1030 431 1059 illius
445 1030 556 1058 victoris
571 1029 715 1057 certamina
741 1035 766 1057 et
795 1038 916 1056 cruorem

177 1078 250 1107 omni
264 1089 330 1106 auro
341 1077 522 1116 pretiosiorem
539 1076 664 1115 suscepit.
673 1077 766 1114 Neque
779 1075 849 1103 enim
860 1082 917 1103 tan-

178 1131 235 1153 tum
248 1123 365 1152 radiaret
377 1133 508 1162 purpura,
520 1129 651 1160 quantum
663 1121 733 1149 illud
745 1131 841 1160 corpus
853 1127 917 1149 tnnc

178 1169 378 1209 resplendebat,
404 1179 456 1197 non
478 1168 565 1196 alieno
577 1189 584 1201 ‚
599 1167 645 1196 sed
669 1167 778 1206 proprio
802 1167 917 1195 tinctum

179 1216 316 1254 sanguine.
329 1215 427 1245 Ulcera
444 1224 508 1242 vero
523 1214 568 1244 illa
582 1213 693 1252 gemmis
709 1213 920 1242 omnibuserant

179 1262 314 1291 cariora.»

219 1309 263 1336 Ait
288 1309 346 1348 ipse
367 1308 588 1348 Chrysostomus,
616 1306 742 1344 reliquias
769 1316 836 1334 arcae
857 1306 920 1334 Noa:

180 1356 319 1384 hactenus
343 1354 444 1383 servari
458 1354 485 1382 in
505 1353 641 1382 montibus
663 1352 793 1381 Armeniae
814 1351 848 1380 ad
869 1362 920 1380 no-

181 1408 264 1430 stram
275 1401 495 1429 admonitionem.

220 1449 278 1476 Non
301 1445 525 1486 praetermittenda
542 1453 604 1474 sunt
619 1456 678 1484 quae
701 1445 735 1473 de
748 1451 816 1472 terra
830 1444 919 1474 Sodo-

181 1505 286 1523 morum
303 1493 389 1522 dicit:
418 1505 432 1519 (ι
448 1494 552 1523 Verum
575 1493 632 1520 haec
652 1501 723 1519 nunc
740 1498 777 1519 est
799 1492 919 1519 omnium

180 1540 345 1569 desertorum
368 1539 568 1568 desertissima:
587 1545 657 1567 stant
681 1538 752 1566 enim
767 1537 875 1565 arbores
895 1544 921 1566 et

180 1587 296 1615 fructum
318 1586 431 1622 liabent,
443 1592 469 1614 at
483 1586 585 1613 fruetus
598 1585 642 1612 ille
659 1585 703 1612 irae
717 1583 817 1612 divinae
831 1584 919 1611 moni-

180 1639 298 1660 mentum
312 1638 452 1661 estzstant
474 1632 655 1670 malogranata
675 1630 828 1669 splendida,
852 1631 919 1659 facie

180 1690 254 1718 spem
281 1679 378 1707 bonam
406 1678 590 1717 ignorantibus
613 1677 771 1716 praebentia,
794 1677 918 1705 manibus

178 1732 267 1753 autem
281 1731 387 1764 accepta
399 1731 424 1752 et
438 1724 531 1757 fracta,
543 1723 660 1751 fructum
675 1723 782 1761 quidem
796 1722 900 1750 nullum
911 1745 918 1758 ‚

177 1770 225 1799 sed
238 1771 377 1810 pulverem
392 1769 559 1807 cineremque
580 1769 696 1797 multum
715 1769 786 1797 intus
801 1769 919 1807 positum

178 1816 313 1844 exhibent.
328 1816 404 1844 Talis
416 1822 454 1844 est
469 1822 539 1843 terra
549 1837 556 1851 ,
570 1815 635 1842 tales
653 1814 767 1853 lapides,
789 1814 848 1842 talis
864 1815 920 1853 ipse

178 1872 223 1890 aer
236 1874 242 1889 z
260 1862 348 1890 omnia
358 1861 463 1890 incensa
477 1867 548 1895 sunt,
565 1861 653 1889 omnia
666 1860 692 1888 in
708 1861 823 1888 cinerem
837 1861 916 1889 reda—

178 1914 229 1943 cta,
242 1915 419 1947 praaeterquam
434 1908 480 1935 irae
497 1907 674 1944 monimenta,
693 1907 778 1935 futuri
792 1900 919 1946 snpplicii

177 1954 285 1983 indicia.
298 1966 312 1981 »

218 2001 291 2029 Dicit
305 2000 385 2029 etiam
396 2000 490 2028 doctor
508 2006 605 2035 noster,
620 2010 634 2028 a
651 1999 778 2028 decennio
795 2000 916 2029 homines

176 2054 344 2086 peccatorum
361 2047 490 2075 rationem
501 2046 653 2080 reddituros
663 2057 737 2083 esse;
755 2059 768 2073 ιι
782 2048 818 2075 Ut
828 2047 916 2086 palam

175 2094 286 2130 faciunt,
297 2106 310 2120 υ
325 2093 413 2133 pergit
431 2093 486 2129 ille,
500 2105 513 2119 «
525 2093 611 2132 pueri,
626 2092 672 2130 qui
692 2093 764 2131 quod
786 2093 916 2122 Etisaeum

177 2139 288 2168 irridere
301 2140 360 2168 ausi
368 2146 464 2175 essent,
478 2139 512 2167 ab
526 2139 595 2167 ursis
609 2138 730 2167 devorati
745 2145 816 2166 sunt.
832 2151 845 2165 n

218 2188 257 2214 De
273 2186 412 2220 mendicis,
429 2196 481 2224 quo
496 2192 573 2224 pacto
588 2185 690 2213 seilicet
711 2191 773 2212 tnnc
789 2184 917 2223 temporis

178 2233 272 2272 stipem
290 2239 419 2271 cogerent,
441 2232 524 2260 multa
545 2231 620 2267 dicit,
641 2241 699 2269 quae
719 2241 771 2259 non
791 2238 853 2259 sunt
876 2231 917 2258 si-

177 2279 258 2307 lentio
274 2278 466 2317 praetereunda.
485 2278 623 2317 Principio
641 2277 751 2315 quidem
776 2277 891 2305 mendici
906 2299 914 2314 ,

180 2332 209 2353 ut
230 2335 245 2352 a
265 2325 486 2364 praetereuntibus
500 2334 584 2352 unum
599 2323 642 2352 vel
654 2323 721 2352 duos
736 2323 828 2352 obolos
843 2323 916 2351 acci—

179 2377 281 2410 perent,
298 2381 345 2409 per
359 2371 506 2398 Dominum
518 2369 696 2409 adjurabant,
710 2376 738 2397 ut
752 2376 854 2397 metum
868 2370 913 2397 in-

212 2474 226 2487 *
237 2473 278 2504 [In
289 2472 336 2496 lioc
350 2478 374 2496 et
383 2473 510 2504 sequentia
522 2474 603 2504 capita
613 2472 660 2496 cfr.
672 2471 775 2496 doctam
786 2472 920 2497 Commen-

180 2514 302 2537 tationem
315 2511 404 2537 histor.
417 2511 448 2536 de
460 2512 542 2544 genio,
553 2511 666 2535 moribus
679 2518 704 2536 et
715 2512 773 2535 luxu
786 2511 922 2536 zev't'l'beo-

179 2551 287 2583 dosiaui‚
302 2558 404 2575 auctore
416 2552 489 2576 Petro
513 2552 617 2575 Erasmo
631 2551 727 2576 Mijller.
743 2551 802 2575 Pars
816 2553 837 2575 t.
853 2553 921 2575 Hav-

180 2592 226 2615 niae
242 2593 313 2615 ⁴797.
325 2592 359 2614 8⁶.
372 2592 431 2614 Pars
442 2591 595 2615 11.1793.Ei
607 2599 662 2614 cum
676 2590 753 2623 ipsius
769 2591 923 2615 Monif.dta-

181 2628 246 2654 triba
259 2630 307 2654 cfr.
321 2639 396 2662 quam
411 2630 479 2654 idem
492 2639 516 2654 v.
531 2629 556 2654 d.
571 2631 754 2662 conscripserat
768 2637 922 2655 commenta-

974 665 1104 694 cuterent,
1119 660 1252 699 praecipue
1267 663 1395 691 matronis
1409 670 1434 692 et
1448 664 1554 702 puellis,
1569 674 1628 701 quse
1643 674 1714 703 opu-

973 703 1061 732 leutiae
1072 707 1186 743 speciem
1196 716 1251 744 prae
1267 716 1293 734 se
1306 707 1425 736 ferebant
1438 720 1444 735 ε
1460 709 1504 736 sed
1522 719 1584 737 cum
1609 709 1658 737 bac
1671 710 1714 738 via

974 760 1070 788 parum
1082 750 1124 779 vel
1139 751 1207 779 nihil
1226 753 1445 791 expiscarentur,
1464 754 1539 782 aliud
1556 755 1692 783 tentabant
1706 777 1713 791 ‚

975 795 1048 833 quod
1067 797 1105 824 sic
1121 796 1250 835 exprimit
1263 798 1471 838 Chrysostomus
1485 811 1490 827 :
1507 812 1520 826 «
1538 801 1605 828 Nam
1622 800 1714 838 quoni-

974 852 1017 869 am
1029 842 1119 871 verbis
1141 850 1244 871 utentes
1256 844 1460 874 vehementibus
1480 853 1505 874 et
1519 847 1626 874 acribus
1639 869 1647 879 ,
1664 857 1715 875 non

974 895 1088 927 tangunt
1103 890 1241 927 animnm;
1259 890 1295 919 ad
1311 891 1379 920 hanc
1394 892 1466 920 viam
1485 899 1648 932 properant,
1669 903 1716 932 per

975 945 1056 972 quam
1068 935 1186 964 maxime
1197 936 1340 974 delectant,
1360 945 1385 966 et
1397 949 1457 967 eum
1478 939 1524 977 qui
1540 946 1577 967 est
1594 939 1620 967 in
1641 939 1716 967 cala-

975 981 1066 1010 mitate
1080 989 1104 1010 et
1116 982 1187 1010 fame
1199 983 1345 1020 cruciatur,
1369 985 1440 1022 cogit
1456 985 1615 1024 improbitas
1628 992 1715 1013 nostra

974 1028 1123 1056 encomium
1140 1027 1229 1057 dicere
1241 1040 1247 1056 τ
1260 1036 1285 1057 et
1298 1029 1400 1058 utinam
1413 1030 1463 1058 hoc
1475 1030 1560 1058 solum
1572 1029 1579 1060 !
1597 1029 1641 1058 sed
1654 1030 1716 1058 alte-

975 1085 1035 1102 rum
1048 1085 1154 1113 quoque
1170 1085 1251 1114 genus
1275 1075 1325 1104 hoc
1339 1076 1474 1112 acerbius,
1489 1087 1583 1115 nempe
1607 1077 1716 1115 praesti-

975 1121 1088 1159 giatores
1100 1122 1170 1160 cogit
1183 1133 1237 1150 esse
1251 1133 1389 1162 pauperes,
1403 1133 1506 1151 scurras
1518 1130 1543 1150 et
1556 1122 1639 1150 risum
1660 1132 1718 1150 [110-

976 1174 1077 1196 ventes.
1095 1168 1212 1203 Quando
1227 1169 1296 1196 enim
1313 1169 1418 1204 calices,
1440 1168 1598 1197 hederaceas
1614 1175 1717 1208 pateras

977 1220 1001 1241 et
1014 1213 1109 1252 pocula
1124 1213 1218 1253 digitis
1233 1215 1348 1243 inserens
1365 1222 1389 1243 et
1408 1217 1555 1254 imponens,
1565 1215 1633 1243 ludit
1643 1226 1717 1255 cym-

976 1259 1046 1287 balis
1055 1283 1061 1295 ⁷
1076 1267 1101 1287 et
1118 1260 1235 1289 fistulam
1248 1261 1349 1289 habens
1360 1285 1366 1297 ,
1378 1263 1469 1300 turpia
1479 1262 1580 1289 cantica
1594 1269 1617 1290 rt
1629 1272 1719 1290 amore

978 1305 1053 1344 plena
1070 1316 1118 1345 per
1137 1317 1195 1334 eam
1210 1314 1288 1335 cantu
1301 1314 1326 1335 et
1350 1318 1416 1336 voce
1433 1308 1531 1336 clamat
1543 1320 1550 1334 :
1567 1315 1627 1336 tunc
1640 1308 1719 1336 multi

977 1352 1166 1387 circumstant,
1184 1359 1209 1380 et
1229 1353 1275 1381 alii
1300 1353 1409 1391 quidem
1431 1354 1545 1381 frustum
1565 1354 1657 1392 panis,
1672 1354 1718 1382 alii

978 1408 1040 1426 vero
1055 1398 1181 1435 obolum,
1193 1399 1238 1426 alii
1252 1399 1392 1438 quidpiam
1405 1399 1479 1427 aliud
1493 1400 1621 1439 prfflbent„
1633 1407 1658 1429 ct
1670 1400 1717 1428 diu

977 1445 1100 1478 retinent,
1115 1452 1140 1473 et
1152 1445 1320 1474 delectantur
1334 1446 1384 1475 viri
1396 1452 1420 1474 et
1442 1446 1566 1474 mulieres
1581 1458 1586 1473 :
1602 1445 1668 1484 quid
1681 1453 1719 1474 est

978 1491 1028 1520 hoc
1042 1492 1151 1530 gravius
1161 1492 1174 1520 f*
1184 1505 1196 1518 n

1011 1538 1056 1567 Ex
1071 1538 1199 1566 mendicis
1209 1538 1358 1566 autemillis
1371 1538 1483 1576 quidam
1492 1537 1607 1577 improbi
1620 1549 1650 1566 ac
1663 1549 1717 1566 scc-

976 1583 1035 1612 lesti
1046 1591 1131 1618 erant,
1144 1583 1177 1612 de
1194 1584 1292 1622 quibus
1303 1584 1339 1612 ait
1350 1584 1578 1623 Chrysostomus:
1595 1596 1608 1610 «
1624 1587 1717 1612 Annon
1728 1600 1769 1622 TU,
1786 1602 1866 1629 μνᾶ

976 1629 1052 1659 vides
1071 1630 1257 1658 mendicorum
1268 1630 1399 1669 plurimos
1415 1631 1483 1659 inter
1495 1640 1631 1669 pressuras
1647 1631 1717 1670 ipsas
1728 1640 1746 1653 ⁹--
1760 1634 1782 1654 d.
1831 1625 1835 1631 ’

976 1683 1001 1704 et
1013 1677 1153 1715 angustias
1168 1677 1307 1704 innumera
1326 1683 1508 1716 perpetrantes
1523 1677 1629 1713 scelera,
1651 1688 1718 1715 quo-

975 1733 1034 1750 rum
1052 1729 1137 1750 tamen
1151 1723 1271 1750 omnium
1286 1733 1364 1751 causa
1375 1733 1426 1751 non
1443 1723 1554 1751 afflictio
1575 1730 1718 1762 pauperta-

974 1767 1009 1796 tis
1021 1774 1069 1802 est,
1087 1768 1132 1796 scd
1146 1768 1200 1796 sola
1221 1768 1362 1806 nequitia?
1378 1768 1477 1797 Audivi
1497 1778 1544 1806 ego
1565 1768 1714 1806 quosdam,

975 1814 1021 1851 qni
1032 1813 1150 1841 dicerent
1164 1814 1320 1852 hujusmodi
1337 1813 1457 1841 homines
1470 1814 1609 1841 mulierem
1619 1825 1716 1852 qnam-

974 1860 1037 1888 dam
1048 1860 1185 1888 honestam
1198 1867 1223 1888 et
1244 1860 1328 1888 forma
1349 1859 1455 1887 liberali
1471 1860 1497 1887 in
1512 1859 1657 1888 solitudine
1669 1871 1717 1889 na-

974 1913 1049 1942 ctos,
1071 1906 1094 1934 ei
1118 1906 1250 1935 violenter
1268 1916 1298 1933 ac
1313 1905 1463 1944 petulanter
1486 1905 1610 1935 illusisse.
1634 1908 1717 1945 Atqui

975 1964 1027 1991 qna
1048 1953 1219 1988 necessitate,
1245 1962 1297 1989 qua
1317 1951 1466 1979 calamitate
1487 1951 1521 1979 ad
1545 1952 1595 1980 hoc
1613 1952 1716 1981 inducti

974 2000 1056 2027 sunti'
1069 2011 1082 2026 υ

1014 2046 1089 2074 Alios
1104 2045 1183 2073 etiam
1198 2051 1326 2073 memorat
1343 2047 1554 2082 marsupiorum
1569 2052 1692 2074 sectores
1705 2069 1713 2083 ,
1725 2071 1744 2092 Τ
1761 2078 1767 2092 ι
1793 2081 1798 2092 1
1812 2075 1821 2090 f

974 2091 1019 2129 qui
1037 2091 1063 2119 in
1079 2091 1218 2119 ecelesiam
1234 2090 1442 2124 conveniebant,
1461 2097 1490 2118 ut
1505 2101 1565 2119 cum
1583 2091 1713 2120 divitibus
1724 2088 1753 2124 h..
1774 2081 1864 2103 ’μηθ’

974 2139 1000 2166 in
1012 2138 1138 2166 concione
1151 2137 1312 2173 intermixti,
1331 2148 1485 2166 crumenam
1499 2145 1525 2167 et
1538 2149 1633 2168 aurum
1649 2139 1715 2179 ipsis

974 2186 1151 2224 subriperent.

1015 2233 1110 2260 Narrat
1122 2231 1230 2261 Judaeos
1245 2231 1375 2270 templum
1390 2242 1469 2260 suum
1481 2238 1630 2260 restaurare
1645 2243 1715 2272 smpe
1725 2263 1743 2283 T
1811 2262 1817 2274 Γ

974 2278 1069 2306 frustra
1086 2277 1245 2313 tentavisse;
1261 2277 1314 2305 imo
1323 2276 1462 2306 ,Iulianum
1478 2279 1632 2316 Apostatam
1645 2279 1713 2308 illud
1724 2263 1862 2317 „,''5}i‘1¹{⁰

973 2323 1061 2362 operis
1075 2323 1231 2361 suscepisse.
1249 2335 1262 2349 «
1280 2324 1348 2351 Nam
1363 2330 1439 2352 aetate
1454 2331 1554 2360 nostra,
1573 2338 1586 2351 n
1606 2325 1712 2363 inquit,

974 2370 1138 2408 «Imperator
1145 2369 1191 2407 qui
1200 2379 1290 2398 omnes
1297 2369 1434 2408 impietate
1443 2370 1715 2409 superabat,ctst1cul-

972 2473 1080 2504 tionem,
1093 2482 1150 2497 curn
1175 2482 1239 2497 nova
1253 2473 1364 2498 editione
1380 2474 1489 2505 Operum
1501 2473 1593 2507 Clu-ys.
1605 2484 1712 2506 occupa-

973 2518 1010 2535 tus
1021 2519 1084 2536 esset
1098 2532 1104 2541 ,
1120 2515 1163 2536 Les
1176 2513 1259 2536 modes
1272 2519 1294 2536 ez
1307 2512 1342 2535 les
1359 2521 1448 2546 usages
1458 2513 1491 2536 ‹lu
1504 2513 1579 2537 siecle
1589 2514 1620 2536 ‹le
1633 2514 1712 2537 Theo-

971 2551 1185 2583 dose-le-Gmml,
1199 2554 1317 2576 insertam
1337 2553 1360 2576 in
1375 2553 1443 2576 Actis
1463 2552 1603 2576 Academiae
1622 2553 1714 2578 Inscri-

972 2594 1086 2626 ptiouum
1096 2613 1102 2623 ,
1115 2599 1164 2617 etc.
1179 2593 1254 2616 Tom.
1266 2593 1304 2623 ¹3,
1319 2601 1343 2623 p.
1355 2591 1505 2624 474—490.]
