1910 2907
633 232 675 254 DE
704 233 780 255 vtTA
809 234 838 256 S.

161 291 337 327 ἀποστολικὴν
353 292 531 328 Ἐκκλησίαν,
550 293 674 322 τοιούτων
695 295 868 333 στερήσαντες
891 296 926 323 δι-

159 344 314 379 δασκάλων,
331 344 376 372 καὶ
390 345 538 377 πωλοῦντες
556 345 672 384 ἀργυρίῳ
687 345 733 378 τὰς
752 347 926 385 χειροτονίας,

158 395 200 428 οὓς
220 395 271 430 ἤδη
295 397 479 433 μετελεύσεται
499 400 515 432 ἡ
534 397 591 425 θεία
614 398 673 432 δίκη
696 400 731 430 εἰς
749 399 926 438 ἐπανόρθωσιν

156 450 203 483 τῆς
218 450 302 477 αὐτῶν
317 450 508 489 κακοπραγίας.
524 451 556 479 Εἴ
572 450 622 490 γὰρ
638 452 661 479 οἱ
670 451 712 479 τὸν
727 452 861 484 Μωϋσείι)ς
872 464 926 480 πα-

158 500 352 539 ραχαράξαντες
371 502 451 540 νόμον
474 502 516 530 διὰ
533 504 580 537 τῆς
596 503 662 540 ἄγαν
685 503 842 541 ἀπροσεξίας
860 515 925 543 φρα-

156 554 252 593 γελλίῳ
275 554 448 590 ἐκόέὸληνται
464 558 508 583 τοῦ
523 555 586 588 νεὼς
601 555 652 584 ὑπὸ
665 559 710 583 τοῦ
725 556 848 594 Σωτῆρος
860 577 867 590 ,
882 556 926 583 καὶ

156 608 232 635 τοῦτο
245 610 256 622 ³
268 607 393 646 σχοινίου,
407 610 442 639 ὡς
455 607 525 636 ἔνδον
538 607 585 639 τὰς
596 607 755 647 περιστερὰς
767 608 924 639 πωλοῦντες·

156 660 180 687 τί
195 660 332 689 πείσονται
348 660 399 699 ἄρα
413 662 437 688 οἱ
453 661 647 696 καπηλεύοντες
663 663 709 695 τῆς
725 660 783 692 νέας
799 659 926 695 διαθήκης

156 712 204 747 τὴν
224 713 365 752 ἱερατείαν,
382 711 399 747 ἢ
416 713 444 741 τὸ
466 713 555 752 ῥάὸὃῳ
575 714 671 752 σιδηρᾷ
691 712 861 752 συντριὸἧναι
876 712 926 740 ὑπὸ

154 770 200 795 τοῦ
215 767 419 807 ἀρχιποιμένος;
436 766 523 799 καθὼς
538 768 550 794 ὅ
566 766 711 798 ἀπόστολος
724 765 804 804 λέγει·
821 764 924 799 Ἀθετή-

156 830 203 851 σας
216 831 255 851 τις
264 819 343 856 νόμον
355 819 498 854 Μωϋσέως,
513 819 594 858 χωρὶς
606 821 749 858 οἰκτιρμῶν
765 818 808 846 ἐπὶ
819 817 890 846 δυσὶν
906 817 922 852 ἢ

156 871 226 909 τρισὶ
246 871 373 910 μάρτυσιν
395 871 566 906 ἀποθνήσκει.
592 870 673 909 Πόσῳ
693 870 792 898 δοκεῖτε
809 869 925 909 χείρονος

158 923 332 959 ἀξιωθήσεται
346 923 476 961 τιμωρίας
490 925 503 951 ὁ
520 923 562 951 τὸν
579 923 642 951 Υἱὸν
655 925 700 951 τοῦ
713 924 782 952 Θεοῦ
799 934 925 951 καταπα-

155 977 236 1011 τήσας
248 999 254 1011 ,
269 976 313 1004 καὶ
325 976 354 1004 τὸ
369 971 436 1013 αἷμα
450 977 498 1010 τῆς
510 975 638 1010 διαθήκης
649 974 733 1003 κοινὸν
749 975 926 1013 ἡγησάμενος,

867 234 925 256 ,toa
933 235 950 256 N
958 235 1009 257 Nts
1036 236 1098 258 CHR
1104 236 1280 261 Ysos'rmit.

942 456 960 478 C

942 985 960 1007 D

1656 244 1712 264 ῘΟΙ

979 297 1079 326 vatoris
1103 304 1127 326 et
1151 306 1284 338 praecepta
1301 299 1412 328 vendit:
1428 299 1525 329 deinde
1546 302 1592 340 qui
1614 312 1721 331 sacrum

978 342 1068 371 virum
1086 343 1141 372 vita
1162 352 1186 373 et
1202 345 1352 383 eloquentia
1379 354 1502 376 ornatum
1525 347 1646 385 divexat,
1672 360 1720 388 per

977 400 1056 427 quem
1067 391 1203 427 Sei-vator,
1216 393 1296 420 veluti
1312 404 1358 432 per
1373 400 1501 422 craterem
1519 401 1544 422 et
1559 405 1605 423 vas
1626 396 1722 434 pretio-

978 446 1037 463 sum
1050 458 1059 470 ,
1078 437 1153 465 verbi
1168 439 1333 467 amatoribus
1351 439 1506 479 adjumenta
1522 441 1614 469 salutis
1631 443 1720 481 propi-

978 483 1066 512 nabat.
1084 484 1128 512 llli
1143 484 1226 523 igitur
1237 487 1359 526 sacrilegi
1380 487 1504 517 dicantur
1517 511 1524 524 ‚
1535 490 1580 527 qui
1594 491 1719 528 apostoli-

977 538 1035 556 cam
1057 529 1202 558 Ecclesiam
1217 531 1364 571 depraedati
1380 540 1441 561 sunt
1457 556 1464 569 ‚
1486 534 1585 563 talibus
1600 546 1658 563 eam
1674 547 1720 574 pa-

977 574 1094 603 storibus
1105 577 1258 614 spoliantes,
1282 585 1307 606 et
1328 578 1509 608 ordinationes
1529 581 1641 619 pecunia
1659 593 1718 610 ven-

976 619 1078 655 dentes,
1093 622 1127 650 ad
1143 633 1209 660 quos
1230 625 1343 662 jamjam
1357 626 1494 664 perveniet
1512 625 1604 655 divina
1616 628 1721 665 justitia

976 667 1011 695 ad
1027 668 1238 698 emendationem
1253 670 1372 709 ipsorum
1397 672 1588 711 improbitatis.
1604 674 1633 702 Si
1649 674 1720 702 enim

977 713 1022 750 qui
1039 714 1123 751 legem
1138 716 1241 754 Moysis
1266 716 1455 746 adulterabant
1479 729 1527 756 per
1547 719 1656 748 nimiam
1675 731 1721 748 ne-

977 758 1146 797 gligentiam,
1162 771 1176 788 e
1189 762 1289 800 templo
1304 773 1318 790 a
1332 762 1474 791 servatore
1491 764 1566 802 ejecti
1583 773 1643 794 sunt
1660 776 1721 794 cum

977 804 1092 843 flagello,
1110 813 1135 834 et
1147 806 1256 844 quidem
1273 818 1287 836 e
1302 808 1445 844 funiculis,
1460 809 1523 846 quia
1538 810 1608 838 intus
1622 812 1723 840 colum-

976 851 1024 878 bas
1046 851 1213 881 vendebant:
1228 853 1292 890 quid
1316 854 1356 882 illi
1373 865 1444 882 nunc
1458 855 1563 894 passuri
1579 863 1660 892 sunt,
1675 859 1721 895 qui

977 905 1162 936 cauponantur
1185 899 1248 928 novi
1269 901 1432 929 Testamenti
1454 901 1651 938 sacerdotium,
1672 903 1722 932 nisi

976 950 1006 972 ut
1022 955 1035 971 a
1054 951 1191 983 pastorum
1205 946 1329 986 principe
1339 947 1416 986 virga
1432 948 1516 976 ferrea
1531 951 1723 978 conterantur?

977 996 1006 1018 ut
1034 991 1071 1018 ait
1095 992 1232 1030 apostolus
1251 1004 1257 1019 :
1274 994 1330 1030 Qui
1352 994 1449 1022 violat
1475 995 1565 1034 legem
1578 996 1695 1032 stloysis
1711 1018 1719 1032 ‚
1734 1005 1802 1025 Heln:
1815 1012 1851 1027 to.

976 1038 1086 1076 absque
1097 1039 1297 1067 misericordia
1319 1041 1370 1067 sub
1383 1040 1495 1068 dnobus
1510 1047 1562 1068 aut
1577 1043 1669 1070 trihus
1686 1048 1725 1070 te·
1734 1035 1772 1057 ²⁸·

976 1084 1069 1112 stibus
1084 1085 1218 1112 moritur.
1236 1084 1344 1119 Quanto
1356 1085 1458 1124 putatis
1470 1085 1605 1114 acerbiore
1625 1087 1724 1125 dignus

976 1129 1128 1157 censebitur
1153 1140 1231 1168 poena
1257 1131 1304 1168 qui
1328 1131 1376 1159 Dei
1402 1131 1504 1160 Filium
1535 1133 1702 1163 conculcavit

977 1181 1001 1202 et
1021 1175 1176 1213 sanguinem
1201 1176 1366 1204 Testamenti
1392 1177 1527 1216 pollutum
1539 1178 1724 1217 existimavit,

976 1220 1003 1248 in
1016 1231 1068 1258 quo
1081 1221 1264 1250 sanctificatus
1276 1229 1323 1258 est,
1337 1228 1362 1251 et
1383 1223 1515 1262 Spiritum
1527 1225 1619 1262 gratize
1635 1232 1722 1253 contu-

977 1266 1056 1294 melia
1090 1267 1208 1295 affecit?
1222 1268 1330 1297 Scimus
1362 1269 1433 1297 enim
1464 1270 1511 1307 qui
1533 1269 1623 1300 dicit:
1647 1272 1852 1301 Milzinum.12.

977 1312 1122 1348 vindicta,
1136 1323 1187 1349 ego
1201 1316 1370 1349 retribuam,
1386 1315 1459 1343 dicit
1472 1316 1629 1345 Dominus.
1646 1318 1724 1345 Hor·
1736 1317 1806 1364 ἔξω.
1826 1348 1861 1363 ω.

977 1355 1098 1386 ree'zdum
1113 1365 1156 1386 est
1183 1360 1311 1387 incidere
1326 1361 1358 1388 in
1385 1370 1490 1388 manus
1516 1361 1574 1389 Dec·
1586 1363 1723 1392 viventis.
1737 1374 1776 1396 31.

979 1404 1051 1432 Deus
1067 1411 1156 1432 autem
1171 1404 1217 1442 qui
1227 1404 1298 1433 hunc
1309 1405 1384 1444 pium
1398 1412 1424 1434 et
1438 1412 1559 1434 sanctum
1571 1414 1706 1446 pastorem
1717 1431 1726 1442 ,

979 1450 1128 1488 etjustitiae
1156 1450 1289 1479 luminare
1311 1452 1489 1490 glorificavit,
1513 1452 1558 1480 det
1578 1453 1634 1491 ipse
1650 1454 1727 1482 nobis

980 1503 1083 1535 partem
1099 1502 1124 1524 et
1146 1496 1324 1525 hereditatem
1348 1508 1409 1525 cum
1432 1497 1478 1526 illo
1503 1497 1622 1526 invenire
1634 1499 1660 1527 in
1675 1506 1728 1528 tre-

981 1542 1077 1570 mendo
1089 1542 1155 1581 justi
1168 1542 1267 1580 judicii
1288 1543 1329 1571 sui
1341 1542 1386 1571 die
1403 1553 1410 1571 ε
1427 1543 1471 1571 cui
1486 1543 1612 1582 competit
1625 1544 1708 1582 gloria
1719 1569 1727 1579 ,

982 1588 1076 1623 honor,
1101 1588 1224 1627 majestas
1240 1595 1264 1616 et
1293 1589 1508 1628 magnificentia,
1523 1589 1595 1617 Patri
1617 1597 1642 1618 et
1658 1591 1728 1619 Filio

982 1640 1007 1662 et
1033 1633 1148 1673 Spiritui
1172 1640 1273 1671 sancto,
1288 1645 1358 1663 nunc
1372 1641 1397 1663 et
1419 1645 1537 1674 semper,
1549 1641 1574 1663 et
1589 1635 1616 1663 in
1633 1636 1728 1664 saecula

988 1680 1157 1708 saeculorum.
1171 1682 1267 1710 Amen.

155 1029 182 1056 ἐν
197 1024 218 1068 ᾧ
231 1028 357 1067 ἡγιάσθη,
368 1027 413 1056 καὶ
427 1027 456 1055 τὸ
469 1030 573 1065 πνεῦμα
589 1029 635 1062 τῆς
649 1027 757 1066 χάριτος
772 1026 926 1065 ἓνυὸρίσας;

155 1081 274 1118 Οἴδαμεν
292 1080 342 1119 γὰρ
361 1079 404 1108 τὸν
421 1079 535 1108 εἰπόντα·
553 1079 633 1116 Ἐμοὶ
648 1078 798 1114 ἐκδίκησις,
812 1078 864 1117 ἐγὼ
882 1080 928 1107 ἀν-

156 1132 320 1168 ταποδώσω,
337 1132 409 1171 λέγει
428 1131 534 1171 Κύριος.
554 1131 674 1170 Φοὲερὸν
697 1131 727 1159 τὸ
745 1132 869 1169 ἐμπεσεῖν
892 1132 928 1163 εἷς
1716 1156 1724 1170 ⁷

157 1189 248 1224 χεῖρας
264 1186 334 1214 Θεοῦ
349 1183 496 1218 ζῶντος.(Ο
508 1184 534 1213 δὲ
549 1184 592 1212 τὸν
604 1183 674 1212 ὅσιον
689 1186 779 1211 τοῦτον
793 1184 837 1212 καὶ
854 1183 926 1222 ἅγιον

158 1237 271 1275 ποιμένα
288 1237 333 1265 καὶ
343 1239 390 1272 τῆς
403 1236 570 1271 δικαιοσύνης
583 1237 711 1275 φωστῆρα
724 1235 834 1268 δοξάσας
844 1236 926 1272 Θεὸς,

122 1313 128 1318 .
158 1289 213 1328 δῴη
234 1292 298 1327 ἡμῖν
319 1289 396 1327 μέρος
415 1289 432 1323 ἢ
449 1289 545 1327 κλῆρον
571 1290 653 1327 εὑρεῖν
675 1287 719 1317 σὺν
742 1289 813 1326 αὐτῷ
843 1290 868 1316 ἐν
893 1291 926 1326 τῇ

158 1341 257 1382 φοὲερᾷ
279 1343 358 1370 αὐτοῦ
381 1344 427 1376 τῆς
447 1340 639 1379 δικαιοκρισίας
663 1339 762 1380 ἡμέρᾳ·
786 1336 807 1379 ᾧ
831 1340 927 1379 πρέπει

159 1395 229 1431 δόξα,
241 1394 316 1432 τιμὴ,
332 1393 506 1433 μεγαλωσύνη
522 1393 567 1421 καὶ
581 1393 795 1431 μεγαλοπρέπεια
812 1395 850 1432 τῷ
865 1394 927 1421 Πα-

158 1447 210 1486 τρὶ,
222 1446 266 1475 καὶ
280 1448 317 1485 τῷ
334 1447 391 1484 Υἱῷ
404 1446 448 1474 καὶ
460 1447 497 1484 τῷ
516 1445 582 1484 ἁγίῳ
596 1445 747 1482 Πνεύματι,
760 1447 803 1472 νῦν
818 1445 863 1473 καὶ
877 1445 927 1481 ἀεὶ,
944 1460 962 1482 E

158 1499 202 1527 καὶ
218 1499 254 1532 εἷς
268 1498 326 1532 τοὺς
339 1500 436 1530 αἰῶνας
447 1499 499 1525 τῶν
513 1497 623 1526 αἰώνων.
639 1497 730 1535 Ἀμήν.

192 1791 202 1803 ¹¹
219 1784 392 1816 [Inseruiuxus
408 1793 421 1809 e
441 1783 505 1810 Cod.
517 1784 632 1818 σχοινίου]

635 2143 1277 2163 π-ἶ--ὒρνῷμ
