1884 2922
749 227 848 251 INDEX

100 285 233 324 justitiam
247 287 348 325 ejus.v.
363 292 408 316 89.
424 299 448 317 ε.
467 288 622 317 Gratiarum
643 289 711 317 actio
730 290 845 328 amplio-

103 340 159 358 rem
172 337 338 369 promeretur
354 331 478 369 gratiam.
495 339 515 360 I.
532 337 595 361 206.
614 344 638 360 A.
656 333 712 361 111ae
724 344 781 371 quae
796 344 846 372 pro

101 372 179 401 bonis
201 384 260 412 quae
273 374 332 402 aliis
346 376 518 404 conseruntur
537 376 681 404 eliciuntur
692 399 700 411 ‚
726 384 845 405 mutuam

100 417 236 444 caritatem
261 424 358 455 augent
378 418 530 456 foventque.
550 426 583 448 X.
606 424 670 448 505.
698 431 724 448 e.
751 431 778 448 D.
796 427 843 450 xl.

102 461 178 488 657⁶.
198 471 224 488 F.
252 461 357 498 Dcique
381 461 594 491 benevolentiam
623 463 772 492 attrabunt.
796 471 841 492 Ix.

102 508 167 532 474.
183 515 209 532 c.
224 505 333 543 Duplex
346 505 492 543 gratiarum
503 506 581 535 actio.
598 513 630 535 V.
646 512 708 536 376.
723 508 773 536 Per
785 518 845 537 con-

100 546 240 576 sessionem
261 549 405 586 aliquando
427 550 575 588 gratiarum
600 551 715 580 actiones
737 552 845 591 signifi-

100 598 202 619 cantur.
219 600 263 621 lx.
280 597 343 620 537.
361 604 384 621 15.

139 636 248 664 Gratias
260 644 364 674 agentes
379 637 461 665 sancti
477 638 575 666 multos
586 638 704 667 solebant
713 649 844 667 accersere

99 678 260 707 laudationis
272 680 366 709 socios.
385 687 416 708 V.
435 685 499 709 589.
522 692 548 710 Α.
568 682 726 710 Gratiarum
740 683 842 711 actione

99 723 236 751 concludit
251 724 340 752 DavId
359 724 458 752 librum
477 725 657 754 psalmorum.
671 733 702 755 v.
718 731 781 755 603.

139 771 294 800 Gratiarum
319 771 387 799 actio
408 779 467 810 post
492 783 594 801 sacram
616 774 740 813 synaxim
762 784 842 811 quam

99 815 257 843 neccssaria.
283 822 315 844 II.
333 820 397 845 442.
415 821 479 844 443.
508 817 575 855 Ejus
593 818 701 846 amissio
716 828 766 846 non
787 829 843 847 me-

97 857 215 886 diocrem
240 865 403 887 contemtum
417 859 505 888 habet.
526 867 559 888 ΙΙ.
574 865 637 889 442.
654 871 681 890 Ε.
698 861 763 890 Illos
778 873 841 901 per-

98 902 206 940 stringit
220 901 443 940 Cbrysostomus,
461 903 508 940 qui
529 903 639 931 domum
654 904 764 933 redeunt
782 912 842 934 ante

98 945 244 983 gratiarum
266 945 397 974 actionem
418 947 515 974 factam
530 947 624 976 :Judae
647 949 778 987 proditori
797 960 840 978 eos

98 988 197 1017 similes
215 989 289 1018 dicit.
301 996 333 1018 ΙΙ,
345 994 408 1018 442.
421 1002 447 1019 Α.
464 1001 488 1020 n.

138 1037 255 1065 GuATcs
267 1037 372 1065 animus
380 1038 437 1065 Deo
448 1038 564 1066 maxime
576 1039 673 1078 placet.
689 1045 837 1071 1v.588.11.

99 1087 132 1108 Υ.
143 1084 206 1108 378.
217 1081 318 1109 1³.Deus
329 1081 398 1109 nibil
410 1082 445 1109 ita
456 1088 537 1116 amat.
553 1089 580 1110 ut
591 1091 696 1122 gratum
707 1084 837 1113 animum.

97 1131 132 1153 x.
163 1129 190 1154 9.
216 1134 242 1152 c.
269 1125 346 1153 Grati
371 1125 487 1153 bominis
511 1126 598 1163 signa.
626 1134 657 1156 v.
674 1133 737 1157 151.
755 1139 783 1158 E.
808 1141 833 1157 A.

98 1172 160 1196 152.
176 1174 201 1196 et
215 1168 314 1197 officia.
333 1176 380 1200 XI.
398 1173 462 1197 350.
482 1179 510 1197 D.
529 1179 554 1197 E.
567 1170 647 1199 Grati
661 1171 744 1199 animi
764 1171 836 1200 indi-

95 1211 178 1247 cium,
193 1211 220 1240 in
235 1211 356 1240 adversis
376 1213 474 1251 gratias
488 1223 576 1251 agere.
594 1221 640 1242 IX.
658 1219 722 1244 474.
740 1225 764 1243 c.
787 1223 833 1246 XI.

96 1259 160 1283 350.
178 1266 204 1284 F..
234 1255 263 1284 Si
279 1255 312 1284 de
326 1257 464 1295 prioribus
482 1263 506 1285 et
530 1258 673 1295 praeteritis
698 1258 834 1288 beneficiis

94 1298 164 1336 grati
175 1298 312 1334 fuerimus,
323 1300 423 1339 majora
437 1299 511 1328 haud
521 1300 603 1329 dubie
611 1301 800 1338 nanciscimur,
810 1308 835 1330 et

133 1653 321 1682 Ham-merca
336 1652 501 1689 continuata,
518 1652 592 1680 millo
606 1652 730 1691 passibus
743 1652 776 1680 ab
792 1652 834 1680 in-

94 1697 182 1725 vicem
199 1696 337 1732 distincta,
352 1707 401 1735 pro
413 1695 556 1724 securitate
569 1695 674 1724 viarum
688 1695 829 1724 aedificata.

94 1747 116 1770 I.
134 1745 197 1769 232.
216 1752 242 1769 Ε.

133 1784 303 1813 flamm-cs
315 1785 473 1823 Imperator.
489 1784 562 1811 Vide
574 1784 730 1811 Anmmcs.

133 1832 202 1861 HAEc
226 1833 286 1860 dies
312 1842 399 1870 quam
412 1833 489 1872 fecit
508 1833 666 1867 Dominus,
682 1837 731 1859 etc.
755 1831 833 1860 Hunc

95 1886 203 1904 versum
218 1882 288 1904 totus
299 1876 415 1914 populus
424 1875 526 1904 solebat
539 1874 724 1903 succinere.v.
734 1879 795 1903 379.
804 1887 830 1902 A.

132 1920 367 1948 Hffimonaaoissa
392 1919 518 1948 omnibus
539 1917 719 1958 pbilosophiae
743 1918 833 1956 magi-

91 1970 157 1992 stra.
175 1970 233 1992 VII.
249 1968 313 1991 581.
330 1974 357 1992 n.

130 2012 286 2040 Hffiansms
294 2012 416 2050 impietas
424 2011 481 2050 ipso
490 2011 610 2039 daemone
620 2009 721 2038 tetrior.
732 2016 752 2038 I.
768 2014 831 2038 573.

91 2067 119 2084 13.
131 2055 250 2084 Haereses
263 2054 389 2084 divcrsae.
410 2061 469 2083 XII.
485 2058 546 2083 126.
560 2065 584 2082 Α.
600 2064 625 2081 Β.
640 2057 703 2081 127.
720 2052 830 2081 Illarum

90 2106 184 2135 mater,
198 2098 363 2138 principatus
377 2098 523 2136 cupiditas.
537 2104 571 2127 X.
585 2101 649 2126 852.
661 2107 688 2125 D·
698 2095 832 2124 oriuntur

89 2143 170 2171 etiam
186 2143 298 2171 haereses
315 2152 348 2170 ex
360 2141 516 2174 ambitione,
536 2139 651 2175 invidia,
668 2149 720 2167 uno
734 2139 830 2175 verbo,

89 2197 123 2215 ex
139 2186 242 2214 defectu
260 2186 387 2214 caritatis.
407 2193 453 2214 XI.
470 2189 534 2213 643.
554 2184 610 2212 Hoc
624 2183 704 2211 etiam
719 2183 831 2212 haereses

89 2231 247 2267 introducit,
260 2230 333 2268 quod
347 2230 551 2269 Scripturarum
567 2229 662 2267 peritia
684 2227 831 2266 negligitur

88 2273 295 2312 despiciturque.
309 2280 328 2301 I.
344 2278 408 2301 907.
424 2284 450 2301 ιι.
467 2280 513 2301 111.
530 2277 596 2302 207.
613 2283 641 2301 D.
656 2272 748 2299 Plures
763 2277 830 2298 natae

89 2324 150 2346 sunt
170 2317 276 2354 quando
289 2316 436 2344 dormirent
452 2316 583 2348 homines,
597 2316 722 2353 quoniam
738 2324 830 2352 segnes

87 2366 170 2388 erant.
184 2367 229 2388 III.
243 2364 307 2388 289.
321 2370 348 2387 D.
364 2360 453 2393 Quare
465 2359 562 2387 suerint
575 2358 695 2386 haereses.
707 2359 752 2385 Ib.
767 2368 790 2386 c.
801 2368 828 2385 n.

88 2405 118 2433 Si
133 2404 168 2431 ob
183 2403 295 2431 haereses
313 2403 413 2431 infirmi
428 2403 506 2430 facile
521 2409 647 2430 corruunt
661 2408 686 2430 et
700 2400 828 2439 supplan-

87 2454 188 2483 tantur,
205 2447 251 2485 qui
269 2447 385 2485 vigilant
404 2453 429 2475 et
452 2446 498 2484 qui
523 2446 550 2474 in
565 2445 737 2473 fundamento
753 2451 829 2472 rectae

87 2491 149 2519 fidei
165 2498 225 2519 sunt
243 2490 338 2526 defixi,
352 2491 476 2519 fortiores
488 2489 550 2518 inde
561 2489 730 2528 proveniunt.
745 2489 789 2515 [b.
802 2498 828 2515 E.

86 2535 146 2563 Non
178 2534 333 2562 haereticum
345 2557 353 2569 ‚
381 2533 427 2562 scd
463 2533 585 2561 baeresim
620 2531 828 2572 persequebatur

87 2578 304 2616 Cbrysostomus.
326 2584 360 2608 II.
377 2581 441 2607 821.
458 2586 486 2604 e.
499 2586 528 2605 D.

879 228 1006 250 annuat.
1576 221 1642 257 265

905 289 1032 318 fiduciam
1049 288 1125 318 nobis
1146 301 1268 330 magnam
1293 302 1488 332 comparamus.
1518 302 1563 323 IV.
1582 299 1644 324 295.

905 345 930 362 A.
948 344 972 362 n.

942 377 1086 406 Gnmonii
1101 379 1295 408 llluminatoris
1308 380 1470 411 encomium.
1484 388 1541 409 XII.
1560 387 1642 410 1067.

900 431 962 459 sqq.
978 423 1015 448 In
1030 423 1108 450 illud
1121 424 1290 461 opusculum
1306 424 1375 451 vide
1390 425 1547 452 illoni'rwi.
1567 430 1633 448 ⁴‘·‘''<

941 465 1083 493 GnEGonu
1118 467 1257 505 Theologi
1281 467 1410 505 affertur
1440 474 1456 495 t.
1468 480 1600 496 sanim...
1639 494 1641 496 .

900 514 1005 537 v.850.
1020 521 1047 539 A.
1062 511 1217 550 Gregorius
1237 511 1401 549 leeologns
1417 512 1508 548 aller,
1523 516 1644 542 invissit..-

900 552 1008 581 Christi
1024 555 1114 582 miles.
1132 561 1201 582 VIII.
1219 556 1285 582 710.
1301 564 1327 581 c.

938 597 1032 624 GULAE
1042 597 1148 626 damna.
1166 605 1213 626 IV.
1229 602 1290 626 439.
1306 608 1332 628 Ε.
1348 610 1373 626 Λ.
1393 604 1645 630 41‹).V11.ss;55..x.

897 683 973 711 Nihil
987 683 1115 719 deterius,
1130 685 1198 712 nihil
1215 684 1332 723 turpius.
1347 692 1416 713 VIII.
1433 691 1497 715 301.
1517 698 1545 716 D.
1561 699 1588 715 E.
1608 698 1637 721 A,

898 728 1000 756 Multos
1018 728 1144 767 perdidit.
1174 736 1219 758 lx.
1238 733 1302 757 239.
1321 728 1394 757 Gula
1417 730 1481 758 olim
1502 731 1639 760 Israelitas

896 770 923 799 in
939 771 1118 800 idololatriam
1133 773 1245 811 dejecit,
1273 779 1298 800 et
1313 772 1467 802 sodomitas
1488 775 1514 802 in
1533 785 1638 803 amores

893 814 1002 843 illicitos
1018 816 1206 844 inflammavit.
1226 823 1284 844 VII.
1309 820 1375 844 655.
1392 828 1420 844 D.
1433 818 1509 846 Nihil
1526 818 1561 846 ita
1577 830 1638 847 cor-

894 858 953 895 pori
968 858 1091 893 noxium,
1106 866 1134 887 ut
1151 859 1222 898 gulae
1234 859 1408 887 deliciantur
1425 865 1488 889 533.
1504 871 1530 889 c.
1544 861 1636 890 Etiam

894 901 980 929 brutis
994 903 1123 940 pernicies
1135 910 1173 931 est
1187 903 1309 931 ciborum
1325 903 1458 942 voluptas,
1475 905 1520 932 lh.
1536 916 1562 932 B.
1582 906 1640 933 Gu-

894 944 948 972 lam
962 946 1079 974 traducit
1103 953 1128 975 et
1148 947 1258 975 damnat
1275 946 1493 986 Chrysostomus.
1519 955 1563 977 IV.
1585 954 1632 978 87.

894 995 952 1017 VII.
977 994 1041 1018 843.
1060 1001 1087 1019 c.
1105 1000 1132 1018 D.
1148 995 1213 1019 stt.
1239 997 1285 1019 IX.
1304 995 1368 1018 196.
1387 1002 1413 1019 A.
1430 1001 1454 1018 Β.
1473 999 1506 1020 x.
1530 997 1594 1022 170.
1612 1003 1637 1021 A.

895 1036 959 1060 171.

932 1077 1035 1105 (ὶυτΤΑ
1043 1084 1119 1106 cavat
1129 1077 1260 1117 lapidem,
1271 1078 1456 1116 proverbium.
1472 1086 1519 1108 III.
1534 1085 1595 1109 190.
1605 1090 1632 1109 D.

939 1120 1162 1150 Grmmsuncnx
1180 1121 1279 1149 fiebant
1297 1122 1374 1160 pueri
1394 1122 1541 1151 admodum
1554 1124 1638 1162 juve-

892 1173 949 1192 nes.
966 1171 1010 1192 tv.
1028 1170 1091 1193 843.
1108 1176 1136 1193 c.

930 1207 1186 1237 vawosopmsm
1212 1208 1331 1247 quinam.
1359 1216 1390 1238 Χ.
1414 1214 1479 1240 644.
1508 1221 1533 1238 13.
1566 1211 1638 1239 Vide

894 1257 995 1279 notam
1012 1261 1037 1279 a.

851 1474 881 1507 H
889 1500 896 1507 .

929 1654 1055 1681 Hoeresis
1075 1655 1174 1681 onmia
1197 1653 1339 1682 Ecclesioe
1354 1655 1441 1682 hahet
1458 1661 1484 1682 et
1500 1656 1633 1683 imitatur

888 1699 1040 1733 mysteritz,
1069 1698 1121 1725 sed
1146 1707 1205 1726 non
1219 1708 1289 1725 vere
1313 1704 1381 1726 sunt
1413 1698 1565 1728 Ecclesiae.
1584 1705 1629 1727 VI.

889 1744 953 1769 828.
971 1751 999 1770 e.

927 1784 1152 1812 HAERESIARCHAE
1161 1783 1186 1812 iu
1198 1783 1329 1812 Ecclesias
1340 1782 1451 1812 inducti.
1462 1791 1518 1812 VII.
1531 1789 1593 1813 521.
1605 1796 1630 1813 c.

888 1828 1037 1856 Multorum
1056 1827 1294 1855 haeresiarcharum
1310 1827 1429 1855 nomina.
1448 1835 1493 1856 XI.
1512 1832 1577 1856 269.
1599 1839 1627 1856 A.

887 1870 1074 1900 Haeresiarchae
1089 1871 1143 1898 suis
1157 1870 1299 1909 discipulis
1315 1871 1454 1908 proprium
1468 1881 1562 1899 nomen
1576 1878 1629 1899 tra-

886 1914 970 1952 dunt;
986 1914 1124 1943 catholicis
1135 1924 1198 1943 vero
1213 1914 1268 1943 sola
1278 1914 1344 1942 fides
1356 1924 1450 1943 nomen
1464 1913 1570 1942 indidit.
1579 1922 1625 1944 IX.

886 1963 948 1987 286.
962 1970 986 1988 c.

925 2005 1075 2033 HAEnET1c1
1102 2003 1181 2032 multi
1203 2008 1261 2042 post
1290 2002 1422 2041 apostolos
1448 2003 1626 2041 pullularunt.

886 2055 945 2078 VII.
968 2053 993 2077 8.
1015 2058 1042 2078 c.
1064 2046 1188 2075 llzeretici
1207 2045 1240 2074 de
1261 2046 1318 2073 Deo
1345 2046 1433 2084 pejora
1460 2057 1541 2083 quam
1564 2047 1628 2075 insi-

885 2091 957 2120 deles
982 2090 1140 2120 sentiebant.
1166 2097 1199 2118 11.
1221 2093 1286 2117 [128.
1307 2099 1332 2117 c.
1354 2099 1383 2117 D.
1408 2089 1510 2124 Iidem,
1538 2090 1626 2118 Mani—

884 2135 951 2164 chaei
967 2134 1109 2169 videlieet,
1125 2132 1257 2161 mundum
1276 2142 1291 2159 a
1308 2133 1364 2159 Deo
1383 2142 1434 2159 non
1452 2143 1507 2160 esse
1527 2133 1626 2161 factum

885 2178 1056 2206 mentiuntur.
1067 2184 1099 2205 11.
1116 2180 1179 2204 136.
1191 2186 1213 2203 Β.
1224 2174 1278 2203 Alii
1292 2174 1416 2203 dicebam
1429 2175 1517 2203 onmia
1526 2186 1559 2204 ex
1570 2187 1627 2204 ma-

883 2222 949 2250 teria
970 2220 1085 2259 ingenita
1110 2218 1260 2258 prodiisse;
1281 2218 1461 2246 confutantur.
1485 2225 1518 2247 X.
1534 2223 1579 2247 65.
1594 2230 1622 2248 n.

884 2270 929 2294 66.
947 2265 1075 2293 Naturam
1090 2262 1210 2301 corporis
1226 2268 1251 2290 et
1272 2271 1376 2289 caruem
1393 2268 1510 2290 nostram
1527 2270 1554 2291 ut
1566 2274 1626 2291 ma-

883 2310 937 2337 lam
957 2314 1090 2336 accusant.
1115 2311 1178 2334 511.
1203 2317 1229 2333 B.
1244 2305 1346 2335 Vinum
1369 2305 1535 2341 incusabant,
1548 2317 1625 2335 crea-

883 2359 969 2381 turam
984 2351 1045 2380 Dei.
1064 2358 1097 2379 II.
1116 2355 1143 2378 8.
1161 2361 1186 2377 B.
1204 2360 1230 2377 c.
1248 2352 1400 2386 Aqua,non
1415 2350 1487 2386 vino,
1503 2351 1530 2378 in
1543 2351 1625 2378 sacris

884 2395 1018 2435 mysteriis
1031 2394 1184 2423 utebantur.
1200 2399 1258 2421 VII.
1277 2397 1340 2421 885.
1355 2405 1382 2420 Α.
1397 2393 1454 2421 Alii
1469 2401 1625 2432 prcescntem

883 2439 967 2468 vitam
978 2437 1156 2473 damnabant,
1172 2447 1238 2474 quos
1247 2436 1344 2465 refutat
1357 2436 1574 2475 Chrysostomus.
1588 2445 1622 2465 x.

884 2487 949 2511 787.
968 2493 993 2511 n.
1011 2492 1039 2510 Ε.

923 2525 1048 2554 Haeretici
1060 2524 1171 2553 verbum
1182 2523 1307 2551 divinum
1316 2523 1546 2562 blasphemabant.
1555 2531 1624 2554 VIII.

885 2575 932 2599 21.
949 2581 975 2600 Β,
991 2580 1015 2597 c.
1038 2568 1216 2597 Confutantur
1231 2567 1272 2595 illi
1293 2566 1338 2604 qui
1358 2566 1490 2605 negabant
1505 2568 1624 2596 Verbum

1418 2621 1463 2647 17.
