1884 2922
774 217 877 240 txnnx
905 218 1032 242 RERUM.
1632 213 1692 257 401

202 276 319 305 VENTER
341 287 396 315 quo
420 286 498 305 sensu
525 276 592 305 deus
618 284 735 306 vocetur.
760 285 818 309 VII.
836 283 900 309 307.

159 318 212 354 Qui
227 320 315 349 ventri
329 321 461 356 serviunt,
476 320 611 349 immundi
633 328 712 358 sunt,
730 332 821 360 quare.
841 330 899 354 XII.

159 367 226 392 407.
242 375 265 392 B.

198 408 293 436 an
308 408 444 446 quomodo
456 409 482 437 in
501 408 634 437 thesauris
647 408 710 437 Dei.
728 416 759 437 V.
783 414 849 439 464.
869 421 900 442 c.

158 452 309 480 Ventorum
334 452 469 481 utilitates.
493 459 539 481 III.
561 456 628 481 572.
652 463 677 481 n.
699 459 724 481 et
747 453 899 483 commoda.

158 501 190 523 V.
210 500 278 524 462.
295 505 323 523 D.

198 540 327 569 VERBUM
343 539 492 568 substantia
517 546 556 568 cst
579 539 606 568 in
633 539 790 580 hypostasi,
808 551 867 579 qum
887 552 901 570 a

158 583 238 612 Patre
250 583 306 612 sine
321 583 442 622 passione
451 584 583 623 procedit.
594 591 665 613 VIII.
679 589 724 613 31.
737 595 764 613 n.
777 586 793 614 Χ
805 585 900 615 erbum

158 626 326 665 prolatitium
363 634 389 655 et
419 627 570 665 internum,
605 629 680 667 λόγος
705 630 862 668 προφορικὸς
884 630 900 665 ἢ

157 670 311 702 ἐνδιάθετος.
338 677 408 700 VIII.
439 675 483 700 23.
518 682 542 700 Β.
572 673 643 700 Vide
679 678 778 701 notam
801 683 824 701 a.
854 675 897 701 lh.

158 714 259 742 Eadem
275 721 314 742 est
333 715 418 743 Verbi
440 722 466 743 et
480 715 567 744 Patris
582 716 741 744 substantia.
766 724 836 745 VIII.
854 722 901 746 34.

158 757 301 786 AEternum
312 765 388 786 estut
401 760 488 789 Pater.
505 766 575 787 VIII.
591 764 636 788 31.
651 770 716 798 sqq.
731 760 824 788 Fuisse
836 771 901 799 pro-

156 800 235 830 batur
251 808 311 830 ante
325 802 432 830 saecula.
451 810 522 831 VIII.
539 808 585 832 21.
607 815 632 831 A.
658 809 705 835 22.
723 809 768 832 23.
782 805 838 833 Cur
853 816 900 833 vo-

155 851 231 873 cetur
254 845 310 873 vita
332 852 357 873 et
380 845 440 874 lux.
460 853 531 875 VIII.
551 851 594 875 14.
613 857 641 876 n.
658 857 683 875 r..
709 847 831 876 Verbum
852 848 901 876 lux

156 897 205 916 cur
225 899 279 917 non
299 899 390 917 omnes
417 889 563 920 illuminet.
582 897 650 919 VIII.
669 895 715 919 55.
732 901 758 919 c.
777 892 902 920 Verbum

155 932 190 960 ab
212 932 345 961 haereticis
367 933 534 972 impetitum.
560 940 631 962 VIII.
650 938 695 962 21.
723 945 749 963 c.
777 935 902 973 Objectio

154 974 342 1004 haereticorum
374 977 505 1004 refutatur
526 976 671 1005 dicentium
690 978 798 1006 :Filius
824 979 891 1011 Θεὸς

154 1027 266 1048 vocatur
285 1020 341 1048 sine
357 1020 480 1049 articulo.
504 1027 574 1049 VIII.
593 1025 637 1049 35.
660 1022 732 1050 Vide
756 1023 894 1051 Cnmsrts

156 1070 182 1091 et
197 1064 299 1092 Fmts
312 1065 382 1092 Dm.

198 1109 323 1137 VERBUM
339 1110 432 1145 Deus,
448 1110 607 1148 conformis
626 1115 653 1138 et
667 1110 901 1139 consubstantia-

158 1151 195 1180 lis
205 1153 301 1181 Patri.
320 1160 354 1181 11.
372 1158 439 1181 991.
453 1164 480 1183 A.
497 1158 562 1182 992.

195 1196 315 1224 Verbum
331 1197 394 1225 vitae
409 1197 486 1235 quid.
506 1204 553 1226 XI.
573 1201 638 1226 301.
659 1207 683 1225 Β.
709 1208 733 1226 c.
758 1199 846 1228 Verbi
862 1200 904 1229 vis

152 1239 250 1268 efficax
263 1241 364 1278 sagittae
376 1247 448 1270 sunt.
467 1247 499 1268 V.
517 1245 586 1270 205.
604 1253 629 1271 A.
651 1241 720 1269 Sunt
735 1253 803 1281 pura
818 1243 899 1272 verba

154 1283 227 1318 Dei,
242 1290 294 1312 eta
307 1283 447 1313 mendacio
460 1284 553 1313 libera.
575 1292 608 1313 V.
626 1290 688 1314 145.
704 1296 731 1313 n.
753 1287 899 1322 Quomodo

152 1336 204 1354 non
220 1333 365 1356 transeunt.
384 1335 404 1356 I.
435 1333 502 1358 707.
518 1329 606 1368 Opera
622 1329 750 1357 exhibent
765 1331 899 1359 mirabilia

152 1377 233 1408 atquc
248 1371 379 1410 stupenda
395 1379 416 1400 1.
435 1377 503 1401 704.
520 1384 546 1400 A.
563 1372 649 1401 Verbi
663 1373 713 1401 Dei
726 1373 821 1403 virtus.
837 1382 895 1404 XII.

151 1418 217 1443 461.
238 1415 313 1444 Solet
327 1415 442 1444 verbum
460 1416 512 1445 Dei
526 1426 648 1455 purgare.
666 1423 737 1445 VIII.
755 1422 818 1446 553.
830 1429 858 1447 A.

192 1458 276 1487 Verbi
298 1458 499 1497 praedicationis
514 1467 614 1498 quanta
629 1461 682 1489 vis.
706 1467 727 1490 I.
754 1466 818 1490 702.
833 1473 856 1491 Β,
873 1474 898 1491 c.

151 1507 217 1531 703.
232 1512 296 1540 sqq.
310 1503 369 1531 Non
384 1513 481 1542 parum
497 1503 531 1531 ad
544 1503 620 1532 verbi
634 1504 783 1543 profectum
799 1513 898 1535 coniu-

149 1543 183 1575 lit
203 1546 375 1585 persequutio
401 1554 446 1576 IX.
471 1552 533 1576 216.
551 1558 575 1576 c.
594 1558 622 1576 n.
638 1549 689 1576 Per
702 1548 898 1579 contradictio-

150 1601 212 1619 nem
232 1589 317 1628 magis
330 1591 535 1621 extendebatur.
547 1599 595 1621 lx.
614 1597 678 1621 250.
692 1593 767 1621 Nihil
783 1594 818 1622 ita
833 1605 899 1633 gau-

149 1634 228 1663 dium
243 1633 326 1672 parit,
345 1642 425 1673 atque
438 1635 566 1664 doctrinae
578 1636 703 1665 verbum.
720 1644 740 1666 I.
752 1642 818 1666 857.
832 1650 858 1668 A.
868 1650 893 1667 B.

151 1678 211 1706 Non
232 1677 331 1705 frustra
351 1678 487 1717 spargitur
505 1679 581 1707 verbi
596 1680 646 1708 Dei
668 1691 765 1716 semen,
778 1682 825 1710 etsi
844 1693 895 1711 non

151 1731 248 1750 omnes
271 1720 394 1750 audiant.
412 1730 431 1751 I.
456 1727 520 1751 948.
548 1734 574 1753 e.
597 1723 696 1753 Verbis
713 1725 897 1765 philosophari

149 1766 227 1794 facile
251 1771 309 1801 est,
339 1776 420 1806 opera
436 1773 524 1795 autem
552 1767 681 1797 exhibere
708 1770 786 1798 sortis
808 1777 846 1799 est
872 1778 896 1799 et

152 1811 244 1849 magni
262 1811 357 1840 animi.
383 1818 453 1840 VIII.
471 1816 535 1840 488.
559 1823 583 1840 e.
610 1817 672 1841 5⁷20.
701 1825 728 1841 n.
754 1814 897 1844 Auditores

151 1855 226 1883 verbi
242 1855 347 1890 divini,
361 1855 508 1884 sitientium
529 1856 694 1886 desiderium
717 1868 772 1897 prae
787 1869 814 1886 se
826 1859 896 1888 serre

151 1906 264 1937 oportet.
293 1906 363 1928 VIII.
379 1903 443 1928 343.
461 1910 488 1927 A.
507 1904 570 1929 344.
594 1901 662 1929 Cum
685 1901 780 1930 timore
797 1903 892 1932 audia-

152 1952 213 1971 mus
237 1943 286 1971 Dei
312 1942 428 1980 eloquia.
453 1950 514 1972 XII.
552 1949 616 1973 143.
644 1955 669 1973 A.
693 1955 719 1973 B.
744 1950 808 1974 146.
828 1946 892 1974 Vid.

153 1986 436 2022 Doermmssmmo.

194 2029 317 2057 Verbum
334 2029 388 2057 Dei
406 2039 494 2057 ‘verus
509 2031 674 2058 animarum
689 2033 768 2060 cibus
780 2054 788 2066 ,
816 2043 894 2061 verce

150 2075 266 2112 piorum
291 2073 403 2101 deliciae
419 2079 446 2101 et
474 2073 590 2103 divitioe.
616 2080 660 2102 VI.
688 2080 751 2104 471.
775 2087 799 2104 Β.
827 2081 892 2105 472.

155 2118 242 2145 Verbi
256 2118 312 2145 Dei
325 2117 434 2154 duplex
443 2116 571 2155 fructus.
589 2125 635 2146 VI.
654 2123 718 2147 867.
740 2129 765 2146 o.

193 2161 283 2195 Verba
295 2171 355 2198 quae
370 2160 395 2188 in
411 2160 520 2199 liturgia
540 2160 707 2190 dicebantur.
725 2169 771 2191 XI.
787 2168 850 2191 400.
869 2173 892 2191 ε.

159 2216 185 2233 r.
202 2211 227 2232 et
240 2204 267 2232 in
283 2204 430 2235 oblatione.
444 2212 503 2235 XII.
521 2210 585 2234 238.
602 2216 627 2234 c.

193 2252 345 2280 Verborum
353 2263 449 2291 pngnae
458 2260 555 2291 quanta
569 2253 638 2282 mala
647 2255 762 2294 pariant.
773 2262 818 2284 XI.
827 2260 892 2284 697.

154 2306 180 2323 c.
200 2306 226 2323 n.
246 2295 290 2324 Ex
304 2296 430 2335 turpibus
442 2297 532 2325 verbis
549 2308 602 2326 non
624 2309 727 2337 pauca,
741 2309 793 2327 non
812 2310 893 2338 parva

155 2339 224 2367 mala
239 2339 373 2367 oriuntur.
398 2346 443 2368 III.
468 2345 533 2372 233.
555 2352 584 2369 n.
602 2346 667 2370 234.
692 2342 747 2378 Qui
770 2343 893 2372 obscoena

154 2382 234 2412 verba
255 2383 420 2420 loquuntur,
442 2394 533 2412 eorum
554 2395 600 2413 ora
625 2392 716 2424 patens
740 2387 893 2426 sepulcrum

154 2427 333 2466 appellantur.
349 2434 382 2455 V.
394 2431 439 2456 43.
454 2438 482 2458 A.
502 2439 527 2456 B.
540 2429 664 2458 Civitatis
674 2436 736 2458 sunt
751 2431 892 2469 pernicies.

157 2477 188 2499 V.
204 2475 250 2499 43.
268 2481 294 2499 c.
310 2470 409 2500 Verbis
430 2470 537 2500 blandis
558 2478 583 2500 et
606 2472 751 2502 fallacibus
771 2481 891 2509 utentes,

153 2524 235 2552 quam
252 2514 380 2553 improbi.
399 2521 432 2543 V.
450 2519 496 2545 43.
510 2525 538 2544 ε.
553 2526 582 2545 n.

196 2563 322 2590 Ventus
336 2568 374 2590 est
385 2561 414 2590 id
427 2562 501 2600 quod
511 2574 604 2593 revera
614 2571 652 2593 est
665 2578 672 2601 ;
685 2564 854 2595 mendacium
866 2565 894 2594 id

155 2605 228 2643 quod
244 2615 294 2634 non
310 2612 360 2634 cst.
378 2613 408 2634 V.
428 2611 489 2636 142.
514 2619 535 2635 i.
552 2608 659 2638 Veritas
673 2619 736 2644 una,
748 2619 822 2639 error
843 2620 892 2638 va-

279 2668 352 2686 ΤΟῘΙῘ.
367 2669 433 2689 XIII.

960 281 1025 310 rius.
1038 287 1096 311 VII.
1115 286 1179 311 550.
1197 292 1225 310 D.
1243 289 1289 311 lx.
1304 287 1366 311 488.
1382 294 1408 312 ε.
1426 283 1503 312 Nihil
1518 284 1629 313 veritate
1643 286 1699 314 cla-

957 325 1022 361 rius,
1032 325 1101 354 nihil
1111 325 1216 361 fortius,
1229 326 1298 354 nihil
1311 327 1477 366 simplicius;
1491 327 1537 357 sed
1550 328 1572 357 si
1583 329 1700 368 maligne

957 380 1004 398 nos
1015 369 1458 408 geramus,nihildifficilius-VIII.
1475 377 1539 401 189.
1552 383 1578 401 Β.
1591 377 1656 401 349.
1671 386 1696 403 A.

957 414 1024 449 Quae
1035 414 1199 442 sitveritatis
1213 414 1342 445 conditio.
1358 423 1415 444 VII.
1432 420 1476 445 13.
1492 427 1517 444 c.
1533 426 1561 444 A.
1576 416 1627 446 Vis
1642 417 1699 455 ejus

955 458 1310 494 quanta.VIII.350.Veritas
1318 459 1698 498 omnibussuperiorest.VIII.

956 505 1019 529 189.
1037 512 1061 528 n.
1076 500 1149 529 Nihil
1167 501 1258 537 timet,
1273 508 1413 540 manetque
1428 502 1540 532 invicta.
1552 505 1597 531 Il).
1609 505 1700 540 Quam

956 544 1033 572 firma
1048 545 1092 573 sit.
1118 551 1187 573 VIII.
1206 550 1270 574 389.
1294 557 1320 573 E.
1339 557 1366 574 A.
1392 546 1452 584 Ipsa
1467 547 1586 576 veritatis
1600 554 1697 576 natura

954 587 1048 616 iisdem
1064 588 1202 624 firmatur,
1217 589 1314 626 quibus
1334 589 1483 628 impetitur.
1499 597 1571 622 VIII,
1589 595 1653 619 386.
1669 603 1694 621 n.

954 632 1048 660 iisdem
1061 631 1162 670 fulget,
1175 633 1275 670 quibus
1291 632 1428 662 obscurari
1444 640 1568 663 tentatur.
1581 636 1624 663 ΙΙ).
1641 635 1698 664 Ad-

954 675 1134 704 mirationiest
1148 676 1226 705 etiam
1241 677 1312 715 apud
1328 677 1452 705 inimicos
1467 684 1618 708 suos.VIII.
1633 683 1696 707 188.

954 730 980 748 C.
996 719 1044 748 Eis
1059 719 1166 748 obturat
1179 730 1218 750 os.
1235 727 1280 749 XI.
1301 722 1377 749 665⁵.
1399 732 1426 749 r.
1444 720 1529 750 Justis
1542 722 1695 751 rationibus

955 763 1091 799 abundat,
1107 763 1206 801 quibus
1221 774 1329 792 causam
1346 775 1422 792 suam
1441 771 1556 794 tueatur.
1577 772 1610 794 v.
1627 770 1695 796 274.

956 807 1011 842 Qui
1025 807 1164 835 veritatem
1178 808 1334 846 impugnat,
1352 807 1420 836 nihil
1435 814 1519 846 potest
1531 831 1538 844 ,
1550 808 1597 837 sed
1606 809 1696 848 potius

955 851 1071 890 seipsum
1099 852 1232 880 vulnerat.
1252 859 1296 880 XI.
1316 856 1380 880 238.
1396 863 1420 880 A.
1439 852 1506 880 Cum
1525 853 1606 881 semel
1632 853 1696 891 qui-

956 893 1019 922 dam
1037 905 1051 923 a
1067 895 1176 924 veritate.
1198 896 1366 929 aberrat-int,
1383 896 1468 924 solent
1490 896 1515 924 in
1533 896 1633 925 multos
1648 897 1697 926 de-

955 937 1017 966 duci
1033 949 1144 967 errores.
1157 946 1215 968 VII.
1232 944 1295 968 469.
1308 951 1337 968 A.
1350 940 1465 969 Veritati
1479 940 1612 968 fallaciam
1624 951 1696 969 sem-

957 992 1002 1021 per
1026 982 1164 1010 substituit
1178 982 1313 1012 diabulus.
1338 991 1396 1014 VII.
1425 989 1488 1013 332.
1512 994 1535 1012 Β.
1558 985 1618 1013 Non
1645 985 1696 1014 fuit

956 1032 1075 1064 tempus,
1093 1036 1146 1064 quo
1162 1026 1333 1055 mendacium
1353 1027 1461 1056 veritati
1476 1038 1531 1056 sese
1547 1038 1598 1056 uon
1614 1028 1696 1057 inter-

956 1069 1086 1098 misceret.
1104 1077 1150 1099 Χῖ.
1172 1075 1236 1099 763.
1252 1082 1279 1099 n.
1295 1071 1409 1110 Typus,
1427 1071 1511 1100 donec
1533 1079 1643 1100 ventura
1657 1080 1695 1101 est

955 1114 1075 1147 veritas,
1100 1124 1168 1143 verae
1191 1114 1229 1142 rei
1253 1115 1360 1143 nomine
1393 1122 1518 1151 vocatum
1537 1116 1695 1145 adveniente

956 1164 1043 1186 autem
1059 1158 1184 1194 veritate,
1199 1168 1250 1186 non
1266 1159 1394 1198 amplius,
1412 1166 1458 1188 XI.
1479 1164 1543 1188 318.
1559 1170 1588 1188 n.
1602 1161 1631 1188 In
1646 1161 1696 1189 ad-

954 1208 1033 1229 ventu
1062 1201 1162 1229 Christi
1194 1202 1311 1230 maxima
1337 1203 1435 1230 veritas
1457 1202 1634 1242 resplenduit.
1654 1211 1686 1232 v.

954 1250 1018 1275 379.
1034 1256 1063 1277 n,
1081 1256 1106 1274 E.
1126 1246 1249 1274 Christus
1264 1257 1310 1285 pec
1328 1247 1451 1275 umbram
1474 1248 1613 1275 veritatem
1627 1258 1693 1287 ape·

954 1289 1046 1317 riebat.
1077 1296 1136 1319 VII.
1160 1291 1230 1319 490.
1259 1290 1387 1319 Veritatis
1411 1290 1512 1329 agnitio
1545 1291 1694 1320 secundum

953 1332 1033 1361 fidem
1044 1355 1051 1368 ‚
1065 1343 1185 1370 quaenam
1201 1334 1244 1361 sit.
1260 1341 1306 1362 XI.
1322 1339 1387 1362 791.
1409 1345 1437 1362 A.
1459 1334 1566 1363 Veritas
1582 1342 1620 1363 est
1636 1336 1692 1364 Ec-

952 1376 1037 1405 clesiae
1054 1377 1178 1405 columna
1202 1384 1227 1405 ct
1252 1377 1459 1406 firmamentum.
1487 1386 1533 1408 XI.
1559 1383 1637 1407 667⁰.
1666 1390 1690 1407 r.

953 1421 1024 1449 Vide
1038 1421 1145 1449 EnRoR.

993 1466 1105 1493 Veritas
1140 1475 1235 1493 rerum
1262 1467 1391 1494 omnium
1425 1466 1614 1494 dominatrix.
1646 1473 1690 1495 VI.

951 1514 1017 1538 753.
1031 1521 1056 1537 A.

991 1554 1109 1582 Vnnxuts
1141 1552 1302 1581 immortalis
1330 1559 1506 1582 memoratur.
1540 1561 1559 1582 1.
1589 1558 1634 1582 15.
1662 1565 1688 1583 n.

951 1597 1094 1627 Vermium
1118 1597 1214 1631 fontes,
1231 1608 1265 1625 cx
1280 1596 1423 1632 miraculo,
1438 1597 1465 1625 in
1480 1607 1590 1637 corpore
1605 1608 1693 1627 avun-

951 1642 1003 1670 culi
1019 1641 1121 1672 Juliani
1135 1643 1280 1680 Apostatae.
1296 1648 1327 1671 V.
1346 1645 1409 1669 325.
1422 1652 1449 1669 E.

989 1687 1114 1721 Vre-scs,
1134 1685 1218 1713 Oculi
1241 1688 1370 1713 omnium
1385 1686 1416 1712 in
1430 1691 1456 1713 te
1469 1692 1607 1722 sperant,
1622 1693 1687 1721 etc„

949 1730 984 1759 ab
999 1730 1031 1758 iis
1046 1730 1093 1768 qui
1106 1729 1240 1768 mysteriis
1255 1735 1330 1758 erant
1342 1729 1457 1766 initiati,
1474 1729 1500 1757 in
1522 1740 1610 1758 mensa
1630 1731 1691 1759 Eu-

950 1774 1091 1803 charistica
1102 1773 1208 1802 assidue
1225 1773 1422 1801 succinebatur.
1442 1780 1474 1801 V.
1491 1778 1556 1802 562.
1574 1784 1601 1801 E.
1622 1775 1691 1803 Ver-

948 1830 1020 1854 sum,
1045 1819 1116 1847 Hoec
1140 1819 1212 1852 dies,
1238 1828 1328 1856 quam
1345 1817 1424 1858 fecit
1453 1818 1609 1853 Dominus,
1630 1825 1691 1853 etc..

950 1870 1021 1891 totus
1033 1862 1133 1891 solebat
1150 1862 1266 1901 populus
1285 1861 1432 1890 succinere.
1447 1867 1479 1891 V.
1498 1866 1562 1889 379.
1582 1872 1607 1890 A.

988 1908 1179 1935 VesPAsiAxts
1201 1912 1226 1933 ct
1251 1905 1330 1932 Titus
1351 1905 1473 1934 Judaeam
1501 1911 1638 1944 ceperunt.
1668 1913 1688 1936 I.

948 1955 1014 1979 787.
1036 1961 1059 1978 Β.
1085 1957 1130 1978 111.
1158 1954 1220 1978 115.
1241 1959 1266 1977 C.
1286 1956 1311 1977 et
1326 1948 1510 1977 devastarunt.
1529 1956 1562 1979 V.
1580 1953 1642 1977 346.
1660 1960 1687 1978 Α.

947 1994 1056 2024 Judteos
1075 1992 1243 2023 exciderunt.
1262 2000 1282 2022 I.
1299 1997 1363 2021 005.
1389 2004 1414 2021 Β.
1432 1993 1579 2022 Ecclesiam
1603 2003 1690 2032 oppu-

947 2045 1071 2077 gnarunt.
1095 2045 1115 2066 I.
1129 2042 1194 2066 706.
1211 2047 1237 2067 e.

988 2083 1120 2111 VESPERA
1141 2091 1191 2109 non
1211 2087 1249 2109 est
1265 2081 1326 2109 finis
1337 2080 1400 2109 dici.
1417 2087 1460 2108 IV.
1484 2084 1528 2108 35.
1543 2090 1573 2108 n.
1589 2081 1690 2119 Vespe-

947 2136 1003 2154 ram
1016 2125 1122 2154 initium
1133 2135 1190 2153 esse
1199 2124 1254 2152 diei
1262 2124 1397 2162 sequentis
1410 2123 1574 2152 contendunt
1588 2123 1688 2153 Judaei.

953 2176 985 2197 V.
1001 2173 1048 2197 46.
1066 2180 1092 2197 c.

987 2214 1241 2242 VESPERTILIONES
1274 2211 1346 2240 idola
1377 2217 1453 2239 vocat
1482 2210 1574 2246 haias,
1597 2221 1689 2249 quare.

950 2263 994 2285 VI.
1011 2261 1058 2284 37.
1075 2267 1103 2285 C.

989 2303 1180 2332 VESTIMENTA
1204 2300 1359 2339 magnifica,
1389 2299 1459 2327 soeno
1491 2299 1598 2327 viliora.
1628 2306 1686 2329 VII.

948 2351 1012 2375 312.
1028 2356 1051 2373 Ρ..
1067 2346 1124 2373 Non
1136 2344 1239 2372 malum
1251 2350 1290 2372 cst
1304 2342 1400 2371 nudari
1417 2343 1486 2370 sicut
1498 2342 1598 2375 Isaias,
1616 2348 1666 2369 etc.
1681 2364 1688 2375 ,

947 2389 994 2419 sed
1020 2388 1097 2417 indui
1122 2388 1287 2417 vestimentis
1309 2386 1445 2425 pretiosis.
1478 2393 1536 2414 VII.
1565 2389 1630 2413 269,
1658 2396 1686 2415 D.

948 2433 1073 2463 vestium
1083 2432 1188 2468 cultus,
1202 2441 1283 2469 quam
1304 2440 1406 2465 vanus,
1419 2439 1499 2466 quam
1524 2428 1621 2457 futilis.
1640 2435 1686 2457 XI.

948 2483 1013 2507 647.
1038 2477 1133 2505 Luxus
1148 2475 1176 2504 in
1201 2473 1365 2504 vestimentis
1387 2473 1540 2502 cohibetur.
1555 2478 1602 2500 IV.
1622 2477 1687 2502 179.

948 2519 1126 2550 Pulcbritudo
1139 2518 1256 2549 vestium
1275 2527 1327 2546 non
1348 2515 1506 2555 appetenda.
1526 2522 1572 2544 XI.
1587 2520 1650 2544 324.
1665 2527 1689 2544 c.

948 2566 1043 2594 Vestes
1057 2564 1140 2602 nigrae
1164 2563 1190 2591 in
1206 2561 1324 2590 luctibus
1335 2584 1343 2598 ‚
1359 2571 1412 2599 qua
1427 2560 1538 2589 ratione.
1558 2566 1604 2589 VI.
1620 2564 1684 2588 361.

949 2614 979 2638 2⁴¹
993 2609 1048 2637 col.
1063 2608 1259 2646 Imperatorum
1271 2605 1429 2634 vestimenta
1443 2604 1526 2632 serica
1535 2625 1543 2640 ‚
1556 2613 1618 2632 cum
1632 2603 1690 2632 dra·

1534 2661 1568 2685 26
