1884 2922
246 222 263 241 2
274 222 290 243 2
300 221 316 242 2
876 216 905 237 tm·
914 215 981 237 1)sz
1011 214 1135 236 tttittt'M.

283 284 458 309 CRUCIFIXL'S
473 279 635 308 adorandus.
655 285 710 307 VII.
727 282 791 306 621.
811 289 832 305 n.

283 325 423 353 Krnnr'rn
439 323 547 360 quinam
562 323 624 350 sint.
644 329 689 350 XI.
706 326 752 350 97.
770 332 797 349 n.

283 371 350 396 Ctrnt
367 375 391 396 et
406 367 452 395 tali
467 367 501 394 ad
515 365 672 394 ludendum.
691 372 759 394 vltt.
777 368 842 392 216.
858 373 884 390 A.

284 414 407 439 Cocvs-vs
429 412 455 438 in
472 410 604 438 Armenia.
627 417 672 438 III.
692 414 754 437 692⁴
775 419 801 436 Ε.
822 409 908 435 Locus
929 405 979 433 dc-

243 455 404 484 sertissimus
429 455 548 482 omnium
570 453 698 481 locorum.
721 457 785 480 713.
811 463 834 480 n.
864 454 929 478 798.
951 460 977 477 c.

243 504 307 527 821.
325 510 349 525 n.
363 503 426 526 830.
443 509 471 526 n.
487 503 550 525 880.
569 508 592 525 n.
609 503 632 524 et
653 496 733 524 etiam
750 495 830 523 totius
845 494 917 522 orbis
930 492 979 520 dc-

242 542 411 570 sertissimus.
427 547 491 570 789.
509 553 534 568 A.
551 542 604 569 Nec
619 540 718 575 forum,
735 549 782 567 nec
793 538 885 567 venale
899 536 980 574 quid-

242 596 320 623 quam
337 585 393 613 baec
404 585 468 613 urbs
482 585 608 613 habebat.
621 589 687 612 715.
705 594 731 611 A.
748 582 909 611 Latronibus
924 581 979 608 cir-

242 639 373 657 cumsessa
389 636 413 657 et
425 629 556 656 infestata.
579 633 645 657 752.
660 631 769 655 c.1787.
787 637 812 655 n.

283 675 419 700 Cucusum
445 672 560 700 mittitur
586 672 796 710 Clirysostomus
820 669 908 697 exsul.
932 674 978 696 111.

242 721 307 745 875.
333 727 360 745 D.
388 716 544 744 Itumaniter
569 715 703 754 excipitur
727 715 761 742 ab
782 715 838 751 ejus
864 712 981 741 civitatis

242 760 365 799 episcopo
377 767 402 788 et
415 760 486 799 apud
501 761 587 798 ipsum
604 759 765 797 hospitatur.
778 761 843 785 713.
864 768 890 784 13.
909 767 934 784 c.
948 767 977 785 n.

244 804 342 832 Cucusi
365 803 481 831 solitudo
503 803 696 841 chrysostomo
718 807 851 840 pergrata.
868 804 931 828 715.
955 811 979 827 A.

285 850 436 875 Cunctrnffi
460 846 542 874 molli
565 855 699 873 anserum
722 844 824 882 pluma
846 843 981 881 suffulloe

244 897 449 918 memorantur.
468 896 538 918 VIII.
559 894 623 917 659.
638 898 663 917 Β,

284 936 378 961 Cumu
406 943 457 961 non
475 943 508 960 ex
529 939 640 968 natura,
656 930 702 959 sed
714 941 746 959 ex
760 930 897 959 voluntate
915 941 981 969 pro-

244 976 382 1004 ficiscitur.
399 984 456 1005 VII.
473 981 535 1004 671.
553 986 582 1004 A.

284 1023 393 1048 Comus
407 1019 582 1054 rationabilis,
598 1018 663 1057 quid
678 1019 723 1046 sit.
739 1025 785 1046 lx.
804 1022 870 1047 728.
886 1028 911 1045 n.

286 1064 382 1092 Cultus
397 1063 423 1091 in
437 1063 555 1091 vestibus
564 1073 643 1100 quatu
653 1072 750 1090 vanus.
764 1068 810 1090 xl.
821 1066 886 1089 647.
901 1062 982 1091 Vide

247 1108 477 1137 VESTIMENTL'M.

285 1153 476 1178 (juraturum
492 1150 596 1177 frenare
612 1158 663 1176 non
680 1154 718 1176 est
737 1147 857 1185 vulgaris
871 1147 980 1185 negotii.

246 1202 266 1223 I.
291 1198 355 1222 912.
373 1205 399 1221 Α.
423 1198 486 1221 913.
505 1192 641 1221 Frcnanda
658 1199 744 1219 tamen
760 1198 806 1225 est,
819 1191 840 1219 si
854 1192 979 1219 volumus

245 1238 355 1266 salutem
367 1236 502 1274 consequi.
521 1241 584 1264 913,
605 1234 746 1271 Quomodo
760 1234 886 1262 frenanda
902 1234 980 1272 cupi-

244 1281 322 1309 ditas.
339 1288 372 1310 x.
394 1285 456 1308 572.
476 1279 645 1319 Impossibile
664 1285 703 1306 cst
717 1278 837 1306 animum
853 1278 879 1305 in
900 1278 982 1306 sacris

244 1324 363 1353 historiis
378 1330 542 1358 versantem,
554 1333 568 1351 a
580 1321 774 1361 cupiditatibus
784 1321 914 1358 superari.
937 1328 980 1349 tv.

246 1374 311 1399 878.
336 1378 359 1396 Β.
382 1369 513 1405 Magnum
532 1367 587 1395 suis
610 1365 804 1404 cupiditatibus
830 1365 979 1403 imperare,

245 1412 358 1440 aliorum
372 1410 546 1450 cupiditatem
563 1410 653 1438 sedare
668 1410 744 1446 longe
761 1409 846 1447 majus
856 1415 904 1437 est.
914 1413 978 1436 874.

246 1466 271 1484 c.
283 1454 425 1494 Cupiditas
440 1455 491 1482 alia
508 1454 587 1481 aliam
604 1453 686 1492 pellit.
704 1459 776 1481 VIII.
795 1457 838 1480 16.
854 1463 878 1480 Β.

286 1498 429 1537 Cupiditas
450 1507 523 1525 vanae
538 1497 628 1535 gloriae
646 1497 681 1524 ad
694 1496 852 1524 divitiarum
865 1506 981 1524 amorem

247 1542 369 1571 concitat.
394 1549 438 1570 lv.
461 1546 524 1569 239.
542 1552 570 1568 n.
588 1548 644 1569 VII.
663 1545 725 1568 297.
745 1550 774 1569 D.
797 1549 822 1567 Ε.
842 1540 982 1578 Cupiditas

246 1585 374 1621 habendi,
387 1595 435 1612 arx
447 1585 588 1612 malorum.
602 1591 633 1613 v.
644 1588 707 1611 265.
723 1583 848 1611 Indeeora
860 1591 907 1611 est.
922 1591 978 1612 VII.

248 1634 311 1657 316.
329 1640 353 1656 n.
376 1628 547 1656 insatiabilis.
568 1632 630 1656 198.
654 1637 683 1655 D.
705 1631 766 1655 238.
788 1638 817 1655 n.
844 1627 983 1655 damnabi—

247 1672 290 1700 lis.
313 1677 376 1700 239.
398 1671 538 1699 Hominem
555 1670 636 1698 efficit
658 1670 786 1698 mendicis
804 1670 983 1700 miserabilio-

247 1727 313 1744 rem.
334 1723 367 1744 x.
388 1719 453 1743 435,
475 1725 503 1742 ε.
522 1714 599 1741 illum
613 1713 705 1741 subdit
723 1713 840 1742 diabolo.
865 1719 929 1742 198.
953 1726 982 1742 n.

248 1759 365 1787 Facilius
379 1765 417 1786 est
433 1757 553 1785 homines
576 1767 623 1796 per
639 1767 697 1785 aera
715 1758 805 1786 volare
816 1780 822 1792 ,
840 1768 920 1795 quam
937 1769 983 1787 ac-

247 1803 361 1831 cessione
377 1801 550 1840 cupiditatem
565 1801 684 1839 explere.
704 1808 759 1830 VII.
777 1805 842 1829 712.
858 1812 883 1830 n.

287 1846 428 1884 Cupiditas
450 1854 607 1883 corporum,
630 1855 676 1872 seu
699 1851 817 1880 naturae,
838 1846 924 1873 acrior
947 1853 985 1874 est

247 1901 325 1928 quam
342 1889 526 1928 pecuniarum.
543 1895 576 1918 Χ.
595 1893 657 1916 572.
671 1899 697 1916 Λ.
718 1889 790 1926 Ignis
805 1896 841 1916 est
854 1889 983 1917 inexstin-

248 1941 305 1963 ctus
318 1941 342 1962 et
355 1933 484 1971 perennis.
495 1939 527 1960 II.
542 1936 606 1959 813.
622 1943 648 1959 A.
661 1931 736 1959 Saeva
749 1942 895 1970 prunarum
911 1933 985 1961 flam-

248 1988 301 2012 ma,
317 1976 497 2005 veliementior
509 1982 546 2002 est
560 1975 667 2002 flamma
682 1974 845 2013 cupiditatis,
860 1977 903 2004 lb.
917 1982 982 2006 814.

248 2022 328 2050 Canis
349 2028 386 2049 est
403 2019 512 2048 rabidus
528 2025 552 2047 ct
572 2019 699 2055 insanus;
721 2019 781 2046 licet
805 2019 902 2048 millies
924 2032 984 2049 eum

249 2065 390 2104 propellas,
406 2064 503 2091 millies
519 2063 648 2101 impetum
663 2063 740 2099 facit,
756 2072 803 2090 nec
816 2063 931 2092 absistit.
950 2072 982 2094 II.

249 2113 310 2136 813.
328 2120 353 2135 A.
371 2108 461 2145 Ignem
480 2107 602 2134 libidinis
622 2107 792 2143 exstinguere
812 2113 896 2144 potest
912 2109 985 2146 regni

248 2151 357 2179 caelestis
369 2150 509 2189 cupiditas.
527 2157 558 2178 Χ.
576 2155 640 2178 574.
654 2160 680 2177 E.
697 2155 761 2178 575.
772 2151 841 2178 Sunt
854 2151 898 2178 alii
913 2152 985 2180 niodi

249 2194 388 2222 libidinem
406 2193 542 2223 vincendi.
565 2195 611 2223 ΙΙ).
641 2193 804 2222 Libidinosae
828 2194 985 2233 cupiditates

249 2234 395 2272 tempestati
413 2240 609 2272 comparantur.
633 2240 666 2262 v.
685 2238 730 2261 52.
749 2245 776 2261 A.
795 2244 819 2261 B.
842 2238 887 2264 53.
906 2236 982 2271 Quo-

1037 274 1117 303 modo
1130 274 1264 303 sedentur.
1279 276 1321 303 Ila.
1337 275 1356 302 A
1370 273 1501 313 principio
1515 273 1645 309 maxime,
1662 284 1692 301 ne
1704 283 1769 301 con-

1036 318 1167 357 cipiamus
1191 320 1218 346 in
1240 318 1328 346 aniino
1355 324 1506 356 corruptam
1536 316 1719 356 cupiditatem.
1747 324 1768 345 I.

1037 366 1100 390 928.
1114 372 1138 390 c.
1151 362 1179 390 Si
1193 361 1299 399 quando
1310 361 1519 400 conceperimus,
1533 361 1614 388 fctum
1628 362 1698 388 intus
1708 370 1772 399 prze-

1034 405 1167 434 focemus:
1181 406 1202 433 si
1218 413 1304 434 autem
1318 405 1442 443 iniquitas
1454 405 1478 432 in
1492 414 1558 443 opus
1568 414 1704 442 progressa
1712 405 1772 432 fue-

1034 449 1078 484 rit,
1091 459 1155 477 mox
1167 449 1239 477 illam
1255 449 1406 478 occidamus
1421 459 1467 487 per
1476 448 1673 476 consessionem.
1687 450 1730 476 ΙΙ).
1745 459 1771 476 n.

1075 495 1204 520 coruom
1213 503 1264 520 ITIS
1276 501 1301 521 et
1314 493 1472 531 importunae
1487 491 1687 530 perquisitionis
1699 501 1772 519 rnor-

1035 536 1085 564 bus
1097 546 1157 563 cum
1174 536 1234 564 aliis
1245 537 1322 564 malis
1338 536 1514 565 introductus.
1532 542 1566 564 Χ.
1580 539 1643 563 102.
1659 545 1686 562 A.
1699 544 1724 562 Β.
1740 535 1771 562 In

1036 579 1116 607 rebus
1139 579 1241 607 divinis
1263 590 1315 608 non
1341 579 1423 608 nimia
1440 578 1580 607 curiositas
1605 577 1769 608 adhibenda.

1039 629 1107 650 Vlll.
1128 627 1189 650 162.
1205 633 1232 652 Ε.

1075 668 1210 694 Cnmosus
1229 665 1303 694 urbis
1324 665 1549 705 Chrysostomum
1564 664 1591 693 vi
1607 663 1687 692 traxit
1701 670 1727 692 et
1746 663 1772 691 in

1035 709 1125 737 navim
1142 709 1262 748 conjecit.
1281 717 1327 737 III.
1346 714 1410 737 617.
1425 720 1452 737 n.

1076 756 1186 781 Cunus
1203 752 1333 791 argenteis
1356 752 1462 780 laminis
1481 759 1506 780 et
1519 762 1584 780 auro
1598 751 1694 790 operti.
1712 756 1770 778 vn.

1035 802 1099 826 713.
1114 808 1138 825 c.
1155 803 1180 825 et
1193 808 1207 824 :t
1222 796 1303 824 mulis
1318 797 1386 825 albis
1399 796 1485 824 tracti.
1501 803 1545 824 XI.
1566 800 1628 823 175.
1644 806 1670 822 A.
1687 795 1772 832 Impe-

1037 841 1131 869 ratoris
1145 851 1238 869 currus
1254 839 1355 878 lapillis
1364 862 1370 873 ‚
1382 839 1492 867 laminis
1501 838 1649 866 mobilibus
1657 843 1774 872 ornatus,

1035 891 1059 912 et
1071 885 1219 924 cumpequis
1232 894 1296 912 :turo
1306 883 1447 919 decoratis,
1460 883 1503 912 vel
1511 883 1577 921 jugo
1589 881 1722 909 mularum
1732 880 1773 908 al-

1035 927 1142 956 barum.
1161 935 1205 955 VI.
1222 932 1286 955 349.

1076 974 1228 999 Cunsonrm
1243 981 1299 998 mos
1315 969 1470 998 imitandus.
1487 976 1519 998 v.
1537 973 1600 997 632.
1614 978 1637 996 B.
1652 978 1678 996 c.

1075 1018 1179 1044 Cosros
1190 1014 1302 1043 carceris
1314 1025 1328 1041 a
1341 1014 1425 1042 Paulo
1434 1013 1524 1042 salvus
1533 1013 1627 1041 sactus.
1643 1016 1771 1040 ,st-650.

1036 1063 1081 1087 66.

1075 1109 1209 1135 Crmnim
1230 1109 1297 1134 inter
1312 1105 1418 1134 diversa
1436 1105 1609 1133 instrumenta
1631 1104 1774 1132 chororum

1037 1150 1150 1178 Davidis
1163 1156 1351 1178 memorantur.
1367 1157 1397 1177 v.
1412 1154 1477 1177 649.
1493 1160 1518 1176 B.

1076 1195 1183 1221 mecs
1200 1193 1256 1220 lues
1271 1192 1346 1230 quasi
1367 1193 1462 1220 umbra
1477 1199 1501 1220 ct
1517 1191 1649 1219 somnium
1665 1195 1776 1229 praeter-

1036 1236 1077 1264 iit.
1092 1244 1148 1265 VII.
1169 1241 1232 1264 431.
1254 1246 1278 1263 Β.
1301 1235 1403 1274 Cynica
1417 1235 1533 1274 piacula,
1550 1235 1588 1263 sic
1603 1232 1776 1273 philosophos

1037 1287 1111 1308 vocat
1128 1280 1348 1318 Chrysostomus.
1366 1286 1398 1308 II.
1417 1284 1481 1307 204.

1077 1326 1187 1351 Crpncs
1203 1323 1288 1351 insula
1301 1333 1315 1350 a
1330 1323 1511 1351 Marcionistis
1527 1332 1662 1362 oppressa.
1676 1328 1696 1349 1.
1712 1324 1775 1348 872.

1076 1370 1275 1395 CYRENENslUM
1289 1366 1361 1404 regio
1374 1373 1399 1394 et
1410 1366 1550 1394 habitatio.
1564 1373 1610 1395 IX.
1630 1370 1691 1393 138.
1705 1374 1733 1392 n.

1074 1413 1189 1439 Cmmn
1209 1409 1329 1449 praesidis
1344 1410 1436 1448 primae
1453 1409 1638 1448 descriptionis
1653 1415 1772 1446 tempore

1035 1457 1127 1485 Jesum
1138 1461 1227 1482 natum
1241 1464 1296 1482 esse
1308 1460 1417 1482 constat.
1436 1461 1468 1482 II.
1483 1458 1547 1482 420.
1562 1464 1588 1481 c.
1603 1454 1665 1482 Haec
1675 1450 1775 1479 descri-

1037 1499 1091 1538 ptio
1107 1499 1197 1526 Romae
1213 1498 1408 1525 asservabatur.
1423 1499 1468 1527 lb.
1485 1508 1513 1528 n.

1078 1545 1216 1571 Crmicus
1230 1540 1368 1569 diaconus.
1383 1548 1429 1570 III.
1446 1545 1507 1569 828.
1522 1553 1548 1569 A.
1560 1539 1655 1568 missus
1666 1549 1679 1567 a
1691 1538 1776 1576 Chry·

1037 1594 1152 1615 sostomo
1167 1586 1200 1613 ad
1223 1595 1317 1624 papam
1339 1585 1535 1613 Innocentium.
1561 1587 1625 1611 615.
1649 1593 1676 1610 A.
1695 1583 1777 1610 Inno-

1038 1631 1139 1659 centius
1153 1629 1187 1658 ad
1204 1629 1424 1668 Cbrysostomum
1440 1628 1518 1656 illum
1533 1626 1653 1655 remittit.
1671 1630 1733 1654 623.
1746 1636 1774 1653 D.

1079 1674 1196 1713 Cyriaco
1228 1672 1384 1712 presbytero
1412 1672 1505 1700 scribit
1535 1671 1566 1701 S.
1602 1670 1704 1699 doctor.
1731 1676 1776 1698 III.

1039 1723 1103 1747 888.
1121 1728 1147 1746 n.
1169 1716 1295 1756 Cyriaco,
1308 1716 1427 1750 Valerio,
1444 1717 1532 1747 Casto,
1543 1715 1704 1753 Diophanto‚
1716 1715 1776 1751 pret

1038 1761 1153 1800 sbytcris
1169 1760 1391 1788 Antiochensibus
1405 1759 1497 1788 scribit
1512 1760 1538 1787 S.
1554 1759 1658 1788 doctor.
1672 1762 1772 1787 755.n.

1039 1809 1104 1833 757.
1126 1815 1153 1834 Β.
1180 1815 1204 1832 c.
1228 1809 1293 1832 785.
1320 1814 1347 1831 ε.
1365 1808 1429 1831 813.
1443 1814 1469 1830 A.
1483 1807 1547 1831 872.
1564 1812 1636 1831 D.1·:.

1080 1851 1218 1877 merxcus
1228 1848 1368 1886 episcopus
1398 1854 1443 1875 111.
1460 1851 1523 1875 872.
1535 1846 1637 1874 amicus
1657 1844 1778 1884 Chryso—

1040 1892 1128 1920 stomi.
1142 1896 1207 1920 712.
1221 1892 1298 1930 pulso
1310 1891 1338 1918 S.
1356 1890 1464 1918 doctore
1476 1890 1543 1927 fugit
1555 1890 1777 1918 Romam,625.n.

1040 1936 1081 1963 Ad
1092 1935 1178 1974 ipsum
1190 1935 1283 1963 scribit
1295 1934 1512 1973 Clirysostomus.
1524 1937 1589 1961 756.
1600 1942 1626 1962 C.
1639 1936 1737 1961 1).859.
1748 1941 1776 1959 c,

1040 1981 1141 2008 Iterum
1160 1979 1275 2018 Cyriaco
1298 1979 1392 2006 scribit
1407 1977 1549 2006 exsulanti.
1572 1980 1636 2004 804.
1659 1986 1686 2004 A.
1711 1985 1775 2013 sqq.

1041 2022 1166 2062 Cyriaco,
1185 2022 1329 2055 Demetrio,
1345 2020 1464 2049 Palladio
1479 2027 1503 2048 et
1519 2019 1632 2058 Eulysio
1646 2017 1777 2056 episcopis

1041 2066 1154 2104 epistola
1165 2066 1192 2094 S.
1212 2064 1409 2103 Clirysostomi.
1422 2068 1484 2091 827.
1502 2074 1531 2090 n.

1080 2112 1150 2137 Cym
1166 2108 1294 2148 puerilem
1313 2107 1505 2136 institutionem
1523 2105 1665 2144 descripsit
1684 2103 1776 2132 Xeno-

1041 2152 1122 2192 phon.
1141 2160 1185 2181 VI.
1200 2158 1265 2181 370.
1278 2154 1297 2179 A
1311 2154 1383 2190 Cyro
1395 2161 1477 2188 usque
1488 2149 1521 2177 ad
1536 2149 1697 2177 Antiochum
1712 2147 1777 2186 Epi-

1042 2196 1155 2235 phanem
1171 2203 1232 2224 sunt
1242 2195 1303 2223 anni
1318 2200 1467 2223 CCCXCIV.
1485 2193 1520 2223 T.
1539 2200 1558 2221 I.
1575 2198 1640 2221 787.
1654 2203 1679 2220 Β.

1084 2242 1231 2268 Crrnzmo
1242 2238 1335 2267 scribit
1349 2237 1567 2276 Chrysostomus.
1581 2244 1627 2267 111.
1641 2240 1706 2265 767.
1716 2245 1778 2264 Aa.
