1884 2922
722 215 824 239 INDEX

82 282 139 320 ejus
164 281 276 320 species.
297 288 354 310 VII.
387 286 450 310 498.
479 293 504 310 B.
534 282 620 310 Furor
650 281 760 319 quidam
785 289 824 310 est

80 324 194 355 invidia.
210 332 244 353 x.
262 329 326 354 748.
339 336 368 354 n.
381 325 434 353 sera
449 331 664 353 venenosaXIII.
682 329 786 354 373.1).
800 332 825 353 et

81 368 174 397 multis
191 369 318 397 instructa
334 369 480 408 capitibus.
496 375 553 397 VII.
569 373 633 397 498.
651 375 730 406 atque
750 369 824 396 virus

81 412 248 440 mortiferum
258 412 360 440 animos
375 422 518 450 occupans,
532 418 601 440 VIII.
618 416 679 442 103.
693 413 823 448 3011311-

80 462 139 483 tum
155 456 256 484 malum
268 457 313 484 sii.
332 463 351 486 1.
372 460 619 484 1531136711...
639 467 662 484 r..
679 463 736 484 vu.
757 461 821 487 491,

81 504 228 529 n.-¹598.1³.
243 507 314 528 ΠΙΙ.
332 504 395 528 247.
413 507 459 528 XI.
475 504 538 528 474.
559 510 574 527 c
598 499 672 528 Nihil
685 507 722 528 est
735 500 821 539 pejus.

82 548 151 571 VIII.
169 548 234 572 232.
251 554 277 572 c.
295 549 361 575 372.
380 554 404 573 Β.
430 544 500 572 1111111
514 543 643 573 deterius.
660 549 723 573 325.
741 556 768 572 A.
786 544 825 571 Si·

80 586 227 615 mulatione
248 594 286 616 est
311 589 400 626 plena.
417 595 486 616 VIII.
516 593 581 616 444.
609 599 635 616 e.
664 588 822 625 n.¹111vidi.e

81 631 185 659 nullum
197 642 245 670 par
261 631 372 660 malum.
390 639 446 660 VII.
460 636 522 660 496.
537 642 565 659 D.
586 631 632 659 Est
646 632 718 660 bello
737 632 823 671 perui<

79 675 186 704 ciosior.
206 683 252 704 IX.
271 680 333 704 537.
350 688 376 704 A.
402 675 491 704 Radix
506 675 647 704 homicidii
663 676 765 704 invidia
782 680 823 713 (ct

78 718 182 747 fructus
198 719 307 748 invidiae
322 719 527 756 homicidium).
547 727 593 748 IV.
610 724 674 748 605.
690 731 716 748 Α.
734 720 823 748 Caedis

78 770 117 791 est
130 770 225 792 mater.
240 771 309 793 VIII.
328 769 393 793 247.
408 775 436 794 A.
451 764 639 792 Fornicatione
649 771 673 792 et
688 764 822 792 adulterio

78 807 153 846 pejor
166 815 204 835 est
217 807 330 836 invidia.
346 809 388 836 ΙΙ).
413 814 440 836 et
454 815 513 838 VII.
530 813 594 836 497.
617 819 643 838 e.
661 819 688 836 D.
705 809 824 837 Gravior

79 861 186 889 quoque
200 858 238 880 est
257 852 379 881 avaritia.
396 859 427 880 X.
443 857 508 880 330.
525 862 551 880 c.
571 852 664 880 Anima
678 852 764 880 lix-oie
779 854 822 881 in-

78 895 161 923 vidiae
176 896 270 924 affecta
283 919 289 931 ,
305 896 380 924 nullo
395 896 465 924 cedit
478 896 617 926 miraculo.
635 903 692 924 VII.
712 902 774 925 187.
792 908 818 926 n.

78 940 134 969 Phi
154 948 193 969 est
212 941 314 969 invidia
328 962 336 975 ,
360 951 412 969 non
428 940 530 969 sincera
544 940 675 979 reperitur
689 942 818 971 amicitia.

79 991 138 1014 VII.
153 989 218 1013 665.
234 997 261 1012 A.
277 985 331 1013 imo
342 985 437 1013 caritas
449 995 559 1024 prorsus
571 984 674 1012 sublata
686 992 734 1016 est,
749 993 819 1014 VIII.

77 1033 142 1059 247.
162 1041 188 1057 A.
212 1030 243 1057 In
261 1029 366 1057 invidia
388 1029 466 1068 culpa
482 1030 613 1068 reperitur
628 1029 748 1058 omnium
769 1030 821 1058 de-

77 1073 196 1101 terrima.
218 1080 290 1102 VIII.
305 1078 369 1101 248.
383 1073 488 1101 Invidia
501 1083 533 1101 ne
549 1072 642 1111 pulcra
654 1073 762 1111 quidem
777 1075 820 1103 in-

78 1117 147 1145 tueri
161 1117 243 1153 sinit3
257 1125 301 1146 aut
316 1117 337 1145 si
351 1117 482 1156 permittit
496 1116 607 1152 intueri,
622 1124 647 1145 at
659 1128 711 1146 non
724 1119 820 1148 iisdem

78 1161 172 1189 oculis.
188 1168 233 1190 VI.
247 1166 311 1190 272.
329 1172 353 1190 c.
371 1169 440 1190 vni.
459 1167 522 1190 444.
542 1173 564 1190 c.

118 1205 232 1233 Invidiae
247 1205 357 1233 morbus
371 1211 396 1233 et
410 1206 520 1234 effectus
542 1207 599 1245 ejus
619 1206 819 1236 deseribuntur.

79 1255 126 1278 IV.
140 1253 202 1278 5411.
218 1259 246 1277 Ε.
260 1260 286 1277 Δ.
299 1254 362 1278 545.
376 1257 433 1278 VII.
449 1254 513 1278 496.
532 1262 560 1278 A.
578 1256 642 1281 497.
659 1259 692 1281 X.
708 1256 773 1282 330.
791 1264 817 1281 C.

78 1292 151 1321 Bona
166 1293 255 1322 omnia
270 1293 434 1333 pessumdat.
452 1301 498 1323 IX.
517 1299 582 1322 535.
597 1295 703 1329 Quanta
717 1297 781 1324 vitia
796 1303 821 1324 et

77 1337 174 1365 damna
186 1338 283 1376 pariat.
297 1345 366 1366 VIII.
379 1343 443 1366 444.
459 1348 484 1368 C.
502 1349 529 1366 D.
547 1343 612 1367 445.
626 1346 660 1367 X.
676 1345 742 1368 723.
755 1351 782 1369 1).
795 1352 821 1368 Ii.

77 1381 185 1410 Invidia
197 1404 204 1416 ‚
226 1383 299 1410 velut
313 1383 459 1421 perniciosa
471 1381 594 1420 quaedam
606 1383 683 1412 radix
694 1407 700 1419 ,
712 1384 820 1413 iracun-

78 1425 162 1462 diam,
179 1426 371 1464 arrogantiam,
387 1433 449 1461 etc.‚
461 1426 568 1464 gignere
581 1437 633 1455 non
644 1427 757 1457 desistit.
784 1437 816 1458 X.

78 1474 143 1498 754.
153 1481 178 1498 Β.
191 1470 308 1498 maxime
320 1481 381 1499 vero
389 1470 511 1504 dissidia.
524 1470 669 1500 divisiones
679 1479 704 1500 et
716 1483 821 1502 aecusa-

78 1514 172 1542 tiones.
182 1519 235 1543 338
257 1519 322 1543 754.
335 1526 361 1543 Β.
374 1514 546 1553 Quantaejus
559 1516 688 1553 tyrannis.
702 1524 747 1545 Ix.
757 1522 819 1546 535.

77 1568 103 1588 c.
116 1569 174 1596 quae
183 1558 316 1587 Eeclesias
330 1558 447 1597 integras
459 1559 599 1596 subvertit,
612 1567 636 1588 et
649 1567 732 1589 totum
747 1561 820 1590 labe-

76 1602 184 1631 factavit
197 1602 298 1632 orbem.
319 1610 389 1631 VIII.
407 1608 460 1631 2-'17
497 1615 521 1631 A·
546 1604 683 1632 Perillam
699 1615 770 1633 mors
792 1607 819 1634 111

76 1645 208 1674 mundum
228 1646 349 1675 intravit.
372 1654 441 1676 VIII.
469 1652 573 1676 3231.
595 1648 702 1676 Invidia
718 1649 820 1678 diaboli

77 1689 164 1718 Adam
178 1691 254 1729 ejecit
268 1702 282 1719 e
301 1691 442 1730 paradiso,
456 1698 481 1719 et
496 1691 572 1720 illum
590 1692 697 1721 occidit.
717 1698 780 1722 365.
794 1705 818 1722 r..

76 1732 182 1761 Invidia
199 1735 316 1773 Josepho
339 1745 451 1773 regnum
472 1734 572 1763 attulit.
599 1743 620 1774 I.
651 1740 715 1766 930.
740 1747 765 1764 Β.
792 1748 818 1765 c.

76 1777 233 1805 Judaeorum
255 1777 360 1806 invidia
382 1779 408 1806 in
435 1779 617 1807 centurionem
631 1801 638 1814 ,
661 1780 737 1818 cujus
752 1791 820 1819 puer

75 1821 276 1850 infirmabatur.
299 1829 355 1851 VII.
371 1827 435 1852 3:58.
453 1833 478 1851 Β.
499 1833 525 1850 c.
544 1823 650 1851 Invidia
670 1823 816 1862 ingratum.

77 1872 123 1894 ΙΙΙ,
139 1871 185 1894 70.
202 1873 227 1894 et
240 1866 352 1894 stultum
368 1867 450 1895 efficit
467 1867 616 1896 hominem.
638 1875 684 1896 lx.
708 1873 771 1897 142.
793 1879 821 1899 e.

76 1916 101 1937 et
115 1909 195 1938 illum
207 1918 333 1939 excaecat.
350 1919 408 1940 VII.
427 1916 491 1942 358.
509 1922 534 1939 e.
553 1918 620 1940 VIII.
641 1917 705 1940 444.
727 1923 753 1940 c.
775 1913 824 1941 In-

75 1953 150 1981 vidia
175 1965 245 1993 saepe
265 1965 353 1983 seeum
380 1962 492 1995 pugnat.
525 1962 581 1984 VII.
603 1960 666 1985 555.
694 1966 721 1983 Α.
740 1956 822 1985 Bonis

75 2008 183 2036 quoque
195 1999 251 2027 suis
262 1999 412 2029 insidiatur.
427 2006 484 2028 VII.
502 2004 569 2028 705.
579 2000 682 2037 Pugnat
693 1999 822 2029 adversus

75 2041 220 2070 domestica
235 2043 340 2071 decora.
363 2051 384 2072 I.
403 2048 467 2073 930.
481 2055 508 2071 Β.
525 2042 633 2072 Invidia
647 2043 748 2072 invidis
762 2055 821 2082 per-

76 2084 185 2114 niciosa.
204 2093 276 2115 VIII.
293 2092 357 2116 103.
375 2097 401 2116 E.

115 2129 222 2159 Invidia
243 2141 391 2171 pauperum
406 2141 467 2169 erga
481 2130 588 2158 divites.
615 2137 645 2159 V.
664 2135 729 2159 610.
749 2141 772 2158 Β.
792 2142 819 2162 c.

74 2171 211 2213 Episcopo
230 2185 280 2202 non
295 2181 335 2203 est
353 2174 471 2203 timenda
491 2174 606 2203 invidia.
621 2181 642 2204 I.
661 2179 724 2205 509.
742 2185 770 2204 D.
790 2187 816 2204 E.

74 2216 180 2245 Invidia
192 2217 347 2257 deponenda
363 2226 388 2247 et
402 2218 534 2258 pellenda.
552 2220 598 2248 lb.
622 2226 648 2246 el
663 2226 696 2247 ΙΙ.
714 2223 778 2248 281.
790 2231 818 2248 A.

75 2267 123 2290 IX.
141 2266 206 2290 535.
224 2272 252 2290 n.
285 2262 427 2300 quomodo.
443 2270 476 2292 X.
492 2267 556 2291 319.
579 2273 605 2290 c.
624 2262 669 2291 Ad
686 2262 819 2292 invidiam

75 2305 222 2334 curandam
237 2305 363 2334 remedia.
386 2313 443 2334 VII.
467 2310 532 2335 497.

114 2352 277 2379 vamont‘n
301 2350 397 2378 misera
417 2349 544 2378 conditio.
561 2357 580 2379 Ι.
603 2354 668 2379 862.
686 2360 709 2378 Β.
733 2361 758 2378 c.
786 2358 818 2380 V.

76 2400 121 2423 87.
137 2401 208 2422 VIII.
226 2398 289 2422 247.
305 2404 335 2422 n.
351 2393 511 2421 Invidorum
525 2394 658 2432 exempla.
673 2401 729 2423 VII.
753 2399 817 2423 497.

76 2450 104 2468 n.
124 2437 221 2466 Invido
236 2437 305 2466 nihil
322 2437 455 2465 miserius.
470 2444 491 2466 Ι.
506 2441 569 2465 930.
582 2447 608 2466 c.
634 2439 721 2466 Avaro
742 2439 816 2477 pejor

77 2489 124 2511 est.
138 2490 171 2511 x.
190 2487 254 2510 330.
273 2492 301 2510 n.
318 2486 383 2509 331.
397 2492 425 2510 A.
441 2481 478 2509 Ut
492 2491 568 2509 canes
577 2480 679 2518 rabidi,
691 2483 816 2511 scarabaei

77 2526 104 2554 in
122 2526 203 2561 fimo,
219 2526 287 2553 sieut
301 2535 346 2553 sus
360 2525 387 2552 in
401 2524 475 2561 lum,
495 2525 564 2553 sicut
583 2524 717 2554 daemones
731 2526 818 2555 infesti

77 2578 103 2600 et
115 2571 214 2600 seroces
228 2578 252 2600 et
267 2571 330 2610 ipsae
345 2570 433 2609 furiae,
451 2569 490 2598 sic
509 2569 607 2600 invidi.
627 2577 686 2599 VII.
703 2576 767 2602 496.
786 2582 813 2600 n.

854 216 980 239 RERUM.

1556 212 1618 246 281

880 277 955 306 Nihil
970 288 1032 306 cum
1052 279 1153 308 ratione
1165 285 1295 318 operatur
1314 279 1432 310 invidus.
1447 289 1492 312 IV.
1507 288 1571 313 585.
1592 295 1620 313 Α.

880 322 938 349 Non
959 328 1044 360 potest
1066 323 1180 361 henigne
1204 323 1296 352 videre
1317 324 1431 353 aliorum
1451 326 1619 365 felicitatem,

879 365 924 392 sed
937 365 1090 394 felicitatem
1103 367 1219 405 proximi
1241 378 1315 395 suam
1332 375 1407 406 putat
1429 370 1620 400 infelicitatem.

880 415 926 436 IV.
938 410 1090 438 586.1nalis
1103 417 1191 438 autem
1204 411 1319 440 laetatur.
1336 419 1367 441 V.
1385 413 1572 443 510.Inv1'dus
1583 425 1622 443 se-

879 451 982 490 ipsum,
1011 464 1061 481 non
1085 465 1145 482 eum
1169 456 1211 482 cui
1238 455 1352 490 invidet,
1373 456 1456 485 laedit.
1485 464 1540 486 VII.
1557 463 1621 487 497.

879 497 986 529 Quanto
1001 498 1086 535 magis
1101 498 1203 526 invidia
1218 499 1277 536 quis
1291 499 1462 535 laboraverit,
1479 507 1550 530 tanto
1562 513 1621 531 ma-

875 539 933 577 jora
943 540 965 568 ei
976 541 1017 568 cui
1027 541 1127 569 invidet
1137 542 1204 570 bona
1216 542 1386 571 conciliats.
1400 549 1463 573 510.
1474 556 1499 572 Α.
1514 546 1623 575 Mavult

877 583 988 612 invidus
1009 584 1149 614 innumera
1178 586 1247 614 mala
1271 587 1371 625 perpeti
1384 610 1391 621 ‚
1427 599 1505 625 quum
1530 590 1622 618 ridere

879 627 1033 664 proximum
1063 628 1088 656 in
1116 637 1200 668 prelio
1220 629 1325 658 haberi.
1343 638 1362 659 l.
1383 637 1447 662 930.
1467 643 1490 661 Β.
1508 633 1621 662 Invidus

879 677 906 698 ut
919 671 1020 709 perdat,
1036 672 1153 711 seipsum
1171 673 1311 704 interimit.
1327 681 1397 705 VIII.
1412 680 1474 704 373.
1491 688 1514 705 Β.
1530 677 1621 706 Invidi

877 724 945 753 saepe
955 715 981 743 111
991 717 1148 745 conscientia
1159 728 1204 745 sua
1213 717 1295 746 bonos
1301 718 1543 750 adniirantuiuVII.
1553 726 1618 750 225.

878 769 902 786 Β.
924 759 1036 788 Invidus
1047 782 1055 794 ‚
1079 761 1100 788 si
1119 771 1195 789 nemo
1209 771 1271 789 cum
1286 772 1316 790 co
1332 762 1433 790 bellum
1455 771 1547 801 gerat,
1564 765 1622 804 ipse

877 811 937 829 cum
955 803 1041 842 seipso
1056 804 1123 842 gerit
1141 804 1259 840 bellum,
1285 805 1381 842 quovis
1396 816 1456 834 ense
1471 809 1619 845 penetrabi-

877 845 956 874 liores
971 847 996 875 in
1009 858 1036 875 se
1050 848 1222 886 cogitationes
1237 848 1392 884 accendens,
1403 849 1429 876 in
1443 851 1569 880 omnibus
1580 853 1619 880 os-

876 889 997 926 sendens,
1013 892 1131 931 seipsum
1149 893 1282 927 saucians,
1300 899 1324 920 et
1337 903 1428 921 omnes
1440 894 1514 922 velut
1532 895 1620 923 hostes

876 933 993 963 intuens.
1009 943 1041 964 V.
1060 941 1104 964 31.
1124 946 1148 964 Β.
1161 936 1288 964 Tabeseit
1298 943 1323 964 et
1338 937 1407 975 perit
1421 937 1541 973 invidus,
1557 949 1619 967 cum

877 977 950 1006 videt
965 979 1032 1007 alios
1045 980 1115 1008 clare
1128 987 1152 1008 et
1167 991 1292 1019 prospere
1307 988 1423 1018 agentes.
1442 988 1487 1012 Ix.
1504 987 1568 1011 535.
1587 994 1616 1012 D.

876 1023 929 1057 Qui
945 1024 1064 1061 invidet,
1090 1037 1153 1054 eum
1170 1027 1225 1054 Deo
1241 1032 1353 1064 pugnat.
1373 1034 1419 1055 XI.
1434 1032 1496 1055 476.
1518 1035 1618 1056 etcum

875 1068 933 1105 ejus
947 1068 1094 1097 voluntate.
1113 1076 1159 1097 IX.
1173 1073 1237 1098 535.
1251 1080 1279 1097 D.
1294 1069 1406 1098 Invidus
1420 1071 1482 1108 plus
1495 1070 1619 1100 homines

876 1118 984 1139 veretur
1003 1123 1082 1150 quom
1106 1114 1206 1144 Deum.
1223 1120 1266 1141 XI.
1286 1117 1364 1142 1352'.
1381 1124 1407 1141 f.
1428 1115 1575 1143 Fornicarii
1593 1123 1618 1144 et

876 1155 1012 1191 publicani
1023 1157 1049 1184 in
1061 1156 1157 1184 coelum
1170 1157 1268 1185 intrare
1276 1163 1398 1195 possunt,
1411 1157 1519 1186 invidus
1529 1166 1617 1188 auten]

875 1199 1038 1228 excluditur.
1063 1207 1119 1228 VII.
1146 1205 1209 1229 496.
1237 1211 1264 1228 A.
1299 1201 1368 1229 Nam
1392 1201 1556 1231 inaccessum
1579 1211 1618 1232 est

875 1242 971 1271 ecelum
994 1243 1017 1271 ei
1039 1243 1085 1281 qni
1106 1244 1153 1272 tali
1168 1244 1263 1272 morbo
1284 1243 1405 1279 laborat,
1425 1252 1450 1273 et
1474 1246 1518 1275 hic
1537 1247 1616 1275 etiam

876 1288 928 1316 vita
943 1289 1001 1327 ejus
1021 1299 1071 1317 non
1092 1296 1130 1318 est
1153 1289 1254 1319 vitaliS.
1274 1297 1306 1318 x.
1324 1295 1388 1318 332.
1407 1302 1435 1319 A.
1457 1291 1617 1321 lnvidorum

875 1331 935 1360 sinis
948 1333 1149 1371 exspectandus
1166 1340 1186 1361 Ι.
1205 1338 1267 1362 931.
1286 1345 1309 1362 n.

914 1378 1030 1405 Invidia
1043 1378 1176 1405 invidum
1192 1379 1354 1415 conficiLV.
1368 1382 1431 1406 698.
1445 1390 1472 1407 n.
1483 1382 1617 1408 etcuiin-

876 1421 998 1458 videtur,
1012 1421 1199 1449 illustriorem
1214 1421 1320 1448 reddit.
1333 1422 1374 1449 lb.
1391 1423 1508 1451 Invidia
1522 1424 1615 1463 hypo-

875 1466 979 1493 criseos
994 1475 1093 1502 soror,
1110 1466 1198 1493 coedis
1210 1467 1384 1493 seminatrix
1397 1489 1404 1502 ,
1425 1467 1559 1496 draconis
1576 1479 1618 1497 se-

875 1508 1028 1547 men,flos
1043 1510 1158 1545 spirans
1169 1515 1337 1539 mortemx.
1353 1514 1416 1537 733.
1433 1520 1456 1537 Β.

913 1553 1068 1581 lmvocmo
1084 1553 1155 1580 Deia
1172 1553 1249 1581 malis
1265 1553 1368 1581 liberat.
1385 1561 1418 1581 V.
1436 1558 1500 1582 363.
1516 1565 1543 1583 E.
1564 1557 1611 1583 ln-

875 1607 970 1625 vocare
985 1596 1010 1624 in
1028 1597 1155 1631 veritate,
1172 1596 1249 1634 quid.
1268 1604 1314 1625 IX.
1332 1601 1393 1625 309.
1412 1609 1437 1626 n.
1452 1608 1479 1625 c.
1501 1598 1616 1627 Invoca-

873 1640 910 1668 tio
924 1647 949 1668 et
964 1640 1118 1669 intercessio
1133 1646 1296 1668 sauctorum.
1311 1647 1355 1668 IV.
1374 1645 1437 1669 519.
1456 1641 1574 1670 maxime
1586 1643 1612 1670 in

873 1683 1081 1713 calamitatibus.
1096 1691 1138 1712 VI.
1155 1689 1218 1712 318.
1235 1694 1261 1713 c,
1279 1688 1342 1712 319.
1359 1684 1495 1713 Invocatio
1508 1693 1615 1725 marty-

873 1739 945 1756 rum.
963 1736 994 1756 II.
1011 1733 1077 1756 770.
1092 1739 1120 1755 n.
1133 1727 1291 1756 Sanctorum
1302 1734 1326 1755 et
1338 1735 1488 1767 martyrum
1502 1730 1614 1758 invoca-

873 1772 921 1803 tio,
943 1779 962 1801 l.
980 1776 1044 1799 836.
1061 1781 1087 1798 C.

913 1821 943 1848 111
958 1819 984 1847 111
1002 1818 1128 1856 Daniele,
1143 1826 1186 1847 VI.
1204 1823 1270 1849 257.
1286 1829 1312 1847 D.
1330 1820 1418 1848 lumen
1435 1830 1561 1858 inagnum
1579 1822 1613 1850 si-

873 1863 995 1902 gnificat.
1015 1867 1078 1891 258.

913 1912 962 1939 Ina
977 1909 1028 1939 Dei
1045 1921 1096 1938 non
1112 1910 1231 1940 humano
1246 1922 1319 1940 more
1332 1911 1553 1949 intelligenda.v.
1564 1919 1610 1944 47.

872 1966 900 1984 D.
920 1965 948 1983 E.
974 1964 1026 1982 non
1047 1954 1119 1982 enim
1141 1954 1180 1982 ira
1202 1956 1275 1983 Deus
1298 1963 1488 1985 commovetur.
1504 1963 1524 1984 I.
1543 1961 1570 1985 6.
1589 1969 1612 1986 13.

874 2000 959 2028 Causa
971 1998 1017 2026 irae
1031 1997 1131 2026 divinae
1146 2006 1208 2026 sunt
1223 2006 1329 2038 peccata
1342 2006 1443 2029 nostra.
1459 2007 1480 2030 1.
1494 2005 1557 2029 950.
1570 2003 1612 2030 Ira

874 2043 924 2071 Dei
947 2040 1078 2070 novacula
1104 2049 1216 2070 vocatur
1238 2043 1265 2070 in
1280 2043 1442 2081 Scripturis,
1465 2045 1611 2081 quomodo.

874 2094 920 2115 VI.
939 2092 999 2114 100.
1012 2095 1040 2113 n.
1052 2085 1207 2122 Aliquando
1220 2096 1267 2124 per
1285 2086 1374 2124 ignem
1387 2087 1565 2125 significatur.
1579 2096 1610 2117 V.

873 2135 938 2159 223.
952 2140 978 2158 e.

912 2180 955 2207 Ira
976 2178 1045 2206 nihil
1059 2178 1178 2216 turpius,
1193 2178 1260 2206 nihil
1276 2178 1374 2214 vilius,
1391 2179 1461 2208 nihil
1479 2182 1589 2219 gravius
1600 2205 1608 2216 ,

872 2222 941 2250 nihil
955 2222 1085 2260 ingratius
1095 2244 1102 2257 ‚
1115 2221 1184 2249 nihil
1199 2221 1365 2250 damnosius.
1380 2229 1427 2252 lx.
1448 2229 1511 2253 146.
1525 2238 1552 2255 A.
1570 2226 1612 2254 ni-

871 2266 912 2294 hil
925 2266 1052 2294 deterius.
1072 2272 1131 2295 VII.
1155 2271 1219 2295 170.
1243 2277 1266 2294 Β.
1287 2273 1333 2295 ΙΧ.
1354 2271 1400 2295 63.
1420 2278 1446 2295 Α.
1463 2269 1611 2298 Deterrima

871 2317 896 2338 et
907 2320 974 2337 saeva
990 2310 1044 2337 sera
1060 2315 1108 2339 est.
1120 2316 1178 2337 VII.
1194 2314 1240 2337 73.
1258 2314 1321 2338 330.
1338 2321 1366 2338 o.
1380 2311 1437 2339 sine
1449 2312 1609 2342 freno.V111.

873 2358 918 2381 36.
931 2365 958 2380 A.
976 2352 1052 2381 facile
1062 2351 1192 2380 insiliens.
1206 2359 1264 2381 XII.
1277 2357 1341 2381 581.
1353 2364 1378 2383 Β.
1389 2365 1415 2385 c,
1429 2354 1482 2383 Lco
1494 2356 1612 2385 lacerans

872 2403 920 2425 est.
941 2403 998 2425 VII.
1011 2401 1056 2424 73.
1074 2406 1096 2424 Β.
1119 2401 1143 2424 et
1169 2395 1242 2424 canis
1262 2396 1413 2435 impudens.
1435 2405 1481 2427 Ix.
1499 2404 1562 2428 147.
1582 2411 1610 2429 e.

874 2440 972 2469 Melius
983 2447 1049 2468 esset
1059 2445 1206 2478 serpentem
1220 2439 1246 2467 in
1253 2439 1332 2468 corde
1340 2440 1428 2469 fovere
1435 2452 1515 2478 quam
1530 2443 1608 2472 iram.

868 2491 915 2514 Ix.
928 2489 992 2513 352.
1006 2484 1080 2522 Ignis
1090 2484 1331 2512 esti1·a.VIII.175.
1342 2485 1427 2513 e.11·ae
1440 2492 1527 2515 motus
1538 2488 1611 2516 omni

868 2529 974 2557 flamma
990 2535 1028 2557 est
1044 2528 1156 2556 acutior.
1172 2534 1243 2556 VIII.
1258 2532 1304 2556 36.
1321 2539 1345 2556 Ε.
1360 2528 1402 2556 Ira
1414 2531 1490 2567 quasi
1505 2531 1607 2560 fulmen

869 2579 894 2601 et
906 2579 1047 2612 tempestas
1063 2572 1089 2600 in
1103 2572 1221 2600 animam
1237 2571 1325 2600 irruit.
1344 2579 1400 2602 XII.
1415 2578 1478 2603 581,
1488 2585 1515 2602 c.
1527 2575 1609 2614 Ejus-

1429 2629 1473 2655 18.
