1884 2922
749 221 779 242 IN
787 220 851 243 Dtsx
881 221 962 242 IIEIIU
969 222 1005 243 M.

137 282 202 309 Eva
223 283 320 320 prima
335 283 421 320 virgo
434 282 575 319 paradisi.
590 287 623 310 II.
643 286 708 310 979.
731 292 753 309 n.
775 283 839 310 Emi

95 336 148 362 per
160 326 290 353 Mariam
306 332 412 354 erecta.
430 333 464 354 II.
482 330 546 356 965.
562 336 587 354 c.

138 369 353 398 EvANGELIsTAE
361 377 385 398 ct
397 370 531 409 prophetae
539 368 733 398 dissei-entim:
742 374 804 398 197.
812 381 836 398 n.

97 417 274 456 Evangelistae
290 429 337 446 cur
351 429 387 446 ex
401 418 528 457 apostolis
550 418 613 454 duo,
639 428 672 446 ex
698 417 839 457 discipulis

95 462 279 500 apostolorum
304 462 359 491 duo
375 464 437 491 item
458 463 566 491 fuerint.
587 469 646 491 VII.
664 466 692 490 6.
711 461 837 500 Evange—

96 506 163 534 lisiae
176 506 285 534 ubinam
297 507 397 545 singuli
408 507 578 546 scripserint,
592 517 644 535 non
656 513 694 534 est
709 516 756 534 cur
769 506 837 534 mul-

96 558 155 579 tum
166 550 341 589 disquiratur.
362 558 419 580 VII.
436 556 462 582 9.
478 563 502 579 Β.

137 595 371 633 Evangelistarum
405 595 534 624 veracitas
573 594 741 623 admiranda.
777 602 836 626 Vll.

98 643 164 667 907.
184 650 212 669 ε.
236 650 263 667 A.
280 639 460 677 Evangelistae
488 639 674 669 conciliantur.
695 646 752 670 VII.
770 644 835 669 206.

97 692 123 710 E.
138 693 164 710 A.
176 687 241 711 207.
256 689 312 711 VII.
324 687 387 711 377.
400 694 425 711 c.
440 688 539 711 4043.
550 693 574 711 c.
589 687 654 711 492.
672 693 695 711 Β.
712 693 736 711 c.
749 687 794 713 63.
809 695 835 712 A.

97 730 163 755 605.
180 737 206 755 c.
224 733 295 755 VIII.
309 731 373 755 249.
389 739 413 755 A.
428 731 491 757 250.
508 726 609 754 Eorum
622 726 772 755 concordia.

98 777 156 799 VII.
183 775 247 799 377.
272 782 298 799 c.
324 772 477 809 Numquam
494 771 561 799 inter
576 782 603 799 se
627 778 756 809 pugnant.
780 778 836 799 VII.

96 818 161 843 380.
178 827 203 843 A.
217 816 371 853 Numquam
396 825 458 843 vere
477 814 648 843 dissentiunt.
676 821 732 843 vu.
757 819 784 843 6.
808 824 833 841 11.

95 868 123 885 c.
142 869 167 887 A.
182 863 210 888 7.
227 869 251 886 Β.
275 864 301 887 9.
316 869 344 886 A.
363 869 387 886 Β.
416 864 460 886 10.
484 869 510 886 A.
538 865 582 886 III.
606 862 652 886 46.
676 868 702 886 n.
722 863 768 887 47.
791 863 835 887 48.

95 902 275 941 Evangelistae
287 913 334 930 cnr
347 912 399 930 non
412 912 504 930 omnes
522 901 615 929 eadem
633 901 799 940 scripserint,
811 909 836 930 et

50 965 56 969 -
93 946 193 974 omnia.
215 954 236 974 Ι.
265 950 328 974 876.
350 957 376 973 Β.
403 957 428 974 c.
454 952 489 974 II.
515 950 581 974 772.
598 957 626 973 B.
643 952 742 974 A.VII.
762 951 790 974 7.
806 957 830 974 n.

94 990 279 1029 Evangelistas
296 1000 387 1018 omnes
400 990 519 1029 Spiritus
529 1000 598 1018 unus
610 989 745 1019 movebat.
763 997 833 1019 VIII.

92 1039 138 1063 31.
151 1045 176 1063 c.

133 1078 313 1117 Evangelistae
329 1078 472 1117 piscatores
493 1085 518 1106 et
528 1077 648 1106 illiterati
658 1077 763 1106 nonnisi
776 1078 835 1106 vir-

91 1129 146 1151 tute
158 1122 250 1151 divina
262 1123 297 1151 ita
311 1130 422 1162 potuere
435 1122 697 1162 philosophariwlt.
712 1128 754 1150 10.
766 1133 792 1150 A.
806 1133 832 1152 Β.

92 1167 270 1205 Evangelistae
286 1173 338 1196 tres
354 1167 457 1206 priores
470 1167 590 1206 fulgura,
602 1168 717 1196 Joanncs
733 1167 832 1194 tonitru

88 1210 150 1240 fuit.
170 1218 228 1240 XII.
246 1216 309 1239 567.
332 1223 360 1239 E.
376 1211 556 1248 Evangelistae
575 1221 676 1246 omnes,
689 1221 742 1238 uno
757 1222 833 1239 exce-

91 1262 136 1294 pto
153 1256 265 1292 Jomne,
279 1255 313 1283 ab
328 1255 493 1284 humanitate
508 1255 609 1284 Christi
622 1255 768 1293 Evangelia
785 1266 832 1284 sua

91 1298 277 1335 exordiuntur,
293 1306 317 1327 et
331 1310 423 1337 quare.
440 1307 509 1328 VIII.
529 1305 574 1328 30.
597 1311 623 1330 Ε.
642 1303 687 1329 31.
705 1299 831 1338 Iis-ange„

90 1342 159 1371 lisiae
175 1343 292 1372 humana
305 1343 339 1372 de
350 1344 457 1373 Christo
472 1344 602 1372 scribunt.
626 1350 696 1372 VIII.
715 1348 779 1372 433.
800 1355 829 1373 D.

92 1386 271 1426 Evangelistae
297 1388 381 1416 multa
396 1388 496 1416 Christi
519 1387 648 1416 miracula
672 1395 831 1426 praetercur-

92 1437 241 1468 runtsnon
256 1431 394 1469 sigillatim
410 1438 571 1459 recensentes
584 1453 592 1465 ,
607 1431 652 1459 sed
676 1441 728 1459 uno
750 1432 831 1460 verbo

89 1475 202 1514 pelagus
224 1475 382 1504 immensum
398 1475 587 1504 miraculorum
605 1475 752 1504 reserentes.
771 1483 828 1505 VII.

90 1523 154 1547 370.
175 1529 199 1547 c.
215 1520 394 1558 Evangelistae
417 1519 600 1558 apostolorum
620 1519 665 1557 qui
681 1526 750 1547 artes
766 1520 831 1549 viles

90 1562 132 1590 vel
160 1569 250 1602 turpes
277 1563 434 1592 exercebant
447 1586 454 1600 ‚
471 1564 637 1592 vocationem
662 1571 811 1593 memorant
820 1576 828 1601 ς

90 1617 165 1635 secus
187 1607 311 1635 aliorum.
327 1615 382 1636 VII.
402 1613 466 1637 393.
487 1619 513 1638 Β.
535 1612 597 1637 394.
614 1619 639 1636 c.
658 1619 686 1636 n.
706 1608 830 1646 Evange-

88 1650 157 1679 listae
177 1661 226 1679 cnr
245 1662 334 1680 omnes
349 1652 420 1680 Petri
439 1652 605 1691 negationem
621 1659 738 1683 narrent,
757 1659 828 1683 VIII.

89 1699 154 1724 562.
172 1706 200 1723 Ε.

132 1740 334 1768 ΕνΑΝαΕιιωι.
353 1739 498 1778 Evangelia
519 1740 584 1778 quid
604 1740 666 1774 sint,
687 1748 711 1769 et
733 1752 780 1770 cur
794 1743 830 1771 ita

89 1791 229 1812 vocentur.
244 1791 290 1812 IX.
310 1789 374 1813 170.
402 1795 430 1812 n.
450 1789 514 1814 171..
533 1785 711 1823 Evangelium
721 1785 830 1815 historia

89 1834 136 1855 cst.
153 1835 210 1856 VII.
231 1833 256 1856 5.
269 1839 294 1856 c.
309 1828 455 1865 Evangelia
465 1828 575 1857 historia
587 1836 648 1857 sunt
668 1840 758 1858 eorum
771 1842 829 1869 quae

89 1871 212 1900 Christus
224 1872 286 1900 fecit
297 1879 322 1900 et
333 1872 403 1900 dixit
416 1885 422 1906 ;
435 1875 501 1901 Acta
513 1883 574 1901 vero
585 1883 677 1902 eorum
691 1884 751 1912 quae
760 1875 830 1904 alius

87 1916 241 1944 Paracletus
255 1915 326 1944 dixit
340 1923 365 1944 et
379 1916 448 1944 fecit.
462 1924 507 1947 lx.
527 1923 572 1949 10,
590 1929 612 1945 B.
630 1923 674 1948 11.
693 1929 718 1947 c.
734 1919 828 1947 Evan-

88 1959 189 1996 gelium
204 1967 241 1988 est
253 1967 278 1988 et
288 1960 375 1989 Patris
389 1967 414 1988 et
430 1960 501 1990 Filii.
517 1968 562 1990 lx.
581 1966 644 1990 476.
659 1972 688 1990 n.
703 1963 828 2000 Evange-

86 2003 117 2032 lii
127 2004 349 2042 promissio‚quin
359 2011 383 2032 et
391 2015 486 2033 nomen
498 2012 522 2033 et
536 2005 632 2034 modus
646 2006 671 2034 in
683 2007 828 2036 veteriTe—

87 2054 220 2076 stamento
242 2048 327 2086 posita
346 2056 416 2078 sunt.
438 2056 485 2078 IX.
504 2054 568 2078 468.
594 2061 616 2078 n.
640 2050 696 2078 Cur
716 2057 827 2088 quatuor

88 2092 260 2130 Evangelia?
278 2099 324 2121 IX.
344 2098 407 2122 171.
427 2094 456 2122 ln
473 2093 628 2132 Evangeliis
641 2093 764 2124 Christus
778 2095 827 2123 mi-

87 2136 179 2164 racula
193 2136 341 2175 prophetiis
361 2137 485 2176 copulat,
499 2137 575 2166 aliud
589 2138 643 2166 alio
655 2139 826 2167 confirmans.

89 2186 135 2208 VI.
149 2184 195 2208 86,
206 2189 232 2206 Β.

130 2223 310 2261 Evangelium
323 2224 443 2252 Matthaei
459 2235 506 2252 cur
517 2224 583 2253 liber
595 2226 769 2267 generationis
780 2237 830 2255 vo-

89 2273 173 2297 cetur.
204 2273 260 2295 VII.
286 2272 331 2297 27.
350 2279 376 2295 c.
399 2269 540 2308 Evangelii
564 2270 675 2299 Joannis
699 2271 826 2308 dignitas.

90 2317 160 2338 VIII.
179 2314 206 2338 2.
220 2321 247 2338 A.
264 2321 290 2338 B.
307 2321 331 2339 c,
343 2311 523 2349 Evangelium
533 2314 644 2342 Joannis
657 2315 767 2352 quinam
787 2314 828 2343 in-

88 2354 208 2392 telligere
223 2355 332 2393 possint.
346 2362 417 2385 VIII.
435 2360 462 2383 3.
478 2367 506 2387 E.
520 2369 545 2385 A.

129 2399 278 2436 Evangelia
293 2409 341 2426 cur
354 2398 498 2436 aliquando
513 2401 581 2429 inter
592 2411 619 2429 se
633 2401 776 2430 dissentire
785 2402 831 2430 vi-

89 2441 214 2470 deantur.
245 2449 303 2471 VII.
331 2446 358 2470 6.
389 2453 413 2470 n.
451 2444 524 2472 Vide
548 2445 767 2474 EVANGELIS'FAE.
799 2447 829 2475 ln

90 2487 249 2525 Evangeliis
274 2497 354 2525 quam
379 2487 470 2516 multae
498 2489 654 2526 quaestiones
679 2497 829 2518 occurrant.

94 2537 150 2559 VII.
169 2535 214 2559 15.
228 2541 253 2558 Β.
271 2541 295 2559 c.

133 2579 274 2617 Evangelii
291 2581 370 2608 verba
381 2587 440 2609 ant(-
455 2581 608 2610 concionern
624 2582 744 2619 legenda.
758 2589 826 2611 VIII.

1572 212 1634 247 251

897 287 942 310 71.
966 293 994 311 A.
1013 293 1035 310 n.
1051 293 1076 311 c.
1094 283 1155 311 Post
1181 282 1334 311 concionem
1349 282 1423 311 domi
1438 283 1528 312 statim
1553 285 1639 313 revol-

896 326 983 355 venda
999 337 1088 356 coram
1106 338 1191 356 uxore
1205 334 1230 356 et
1251 327 1354 356 liberis.
1372 334 1430 356 VII.
1448 333 1495 356 83.
1511 340 1537 356 Α.
1551 329 1640 357 Evan-

894 370 956 409 gelii
981 371 1107 400 audiendi
1129 370 1235 400 modus.
1264 378 1334 400 VIII.
1356 376 1382 400 4.
1407 383 1431 400 Β.
1458 372 1636 410 Evangeliutn

895 416 1001 444 nonnisi
1019 416 1080 444 lotis
1093 416 1218 444 manibus
1233 422 1258 444 et
1274 427 1334 444 curu
1348 423 1463 444 tremore
1476 427 1489 445 a
1507 417 1638 445 Christia-

893 459 934 487 nis
946 460 1111 488 sumebatur.
1126 467 1160 489 II.
1178 465 1240 488 106.
1256 461 1404 499 Evangelia
1417 471 1432 489 e
1443 460 1512 488 collo
1527 471 1637 500 suspen-

891 503 989 532 debant
1002 504 1127 533 muliercs
1141 511 1166 532 ct
1179 504 1283 543 parvuli
1294 515 1343 543 pro
1355 504 1486 533 custodia.
1498 512 1518 533 II
1535 509 1599 534 232.
1610 517 1636 535 E.

894 547 1105 585 Evangeliorum
1125 553 1247 575 contactu
1268 547 1420 585 juramenta
1438 547 1636 587 fieliant‚qt¹0d

891 590 1228 630 dumnatChrysostomus.
1249 598 1282 619 II.
1302 596 1365 619 187.
1381 603 1407 619 A.
1420 603 1443 621 n.

932 641 1074 678 Evangelii
1087 640 1242 678 praedicatio
1254 651 1300 679 per
1312 647 1398 669 totum
1414 642 1516 677 orbem,
1530 642 1575 670 lex
1583 653 1635 670 au-

891 690 944 712 tem
965 691 1041 712 vetus
1067 684 1094 711 in
1111 684 1210 721 angulo
1227 691 1302 712 terrae
1326 684 1388 713 data
1411 692 1458 714 est.
1476 693 1507 714 V.
1527 691 1590 715 243.
1606 698 1633 715 C.

893 727 1070 766 Evangeliuni
1085 727 1179 756 salutis
1192 738 1239 756 cur
1253 728 1289 756 ita
1302 728 1416 757 dietum.
1435 736 1480 758 xl.
1499 734 1540 757 12.
1557 741 1584 758 D.
1604 741 1631 758 E.

892 771 1070 809 Evangelium
1093 771 1185 809 gloriae
1204 781 1252 799 cur
1276 771 1310 799 ita
1330 771 1442 801 dictum.
1461 780 1507 803 xl.
1525 778 1588 802 640.
1606 785 1630 802 B.

891 815 1070 852 Evangelinm
1086 821 1240 853 receperunt
1252 822 1368 853 pastores
1379 816 1472 854 primi.
1486 824 1531 845 lx.
1547 822 1591 845 68.
1602 829 1631 848 n.

892 858 1033 896 Evangelii
1049 858 1203 897 praedicatio
1219 859 1350 897 originem
1368 869 1399 887 ac
1414 858 1530 888 radicem
1549 860 1633 889 ducc-

889 901 935 930 bat
949 913 963 930 e
976 902 1057 931 caelis.
1074 909 1106 931 X.
1117 906 1182 930 782.
1199 913 1225 930 E.
1241 901 1420 940 Evangelium
1436 903 1497 931 vitae
1512 903 1569 931 sine
1583 915 1633 943 ap-

890 953 984 984 paratu
1001 945 1219 973 annuntiabatur.
1235 952 1282 974 IX.
1302 950 1363 973 122.
1379 956 1404 974 c.
1426 946 1568 985 Evangelii
1590 948 1632 976 di-

889 990 952 1018 vina
966 990 1016 1019 vis.
1036 996 1091 1018 VII.
1108 994 1135 1017 4.
1152 1000 1176 1017 n.
1195 993 1220 1018 5.
1239 999 1263 1017 C.
1287 989 1450 1028 Evangelica
1479 991 1632 1029 praedicatio

889 1044 968 1071 quani
989 1033 1089 1063 victrix
1112 1040 1137 1061 et
1165 1033 1270 1061 efficax.
1298 1040 1355 1062 VII.
1386 1039 1450 1063 819.
1480 1039 1544 1064 820.
1569 1043 1629 1064 XII.

890 1082 953 1106 552.
969 1089 993 1106 B.
1015 1089 1042 1108 c.
1059 1077 1228 1115 Evangelicoe
1243 1078 1440 1116 praedicationis
1458 1089 1538 1116 qnam
1553 1079 1632 1107 disfi-

889 1121 1425 1160 ciliatempoi·a.v11.⁸19.olis-angelicae
1437 1122 1633 1160 prcedicationis

888 1165 1029 1204 splendida
1050 1166 1138 1203 imago
1153 1171 1176 1193 et
1198 1163 1353 1203 descriptio.
1373 1172 1404 1195 V.
1420 1170 1484 1195 309.
1508 1178 1536 1194 A.
1558 1177 1582 1194 Β.
1603 1178 1628 1197 c.

888 1209 1031 1247 Evangelii
1053 1208 1220 1238 confirmatio
1242 1208 1309 1246 quid
1329 1208 1372 1239 sit.
1399 1216 1458 1237 XII.
1483 1214 1545 1238 506.
1564 1221 1627 1250 sqq.

888 1253 1055 1291 Evangelicae
1073 1252 1139 1290 legis
1154 1251 1289 1290 perfectio.
1308 1258 1365 1280 VII.
1381 1256 1446 1280 463.
1460 1262 1485 1281 c.

927 1297 954 1325 E
959 1296 1121 1335 vangelium
1137 1295 1221 1333 regni
1241 1294 1352 1322 Christi
1360 1296 1507 1333 prophelae
1518 1298 1628 1335 praedi-

890 1347 971 1375 cant,
982 1341 1109 1368 ministri
1130 1348 1202 1367 vero
1226 1347 1307 1365 novoe
1321 1340 1424 1376 gratiae
1446 1340 1523 1368 illud
1536 1343 1631 1379 ipsum

885 1386 1119 1422 interpretantur.
1139 1389 1184 1410 VI.
1202 1386 1267 1410 471.
1294 1393 1321 1410 A.
1347 1383 1501 1421 Evangelii
1530 1387 1630 1413 virtus

886 1429 936 1456 uhi
946 1429 992 1456 sil.
1011 1434 1056 1455 VI.
1075 1431 1141 1456 925.
1159 1436 1186 1453 n.
1199 1425 1287 1455 col.2.
1301 1426 1630 1465 Evangeliajuratnris

883 1473 1069 1510 porrigebant
1104 1470 1222 1503 clericis
1248 1470 1326 1507 quod
1356 1471 1466 1508 improb
1474 1477 1550 1502 atter.
1582 1478 1626 1500 vt.

886 1514 1084 1544 801.n.c‹›1.1.

925 1564 1123 1593 EcanmsTIA
1144 1572 1192 1589 cur
1206 1561 1244 1590 sic
1257 1562 1418 1600 appelletur.
1439 1569 1496 1592 VII.
1518 1567 1582 1592 352.
1596 1574 1625 1592 D.

886 1608 916 1636 ln
932 1607 1102 1637 Eucharistia
1117 1605 1190 1634 adest
1205 1605 1280 1634 beata
1302 1613 1328 1634 ct
1347 1605 1505 1634 immortalis
1521 1614 1627 1635 natura.

885 1660 904 1681 I.
922 1657 985 1681 468.
1000 1663 1024 1679 n.
1036 1652 1066 1679 In
1083 1649 1251 1680 Eucharistia
1267 1659 1327 1678 earo
1351 1657 1376 1678 ct
1401 1651 1510 1688 sanguis
1528 1651 1629 1679 Christi

884 1704 932 1725 est.
947 1703 980 1725 V.
999 1700 1063 1724 458.
1081 1702 1137 1723 VII.
1157 1698 1220 1722 889.
1238 1705 1263 1722 A.
1282 1704 1306 1722 u.
1328 1698 1392 1722 890.
1410 1704 1435 1722 c.
1458 1704 1486 1721 n.
1506 1705 1533 1724 Ε.
1560 1699 1624 1723 853.

884 1753 910 1769 A.
935 1752 961 1770 B.
978 1741 1018 1768 De
1032 1740 1061 1768 S.
1084 1737 1263 1768 Eucharistiae
1286 1738 1397 1766 veritate
1411 1738 1480 1766 alius
1496 1738 1569 1766 locus
1584 1738 1625 1766 in<

883 1785 978 1824 signis.
997 1792 1027 1813 II.
1043 1788 1089 1813 40.
1112 1793 1136 1813 c.
1152 1788 1196 1811 41.
1215 1782 1247 1810 In
1264 1781 1435 1810 Eucharistia
1449 1792 1510 1810 caro
1525 1789 1550 1810 et
1564 1793 1623 1811 san-

885 1830 944 1868 guis
961 1828 1062 1856 Christi
1088 1838 1134 1867 per
1156 1837 1250 1854 manus
1269 1826 1437 1855 sacerdotnm
1463 1825 1574 1854 dantur.
1603 1834 1623 1855 Ι.

884 1878 949 1902 469.
973 1882 1001 1900 Ε.
1019 1883 1046 1900 A.
1070 1872 1102 1900 In
1118 1870 1288 1899 Eucharistia
1314 1870 1438 1898 Christus
1467 1870 1625 1899 comeditur.

884 1924 943 1946 VII.
967 1920 1032 1945 889.
1058 1926 1085 1945 Ε.
1113 1915 1144 1943 In
1170 1913 1340 1943 Eucharistia
1355 1924 1451 1952 corpus
1479 1920 1505 1942 et
1519 1914 1629 1953 sanguis

884 1961 985 1989 Christi
998 1960 1124 1988 sumitur.
1140 1966 1172 1987 ΙΙ.
1188 1963 1253 1987 430.
1267 1969 1294 1986 A.
1308 1958 1457 1986 Pretiosum
1474 1968 1572 1997 corpus
1586 1969 1628 1987 ac-

883 2005 992 2044 cipitur.
1012 2011 1055 2032 VI.
1071 2008 1133 2032 328.
1151 2013 1178 2032 E.
1193 2001 1294 2031 Christi
1315 2001 1424 2040 sanguis
1446 2008 1524 2039 potus
1548 2002 1626 2030 nobis

883 2056 932 2078 cst.
954 2056 1000 2077 III.
1021 2052 1086 2076 282.
1105 2057 1133 2075 A.
1150 2047 1181 2074 In
1196 2045 1367 2075 Eucharistia
1390 2055 1500 2083 corpore
1516 2046 1626 2074 Domini

884 2091 1190 2128 vescimur‚sauguinem
1211 2096 1343 2128 potamus.
1358 2096 1388 2117 V.
1402 2093 1464 2119 226.
1483 2099 1509 2117 n.
1520 2094 1585 2122 227,
1596 2101 1623 2118 Ε.

883 2142 948 2165 417.
973 2147 1001 2164 A.
1023 2134 1193 2164 Eucharistia
1218 2133 1244 2160 in
1268 2132 1351 2162 veteri
1372 2132 1433 2171 lege
1458 2132 1627 2162 adumbrata.

885 2188 933 2209 ΙΙΙ.
952 2184 1016 2208 282.
1035 2191 1061 2208 Δ.

923 2229 953 2256 In
970 2226 1137 2256 Eucharistia
1152 2235 1204 2253 non
1222 2224 1306 2263 panis,
1320 2234 1372 2252 non
1389 2223 1491 2261 vinum,
1507 2225 1555 2254 sed
1570 2236 1627 2254 cor-

884 2283 934 2311 pus
957 2279 992 2300 cst
1016 2278 1042 2299 ct
1065 2270 1172 2307 sanguis
1195 2268 1306 2297 Christi.
1332 2276 1366 2296 ΙΙ.
1383 2273 1448 2297 412.
1466 2281 1490 2297 A.
1508 2271 1621 2298 413.1n

885 2315 1054 2345 Eucharistia
1065 2314 1143 2353 panis
1154 2313 1358 2341 transformatur
1371 2312 1398 2340 iu
1413 2323 1510 2352 corpus
1521 2314 1622 2342 Christi

884 2371 931 2399 per
944 2360 1001 2388 hacc
1009 2359 1089 2387 verba
1100 2368 1106 2385 t
1118 2358 1183 2385 Hoc
1197 2362 1239 2384 est
1252 2366 1353 2394 corpus
1365 2367 1470 2384 meum.
1479 2364 1513 2387 II.
1525 2362 1619 2388 453.n.

884 2408 949 2432 465.
962 2413 987 2431 13.
1004 2403 1034 2430 In
1056 2399 1227 2430 Eucharistia
1246 2409 1343 2438 corpus
1362 2399 1462 2428 Christi
1477 2400 1624 2439 frangitur,

885 2460 936 2479 non
951 2449 977 2477 in
993 2458 1088 2483 cruce,
1105 2445 1251 2484 quomodo.
1268 2453 1300 2474 X.
1312 2450 1376 2474 250.
1395 2456 1424 2475 n.
1441 2446 1481 2473 De
1495 2446 1627 2476 Euchari-

885 2495 934 2523 stia
956 2494 1031 2522 locus
1053 2493 1080 2520 in
1103 2490 1216 2530 epistola
1238 2489 1272 2518 ad
1285 2489 1431 2518 Caesarinm
1456 2489 1625 2519 monachum.

887 2546 932 2567 III.
943 2542 1007 2566 897.
1019 2548 1043 2564 n.
1053 2547 1078 2564 o.
1092 2535 1163 2562 Vide
1172 2534 1317 2573 quomodo
1329 2533 1520 2571 explicandus
1535 2536 1582 2568 sit,
1595 2537 1625 2562 in

890 2583 1010 2611 Montio.
1029 2584 1093 2608 892.
