1910 2907
476 207 546 236 QUAE:
573 207 605 228 lx
633 205 790 229 omittimus
819 204 1050 228 cunfsos‘rom
1078 204 1332 227 Osssliuvix'mu.

117 283 119 285 ·
139 270 228 299 nensis
251 270 278 298 iu
303 279 395 309 opere,
421 270 457 298 de
483 270 648 309 Oiiginibus
672 279 767 297 rerum
793 274 818 297 et
846 269 881 296 tle

0 1054 32 1084 Τ.)-
47 1053 127 1083 p.336.

0 1097 10 1106 κ,
23 1094 42 1107 c.

138 318 292 356 Scripltlris
314 319 443 345 virorum
467 316 649 350 illustrium,
678 315 796 345 Veneriis
817 325 881 343 cuso

137 373 207 391 anno
223 364 319 397 1347,
339 363 385 391 ubi
401 363 480 391 refert
494 373 572 401 opera
589 362 616 389 S.
632 362 742 391 Joanuis
759 361 881 401 Chryso-

140 410 230 445 smmi,
242 410 343 439 librum
356 410 413 448 ejus
426 415 555 437 memorat
568 409 617 437 hoc
630 408 708 436 titulo
717 408 881 436 :Adversus

139 457 257 485 Arabes
268 458 303 485 de
314 458 533 485 Resurrectione
546 461 721 483 mortuorum
735 454 802 482 libri
814 455 881 488 duo,

139 505 190 541 qui
210 504 347 531 dicebant
370 505 485 531 animas
500 504 574 530 mort
595 512 659 530 curn
679 511 803 538 corpore.
828 500 882 534 Qui

137 549 325 587 Chrysostomi
347 549 427 584 libri,
447 549 469 577 si
488 559 551 577 vere
572 547 648 576 istius
668 547 750 576 sancti
766 547 882 575 doctoris

138 597 255 631 fuerint,
277 597 320 625 vel
342 596 423 624 latent
447 595 564 629 alicubi,
580 594 623 623 vel
647 604 755 633 prorsus
775 593 881 621 interie-

140 650 212 671 runt.
229 642 362 671 Eusebius
376 642 480 671 veroin
493 641 564 670 Hist.
582 640 653 669 Eccl.
667 651 694 679 p.
714 641 770 668 155
781 662 788 675 ⁷
801 639 880 673 dicit,

139 689 242 717 Arabas
258 689 384 727 Origenis
405 695 523 727 tempore
539 687 628 727 palam
645 686 762 722 dixisse,
777 686 881 715 animas

138 735 208 764 mori
222 746 283 764 cum
295 746 407 774 corpore
419 758 426 770 ‚
441 741 467 763 et
479 745 541 762 cum
556 744 586 762 eo
598 739 791 761 resurrecturas
807 742 862 760 esse
875 743 883 760 .-

138 789 218 820 atque
232 781 361 810 adversus
376 781 437 809 illos
447 787 566 810 coactam
577 779 658 807 fuisse
673 777 825 818 Synodum,
838 778 882 806 cui

139 827 226 857 adfuit
239 827 380 866 Origenes.

180 875 284 904 Verum
299 872 455 902 Antiocheni
468 872 509 900 illi
522 872 567 909 qui
578 893 588 909 ,
603 877 666 900 teste
678 870 880 910 Chrysostomo‚

138 921 262 950 futurum
277 919 403 949 saeculum
417 918 568 957 negabant,
585 927 670 955 neque
685 917 786 945 animas
797 927 883 955 neque

141 976 253 1006 corpora
280 972 463 994 resurrectura
490 974 545 992 esse
574 963 713 1003 putabant.
747 962 882 1002 Insignem

139 1023 246 1051 quoque
260 1012 345 1040 alium
366 1010 592 1039 Antiochenorum
608 1009 790 1049 complurium
805 1020 881 1038 erro-

140 1068 196 1086 rem
206 1063 396 1086 commemorat
408 1055 525 1085 Homilia
536 1056 574 1085 98
586 1055 612 1083 in
623 1055 793 1084 Matthaeum.
804 1068 818 1082 «
829 1055 882 1085 Sed

139 1114 189 1133 cur
201 1115 233 1142 n,
258 1098 364 1141 mouit,
382 1114 396 1129 «
412 1102 549 1131 daemones
567 1101 594 1129 in
616 1102 745 1141 sepulcris
770 1102 884 1131 libenter

139 1149 300 1180 versantur?
315 1150 354 1178 Ut
367 1149 543 1188 perniciosam
567 1147 719 1177 doctrinam
735 1148 882 1178 multorum

139 1196 275 1224 mentibus
303 1195 420 1224 inserant
432 1217 440 1229 ,
470 1205 564 1234 nempe
588 1194 691 1223 animas
716 1202 884 1224 mortuorum

138 1241 276 1270 daemonas
299 1241 357 1270 fieri
372 1264 378 1275 ,
398 1240 470 1279 quod
488 1251 521 1269 ne
540 1240 637 1279 cogitet
651 1241 786 1280 quispiam
801 1242 881 1271 absit.

138 1288 194 1317 Sed
218 1287 284 1327 quid
306 1287 394 1324 dicas,
419 1287 544 1325 inquiunt
557 1309 564 1323 ‚
585 1287 619 1315 de
642 1286 884 1325 p1·zestigiatoribus

140 1334 249 1370 multis,
268 1334 314 1372 qui
329 1340 420 1372 captos
442 1343 539 1372 pueros
555 1332 699 1372 jugulant,
722 1340 751 1360 ut
765 1333 884 1362 animam

140 1386 232 1418 postea
257 1379 309 1408 sibi
333 1379 528 1407 ministrantem
554 1378 692 1407 habeant?
717 1379 786 1407 Nam
812 1379 884 1417 quod

136 1426 275 1465 jugulent,
290 1425 341 1454 hoc
353 1425 431 1454 inulti
444 1424 555 1461 dicunt3
571 1425 644 1463 quod
655 1432 743 1453 autem
754 1436 885 1454 caesorum

138 1472 236 1500 animae
250 1482 312 1500 cum
329 1471 394 1510 ipsis
406 1471 476 1507 sint,
489 1471 560 1499 unde
570 1494 577 1507 ‚
590 1481 680 1509 quaeso
689 1495 696 1507 ‚
708 1471 799 1501 nosti?
810 1472 882 1512 Ipsi,

139 1519 280 1557 inquiunt,
296 1517 453 1546 daemoniaci
475 1517 526 1546 hoc
540 1517 633 1547 dicunt
648 1531 655 1547 ε
674 1518 731 1557 Ego
746 1529 806 1548 sum
822 1520 884 1547 ani-

139 1575 182 1593 ma
196 1564 270 1593 illius
282 1564 444 1604 cujuspiam.
460 1565 566 1594 Verum
580 1563 637 1592 haec
653 1564 725 1593 fraus
739 1571 763 1593 et
778 1564 884 1594 fallacia

136 1609 274 1638 diabolica
290 1617 328 1638 est
341 1622 347 1637 x
364 1620 450 1649 neque
465 1610 536 1639 enim
551 1610 639 1638 anima
657 1611 757 1639 mortui
773 1618 811 1639 est
825 1622 884 1650 quse

138 1655 250 1692 clamat,
266 1656 313 1685 sed
326 1655 430 1685 daemon
440 1678 448 1692 ‚
461 1656 507 1695 qui
519 1656 571 1685 hoc
585 1657 693 1685 simulat
707 1664 735 1685 ut
748 1657 884 1687 auditores

1608 207 1674 242 227

936 275 1019 296 stram
1039 279 1072 297 ex
1092 268 1239 297 substantia
1256 267 1307 296 Dei
1326 277 1396 304 esse;
1412 273 1435 295 ‹·t
1451 268 1477 295 in
1493 266 1558 295 alios
1576 266 1677 296 errores

937 321 1033 342 temere
1048 314 1200 342 serebantur
1216 324 1222 341 :
1237 324 1287 351 qua
1299 312 1370 341 dere
1381 312 1532 341 audiendus
1544 320 1582 341 est
1594 313 1679 352 Chry-

937 368 1075 389 sostomus.
1107 361 1137 388 In
1159 360 1214 388 hate
1242 361 1375 389 Geneseos
1399 359 1491 393 verba,
1523 360 1563 387 Ee
1586 361 1828 397 iizss›i-T.4.p.1.m.

1691 403 1710 415 ¹:-
1726 401 1805 415 lona.

937 409 1014 435 ravit
1044 411 1075 434 in
1099 408 1210 446 faciem
1235 406 1300 446 ejus
1330 406 1508 444 spiraculum
1538 408 1629 440 vitoe,
1652 412 1679 435 et

927 453 1034 492 factus
1049 459 1089 481 est
1106 453 1192 481 homo
1206 454 1236 480 in
1249 453 1380 480 annnam
1395 452 1554 486 viventem,
1565 451 1601 480 ait
1614 451 1678 481 illc:

939 512 952 526 «
964 500 1014 528 Hic
1031 500 1141 538 quidam
1163 500 1233 528 male
1247 500 1345 536 feriati,
1362 499 1479 538 propriis
1491 499 1555 527 moti
1569 499 1681 528 ratioci—

937 547 1031 583 ciniis,
1049 548 1171 586 nihilque
1195 548 1251 576 Deo
1276 547 1389 585 dignum
1415 546 1559 585 cogitantes
1571 569 1579 584 ,
1596 557 1682 586 neque

938 595 1081 624 verborum
1120 595 1366 634 attemperationcm
1395 605 1482 623 secum
1514 602 1665 634 reputantes
1674 618 1681 631 ‚

935 639 1024 669 dicere
1046 640 1144 669 audent
1168 642 1286 669 animam
1307 651 1341 668 ex
1365 640 1416 668 Dei
1441 641 1588 670 substantia
1614 652 1678 670 esse.

937 688 960 715 Ο
985 686 1115 715 insaniam
1128 686 1135 716 l
1158 697 1173 715 o
1196 686 1355 716 amentiam!
1377 687 1453 722 Quot
1473 687 1601 724 perniciei
1625 688 1682 717 vias

934 731 1060 761 diabolus
1082 733 1189 772 paravit
1214 732 1364 761 cultoribus
1386 732 1461 760 suis?
1481 732 1513 761 Id
1536 740 1565 761 ut
1587 733 1684 770 discas,

936 779 1071 818 perpende
1083 789 1165 817 quam
1176 779 1292 808 diversis
1305 777 1427 807 incedant
1439 778 1500 807 viis.
1510 780 1579 807 Nam
1592 780 1638 808 alii
1650 791 1683 809 ex

936 825 987 854 hoc
998 825 1089 862 verbo,
1105 827 1270 864 inspiravit,
1285 835 1375 853 ansam
1400 825 1558 864 arripientes
1568 849 1575 862 ‚
1590 825 1685 854 dicunt

936 870 1038 899 animas
1048 882 1081 900 ex
1096 871 1244 900 substantia
1252 871 1303 900 Dei
1315 881 1385 903 esse3
1400 871 1446 899 alii
1457 882 1566 900 rursum
1576 871 1681 908 dicunt,

937 917 964 946 in
972 917 1164 947 vilissimorum
1172 918 1317 947 brutorum
1329 917 1506 946 substantiam
1515 917 1586 957 ipsas
1598 925 1688 947 trans-

937 963 975 992 ire
989 975 994 990 :
1011 956 1063 1002 ilua
1075 964 1190 992 amentia
1204 963 1270 1002 quid
1290 963 1406 992 deterius
1427 974 1482 992 esse
1496 963 1599 1002 possit?
1613 964 1684 999 Quia

936 1011 1008 1039 enim
1021 1011 1194 1039 obtenebrata
1209 1018 1247 1039 est
1264 1010 1331 1039 ratio
1346 1021 1448 1047 eorum,
1464 1017 1489 1039 et
1501 1021 1596 1039 verum
1607 1011 1684 1040 Scri-

939 1063 1024 1095 pturae
1050 1067 1157 1085 sensum
1179 1056 1318 1096 ignorant,
1342 1057 1417 1095 quasi
1439 1057 1567 1085 excaecati
1589 1058 1685 1087 mentis

938 1102 1023 1131 oculis
1035 1102 1063 1131 in
1086 1102 1194 1132 diversa
1209 1103 1331 1132 seruntur
1341 1102 1499 1142 praecipitia,
1509 1103 1576 1132 dum
1587 1104 1634 1132 alii
1649 1105 1686 1133 il·-

938 1148 992 1177 lam
1011 1160 1092 1188 supra
1111 1149 1271 1188 dignitatem
1287 1150 1420 1185 efferunt,
1437 1149 1484 1178 alii
1508 1156 1597 1179 autem
1617 1151 1685 1180 infra

939 1195 1098 1234 dignitatem
1113 1196 1269 1235 deprimunt
1283 1208 1290 1225 :
1306 1197 1346 1225 illi
1362 1196 1488 1226 videlicet
1507 1196 1553 1235 qui
1578 1205 1687 1226 metem-

939 1242 1085 1281 psychosin
1097 1242 1270 1278 inducebant,
1281 1254 1326 1271 seu
1340 1243 1483 1272 transitum
1493 1243 1588 1272 animm
1598 1243 1684 1272 homi-

939 1289 980 1317 nis
992 1289 1018 1317 in
1031 1289 1101 1317 feras
1115 1296 1140 1318 et
1154 1289 1233 1318 bruta
1246 1289 1400 1318 animalia.»

977 1335 1059 1364 Multi
1085 1342 1159 1364 erant
1185 1336 1372 1375 Chrysostomi
1396 1347 1463 1371 aevo,
1491 1337 1537 1374 qui
1562 1337 1685 1365 divinam

939 1381 1138 1420 providentiam
1148 1388 1283 1420 negantes,
1294 1382 1382 1411 omnia
1392 1383 1445 1411 sato
1458 1383 1520 1411 ferri
1536 1383 1661 1412 dicebant
1672 1406 1682 1418 ‚

939 1428 1122 1467 putabamque
1135 1439 1183 1456 nos
1197 1439 1230 1456 ex
1243 1428 1291 1456 fati
1306 1429 1460 1457 necessitate
1471 1429 1514 1457 vel
1528 1429 1630 1457 bonum
1640 1430 1684 1459 vel

939 1474 1042 1502 malum
1055 1481 1223 1513 perpetrare;
1240 1474 1275 1502 ita
1291 1481 1321 1502 ut
1333 1485 1439 1503 omnem
1454 1475 1558 1504 arbitrii
1573 1475 1686 1504 liberta-

939 1526 992 1548 tem
1007 1520 1100 1549 tollere
1113 1520 1281 1554 viderentur,
1300 1520 1491 1559 hominemque
1506 1532 1522 1549 a
1542 1521 1631 1550 studio
1644 1533 1686 1550 se-

939 1565 1042 1594 ctandae
1059 1565 1169 1595 virtutis
1187 1573 1213 1595 et
1234 1566 1359 1604 nequitia.¹
1383 1566 1516 1605 fugiendae
1540 1574 1680 1597 avertere.-

939 1622 992 1650 qua
1005 1619 1078 1651 peste
1089 1623 1146 1650 quae
1157 1612 1241 1652 possit
1253 1623 1308 1641 esse
1320 1613 1428 1652 major?
1445 1614 1617 1653 Quapropter
1631 1614 1684 1643 hu-

934 1658 980 1697 jus
993 1658 1125 1697 opinionis
1136 1665 1277 1687 assertores
1288 1658 1458 1687 vehementer
1467 1660 1584 1698 exagitat
1592 1660 1682 1700 Chry-

138 1701 264 1741 decipiat.
287 1703 355 1731 Nam
370 1702 393 1730 si
410 1709 498 1742 posset
519 1703 607 1731 anima
630 1703 657 1731 in
671 1702 800 1732 daemonis
815 1704 883 1733 sub-

138 1750 264 1778 stantiam
289 1749 411 1789 ingredi,
428 1750 513 1778 multo
531 1750 635 1778 facilius
650 1750 677 1778 in
692 1761 789 1789 corpus
804 1762 883 1780 suum

139 1796 332 1834 ingrederetur.
347 1798 476 1826 Praeteiea
491 1796 552 1835 quis
567 1797 669 1826 ratione
682 1797 810 1836 praeditus
825 1809 883 1827 cre-

138 1844 203 1873 dere
216 1845 300 1884 possit
315 1844 431 1873 animam
447 1844 537 1873 laesam
548 1867 555 1881 ‚
582 1855 609 1873 se
630 1845 737 1874 laedenti
758 1846 857 1875 sociare
870 1846 882 1875 ἕ)

140 1899 186 1920 aut
205 1892 341 1921 hominem
357 1903 432 1931 posse
451 1892 506 1921 vim
530 1894 712 1932 incorpoream
729 1893 755 1922 in
772 1894 882 1923 alteram

939 1711 1081 1733 sostomus.
1096 1704 1179 1733 Erant
1190 1704 1260 1733 enim
1275 1704 1398 1733 nonnulli
1413 1706 1459 1743 qui
1474 1705 1599 1735 dicebant
1616 1706 1682 1746 phi-
1692 1717 1832 1747 [fir-²90·

938 1751 1063 1790 losophos
1075 1751 1203 1790 praeclara
1217 1751 1339 1789 quaedam
1359 1751 1494 1779 invenisse
1510 1758 1534 1780 et
1550 1759 1677 1790 praestan-
1692 1755 1744 1778 ²9¹·

938 1798 1006 1826 tiora
1028 1797 1061 1826 iis
1077 1808 1135 1835 quae
1158 1797 1193 1826 de
1216 1797 1407 1826 iesurrectione
1428 1796 1602 1833 dicebantur-5
1619 1797 1679 1827 illos

938 1854 1033 1881 nempe
1044 1843 1227 1883 philosophos,
1241 1843 1379 1880 quisatum
1393 1842 1565 1880 inducebant,
1582 1843 1679 1872 docen-
1689 1854 1717 1875 T
1725 1861 1759 1875 ιι
1755 1862 1777 1881 t
1790 1854 1832 1882 93

938 1896 975 1918 tes
988 1901 1028 1918 ies
1042 1890 1123 1929 hujus
1138 1889 1231 1917 mundi
1246 1899 1336 1917 omncs
1347 1889 1420 1917 nulla
1432 1889 1487 1927 geri
1500 1889 1678 1928 pmvidenfia,
1689 1886 1714 1907 ⁴1·
1727 1894 1746 1906 k·

141 1945 247 1967 mutare
255 1938 450 1967 substantiam?
461 1939 529 1967 Nam
544 1939 565 1967 si
578 1939 605 1967 in
616 1939 772 1979 corporibus
784 1940 812 1969 id
824 1941 882 1969 sieri

140 1990 268 2023 nequeat,
283 1995 330 2013 nec
345 1983 487 2023 quisquam
503 1985 586 2023 possit
607 1995 704 2024 corpus
724 1985 840 2015 hominis
855 1987 883 2016 in

138 2040 236 2069 corpus
249 2031 316 2059 asini
332 2037 449 2067 mutare,
464 2030 550 2059 multo
566 2032 651 2070 magis
666 2031 692 2060 in
708 2032 796 2061 anima
810 2033 883 2062 invi-

138 2075 211 2104 sibili
226 2076 255 2105 id
272 2077 330 2105 fieri
345 2077 451 2115 nequit,
467 2087 514 2105 nec
525 2077 584 2116 quis
599 2078 683 2118 possit
697 2079 772 2108 illam
787 2079 813 2107 in
828 2079 882 2109 dae-

139 2123 225 2151 monis
239 2123 416 2152 substantiam
430 2130 542 2153 vertere.
561 2136 575 2150 n

180 2169 353 2199 Antiochenis
379 2169 460 2199 etiam
484 2169 552 2198 dicit
574 2170 718 2200 nonnullos
742 2172 882 2202 haereticos

95 2222 131 2240 189
141 2222 197 2240 esse
214 2213 261 2250 qui
277 2213 441 2242 affirmarent
459 2214 534 2243 aliud
552 2224 648 2254 corpus
674 2215 783 2252 cadere,
808 2218 882 2246 aliud

11 2264 41 2285 T.
59 2269 92 2285 ιο.
107 2272 130 2292 p.
143 2267 288 2296 resurgere.
312 2271 326 2285 «
349 2259 491 2293 Quomodo
505 2271 568 2299 ergo
582 2263 740 2291 resurrectio
755 2263 859 2292 fuerit
868 2265 881 2292 3’

0 2295 45 2325 {87
69 2303 87 2315 c.
111 2301 149 2316 et*

0 2326 47 2355 ἰο9.
60 2327 83 2347 d.

142 2303 245 2341 inquit,
262 2317 275 2329 «
295 2304 318 2332 si
336 2315 430 2344 nempe
444 2305 520 2334 aliud
539 2306 630 2343 cadat,
645 2307 720 2336 aliud
736 2310 884 2347 resurgat?

141 2349 213 2378 unde
234 2349 303 2386 hoc,
327 2351 434 2388 quaeso?
458 2351 567 2380 aliudne
599 2354 732 2392 peccavit,
758 2361 784 2382 et
807 2355 883 2384 aliud

141 2396 276 2435 punitur?
294 2396 370 2425 aliud
393 2404 462 2425 recte
481 2397 559 2434 fecit,
575 2405 601 2427 et
620 2399 695 2427 aliud
718 2401 882 2429 coronatur?

0 2436 34 2474 ἶΤ.
59 2458 94 2474 12.
107 2460 130 2480 p.
142 2442 224 2481 Apud
238 2442 544 2481 Constantinopolitanos
558 2444 636 2472 etiam
654 2445 732 2473 multi
747 2453 821 2474 erant
836 2446 882 2484 qui

11 2482 47 2504 81.
61 2491 79 2504 e.

141 2488 262 2517 dicerent
273 2489 340 2517 alios
352 2496 546 2519 resurrecturos
556 2513 563 2526 ,
576 2491 642 2519 alios
655 2501 706 2520 non
721 2499 879 2521 resurrectu-

141 2545 184 2563 ros
203 2545 276 2571 esse,
296 2545 362 2573 quos
382 2535 558 2565 validissimis
578 2537 742 2575 argumentis
766 2540 883 2568 confutat

143 2582 362 2622 Chrysostomus.

183 2628 267 2660 Erant
284 2629 363 2659 ctiam
375 2629 485 2668 quidam
499 2630 544 2669 qui
560 2630 684 2661 dicebant
700 2633 816 2662 animam
836 2645 882 2663 uo—

938 1936 1093 1974 nullamque
1107 1936 1182 1964 nobis
1196 1946 1239 1963 ier
1242 1946 1287 1963 um
1299 1945 1391 1963 cutam
1402 1945 1458 1963 esse
1471 1934 1576 1964 debeime
1590 1935 1677 1965 Adde-

937 1982 1002 2012 bant
1017 1983 1124 2021 insuper
1139 1981 1228 2010 omnia
1243 1988 1363 2010 constare
1377 1991 1411 2009 cx
1425 1981 1529 2010 atomis.
1545 1982 1599 2010 Alii
1616 1993 1679 2012 vero

938 2029 1063 2058 dicebant
1078 2030 1165 2057 Deum
1180 2039 1236 2057 esse
1246 2035 1270 2057 et
1285 2028 1530 2067 metempsychosin
1552 2027 1679 2058 admitte—

937 2076 1014 2111 bant,
1024 2075 1232 2113 hominibusque
1244 2074 1389 2103 suadebant
1399 2074 1477 2102 talem
1491 2074 1532 2103 vel
1544 2075 1622 2103 talem
1631 2076 1679 2104 ali-

937 2122 1044 2162 quando
1054 2122 1133 2150 fuisse
1141 2121 1291 2157 canem‚vcl
1304 2121 1403 2160 piscem
1416 2121 1459 2150 vel
1470 2121 1580 2151 leonem.
1593 2123 1679 2152 Erant

938 2170 1036 2209 quippe
1063 2169 1110 2198 illo
1131 2180 1188 2198 aevo
1210 2169 1364 2208 philosophi
1381 2169 1492 2207 gentiles
1511 2170 1607 2208 multi,
1631 2172 1679 2209 qui

938 2216 1054 2245 tribonio
1069 2214 1166 2251 induti,
1176 2222 1201 2243 et
1214 2215 1318 2254 prolixa
1336 2215 1420 2243 barba
1435 2215 1570 2250 instructi,
1584 2217 1679 2256 populi

938 2262 1137 2292 venerationem
1158 2261 1210 2289 sibi
1233 2261 1429 2294 conciliabant,
1450 2261 1607 2300 plebemque
1631 2263 1677 2291 tali

938 2308 1094 2337 imbuebant
1108 2306 1249 2346 disciplina
1259 2329 1266 2343 ‚
1283 2318 1341 2345 quae
1356 2307 1388 2335 ad
1402 2307 1586 2336 Christianum
1610 2319 1679 2348 saepe

938 2354 1069 2394 populum
1082 2353 1220 2382 transibat.
1237 2353 1295 2382 Fati
1308 2353 1399 2393 opinio
1412 2353 1480 2381 inter
1495 2360 1602 2382 caetcras
1613 2355 1679 2382 emi-

938 2400 1031 2435 nebat,
1046 2409 1125 2438 quam
1146 2409 1197 2427 non
1218 2409 1279 2428 raro
1301 2399 1444 2428 insectatur
1460 2399 1677 2438 ChrysostomuS.

978 2448 1072 2485 Ingens
1087 2453 1141 2474 erat
1156 2445 1228 2484 apud
1244 2445 1391 2474 Orientales
1407 2446 1466 2474 illos
1480 2445 1638 2484 opinionum
1654 2453 1679 2474 ct

938 2503 1057 2522 errorum
1065 2492 1207 2521 diversitas
1220 2504 1225 2520 ε
1237 2492 1380 2521 levissimis
1389 2492 1460 2520 enim
1472 2490 1535 2520 moti
1547 2492 1680 2530 conjectu-

939 2539 985 2575 ris,
997 2549 1055 2578 quae
1069 2539 1095 2567 in
1110 2545 1225 2566 mentem
1239 2537 1398 2573 veniebant,
1411 2545 1508 2566 temere
1526 2544 1551 2565 et
1573 2537 1680 2565 incaute

938 2585 1105 2625 proferebant
1120 2584 1146 2612 in
1163 2583 1283 2612 medium
1294 2606 1303 2621 7
1320 2590 1345 2612 et
1359 2584 1448 2612 statim
1463 2589 1603 2611 sectatores
1625 2583 1677 2611 ha-

939 2632 1045 2661 bebant.
1061 2630 1126 2660 Inde
1147 2631 1248 2660 factum
1263 2637 1292 2660 ut
1307 2630 1491 2698 Occitlentales
1500 2636 1558 2685 jam
1572 2630 1643 2661 levia
1657 2638 1683 2659 et

1499 2683 1524 2700 J.
