1910 2907
459 218 530 249 QUAE
557 219 588 241 ΙΝ
616 218 774 241 OPEnissus
801 216 1035 240 CHRYSOSTOMI
1062 218 1316 241 OBsERVANTUr..

96 281 254 322 plerumque
266 280 395 310 describit
406 291 412 309 :
426 294 440 308 (ι
448 281 638 321 Splendidas,»
650 281 745 319 inquit,
753 292 767 307 «
777 290 836 308 con-

95 335 203 358 struunt
213 328 307 356 domos
318 351 325 362 ,
342 328 408 357 latas
433 330 562 367 porticus,
586 327 665 366 longa
684 334 769 366 septa.
782 326 836 355 Te-

97 380 170 402 ctum
194 380 284 402 autem
304 373 402 402 aedium
417 384 451 402 ex
465 373 569 402 tabellis
587 373 683 411 ligneis
699 373 836 401 concinna·

48 425 84 445 1⁹5
97 425 166 456 tum,
182 419 341 448 deauratum
363 427 449 448 totum
463 421 630 458 erat:januae
641 426 741 452 autern,
756 419 834 447 etiam

96 465 206 500 bifores,
222 476 288 504 quas
305 466 438 506 ἀμφίθυρα
452 473 530 495 vocat
543 465 598 501 ille,
615 465 736 494 eburneae
751 472 834 494 erant.

93 513 125 540 In
137 512 262 540 tricliniis
273 518 298 540 et
309 512 440 540 cubiculis
451 512 563 551 parietes
575 522 707 540 marmore
715 511 838 539 crustati:

92 558 115 586 si
125 557 191 595 quid
204 568 266 586 vero
277 557 415 596 lapideum
427 565 600 597 compareret,
616 557 683 586 illud
695 557 783 585 aureis
792 556 835 585 la-

91 603 172 632 minis
187 611 211 632 et
226 603 340 632 bracteis
353 603 540 642 obtegebatur.
560 615 574 629 »

132 649 282 687 Laquearia
302 650 391 678 omnia
410 660 489 678 aurea
501 672 509 685 ‚
529 660 573 678 seu
596 649 704 688 potius,
721 655 750 676 ut
769 647 834 676 alibi

91 696 230 735 explicat,
254 706 319 724 auro
342 696 426 724 oblita
446 702 542 732 crant;
567 695 749 735 pavimentum
770 705 833 722 vero

91 742 226 771 tesserulis
244 750 269 771 et
290 743 403 781 gemmis
417 743 576 771 distinctum
597 742 809 779 adornatumque
823 763 831 777 ‚

91 788 167 826 quod
188 799 256 828 saepe
274 789 408 828 tapetibus
428 788 582 828 operiebant
602 787 775 826 elegantibus.
791 788 833 816 lbi

90 834 185 863 videre
206 842 261 863 erat
283 835 419 863 columnas
440 845 600 863 marmoreas
618 833 762 872 aliquando
781 834 833 861 mi-

90 889 127 908 1·ae
149 880 363 919 magnitudinis,
386 891 501 918 quarum
516 880 639 918 capitella
660 890 757 915 aurea3
778 881 832 909 imo

89 925 235 964 aliquando
257 934 311 955 tota
331 927 456 955 columna
467 933 522 954 erat
534 926 621 954 aureis
635 925 740 953 laminis
754 936 832 964 oper-

89 977 136 1007 ta3
165 979 264 1000 statuas
285 983 392 1010 quoque
413 972 527 1000 vidisses
550 982 631 1000 manu
654 972 830 1010 insigniorum

87 1017 162 1046 illius
192 1018 243 1046 aevi
269 1018 405 1046 artificum
433 1017 574 1046 adornatas
590 1039 598 1053 ,
623 1028 688 1055 quas
720 1017 832 1055 quidam

88 1062 176 1098 idola,
198 1064 243 1092 alii
258 1063 392 1092 daemonas
415 1064 596 1103 appellabant.
619 1064 661 1092 Ad
686 1064 743 1092 haec
757 1071 832 1093 erant

87 1109 210 1138 cubicula
230 1110 342 1149 picturis
356 1118 380 1139 et
392 1110 501 1138 musicis
516 1110 642 1149 operibus
654 1110 787 1141 decorata.

125 1156 199 1184 Lecti
211 1167 317 1194 quoqne
329 1164 359 1185 ut
373 1157 520 1196 plurimum
532 1167 563 1185 ex
573 1157 652 1184 ebore
664 1179 670 1190 ,
685 1156 830 1194 aliquando

85 1201 167 1240 lignei
189 1209 214 1230 et
237 1202 373 1238 deaurati,
390 1202 432 1231 vel
456 1203 587 1241 argenteis
615 1203 675 1230 teeti
701 1203 829 1231 laminis:

86 1248 141 1276 imo
155 1258 189 1276 ex
210 1255 319 1287 argento
338 1259 407 1288 puro
426 1259 496 1288 saepe
508 1249 556 1277 toti
570 1249 726 1278 constabant
739 1272 746 1285 ‚
761 1250 830 1278 mul-

86 1293 173 1331 tisque
189 1294 216 1322 in
231 1295 296 1323 locis
314 1295 430 1323 micabat
443 1306 549 1323 aurum.
575 1295 748 1334 Opulentiam
767 1297 830 1324 item

86 1349 211 1377 magnam
229 1350 284 1379 prae
299 1351 327 1368 se
341 1341 442 1369 ferebat
461 1348 514 1369 tota
534 1341 655 1380 supellex
670 1352 677 1377 ;
696 1341 829 1370 cathedrae

85 1396 192 1423 qnoque
210 1393 236 1414 et
254 1386 368 1415 scabella
380 1397 413 1415 cx
427 1387 505 1415 ebore
519 1394 592 1415 erant
607 1400 613 1415 z
628 1387 725 1416 lebetes
743 1387 805 1416 item
822 1411 829 1423 ,

84 1441 148 1459 vasa
160 1454 167 1467 ‚
183 1432 236 1460 imo
255 1432 319 1471 ipsae
335 1433 441 1461 matulae
462 1444 496 1461 ex
513 1444 577 1462 auro
592 1434 633 1462 vel
646 1441 754 1472 argento
767 1445 828 1462 con-

84 1477 166 1506 ssatae.
184 1478 254 1506 Inter
269 1479 325 1507 haec
342 1489 403 1507 vasa
420 1486 445 1507 et
463 1479 514 1507 alia
530 1487 683 1508 ornamenta
700 1480 725 1508 in
741 1481 828 1519 pretio

84 1532 159 1553 erant
174 1526 304 1554 Laconica
320 1526 451 1555 velamina
463 1549 471 1563 ,
492 1539 551 1566 quae
575 1528 640 1556 dicit
663 1528 827 1567 Chrysosto-

83 1581 144 1599 mus
156 1572 183 1600 in
195 1572 332 1611 penuariis
345 1581 479 1602 asservata
490 1574 571 1602 fuisse
585 1597 591 1610 ,
607 1574 755 1613 eductaque
767 1575 826 1603 for—

84 1622 152 1645 tasse
164 1617 190 1646 in
204 1618 336 1647 conviviis
350 1626 375 1647 et
389 1619 449 1647 aliis
463 1619 674 1649 celebritatibus.

124 1663 156 1691 In
175 1670 278 1692 tantum
292 1664 388 1693 luxum
409 1673 434 1694 et
453 1666 550 1694 fastum
569 1666 721 1695 declamans
737 1666 826 1706 Chry-

83 1715 215 1737 sostomus
228 1732 235 1745 ,
251 1710 330 1738 refert
352 1711 452 1740 alicubi
475 1711 614 1741 historiam
631 1712 781 1752 Aristippi,
796 1721 825 1742 ut

83 1753 198 1783 habetur
218 1755 291 1794 apud
321 1757 468 1795 Diogenem
495 1758 649 1794 Laertium;
673 1758 719 1787 sed
744 1761 824 1788 tacito

81 1799 167 1838 ipsius
182 1802 483 1837 nomine.«Narratur‚»
497 1804 593 1842 iuquit,
603 1818 617 1832 ιι
627 1805 780 1844 quempiam
795 1806 822 1835 in

81 1845 192 1875 domum
200 1848 371 1886 splendidam
378 1850 482 1878 venisse
489 1851 635 1889 fulgentem
644 1852 824 1881 marmoribus

81 1898 107 1920 et
117 1892 303 1922 columnarum
318 1895 541 1933 pulchritudine3
561 1907 622 1924 cum
642 1904 731 1925 autem
747 1898 825 1936 pavi-

80 1945 201 1967 mentum
217 1940 298 1968 etiam
317 1940 430 1970 vidisset
441 1942 574 1981 tapetibus
588 1950 700 1971 stratum
712 1966 719 1979 ‚
732 1943 759 1972 in
779 1945 823 1972 fa-

81 1984 148 2013 ciem
161 1984 265 2014 domini
282 1986 380 2015 aedium
399 1988 530 2026 conspuit.
551 1989 752 2028 Improperante
773 2001 823 2018 au-

79 2035 130 2058 tem
146 2030 213 2067 illo,
229 2033 397 2071 respondisse
410 2045 416 2061 :
427 2034 490 2072 quia
505 2034 532 2063 in
557 2035 630 2063 nulla
653 2034 705 2064 alia
725 2035 822 2065 domus

78 2083 154 2114 parte
171 2077 201 2106 id
220 2079 306 2107 facere
320 2079 417 2108 licebat
429 2103 436 2115 ,
453 2087 575 2110 coactum
594 2092 621 2110 se
637 2082 719 2110 fuisse
732 2082 821 2111 vultui

78 2121 165 2161 ipsius
178 2123 247 2152 hanc
261 2126 451 2155 contumeliam
465 2126 573 2155 inferre.
590 2139 605 2154 π

119 2169 167 2197 His
200 2180 263 2198 vero
288 2172 438 2210 magnificis
466 2173 654 2212 opulentorum
680 2173 820 2204 hominum

78 2211 183 2241 aedibus
196 2213 329 2252 adjunctae
343 2223 416 2244 erant
426 2217 485 2244 latae
498 2218 628 2256 porticus,
646 2218 820 2256 aquaeductus

77 2264 103 2285 et
117 2258 201 2287 fontes
214 2281 221 2293 ‚
237 2260 389 2289 suburbana
401 2262 495 2290 balnea
508 2270 532 2291 et
547 2264 711 2294 ambulacra.

117 2304 210 2342 Longe
221 2305 297 2343 plura
309 2307 388 2335 refert
399 2308 432 2336 de
443 2309 630 2338 conviviorum
645 2317 670 2338 et
684 2321 818 2339 coenarum

77 2351 221 2380 sumtibus.
244 2353 342 2381 Mensae
366 2353 479 2382 formam
497 2362 521 2383 et
540 2363 699 2395 apparatum
721 2357 817 2395 depin-

76 2395 116 2434 git
132 2409 140 2425 :
157 2404 212 2425 erat
232 2397 278 2426 illa
299 2399 343 2427 vel
365 2410 430 2427 auro
450 2400 554 2439 fulgens
565 2423 572 2434 ‚
587 2402 629 2429 vel
643 2409 752 2440 argento
767 2403 818 2431 cir-

58 2472 64 2478 „
77 2450 206 2471 cumtecta
220 2466 227 2479 ,
253 2444 478 2483 semicircularis,
502 2454 530 2475 ut
554 2447 599 2475 illa
623 2458 704 2485 quam
724 2452 818 2485 sigma

78 2497 156 2517 vocat
179 2491 314 2519 Martialis
325 2513 332 2526 ,
356 2491 391 2520 ad
415 2492 529 2521 formam
550 2504 645 2532 nempe
668 2494 750 2522 literae
779 2496 799 2523 C
809 2517 817 2530 ,

77 2545 136 2573 quae
151 2542 214 2564 tunc
227 2539 322 2575 sigma
337 2538 513 2576 exprimebat,
524 2539 688 2568 concinnata.
700 2540 740 2568 Ea
753 2551 816 2569 vero

77 2588 156 2610 tantze
171 2583 249 2611 molis
269 2591 340 2620 erat,
356 2591 385 2612 ut
404 2584 450 2613 vix
468 2584 522 2613 duo
537 2585 713 2614 adolescentes
730 2586 816 2625 ipsam

79 2638 187 2658 movere
198 2637 305 2669 possent
319 2644 323 2660 :
339 2631 413 2660 molli
426 2631 542 2670 stragula
555 2632 672 2671 undique
682 2634 815 2662 sterneba-

1568 210 1636 243 233

889 286 951 314 tur,
966 287 995 308 ut
1012 280 1049 308 ibi
1062 280 1202 309 commode
1216 281 1336 310 convivae
1351 280 1547 310 accumberent.
1565 272 1637 311 &iasa

889 327 978 354 omnia
991 337 1025 354 ex
1037 337 1101 355 auro
1113 327 1155 355 vel
1167 334 1276 365 argento
1289 340 1295 355 ι
1313 327 1404 366 phiala
1418 337 1469 356 una
1486 334 1542 355 erat
1557 338 1636 356 aurea

889 372 979 411 pondo
1001 372 1110 401 dimidii
1140 373 1230 401 talenti
1244 396 1252 408 ,
1274 384 1354 412 quam
1378 373 1426 402 vix
1449 372 1504 401 duo
1524 374 1636 412 juvenes

889 429 996 446 movere
1011 426 1116 457 possent
1130 431 1136 444 t
1151 419 1286 458 amphorae
1301 427 1389 448 autem
1410 430 1476 448 auro
1490 419 1634 459 splenden-

889 470 926 492 tes
937 464 1032 492 ordine
1042 465 1099 493 sitae
1111 466 1311 504 comparebant.

929 510 1044 539 Aderant
1069 521 1176 549 quoque
1200 512 1336 547 ministri,
1359 522 1410 540 non
1432 512 1521 541 minus
1545 513 1632 542 ornati

887 556 1006 584 vestibus
1028 563 1053 585 et
1077 557 1217 596 splendide
1239 559 1346 593 amicti,
1363 559 1527 598 anaxyridas
1541 582 1548 593 ,
1566 570 1631 597 quas

887 601 996 630 braccas
1014 610 1127 635 vocant.
1145 604 1220 631 laxas
1240 603 1376 640 habentes,
1396 617 1408 631 u
1430 605 1489 633 visu
1510 605 1629 644 pulchri,

887 646 915 674 in
929 647 984 685 ipso
997 648 1082 676 aetatis
1097 648 1162 676 ssore
1182 649 1349 677 luxuriantes
1362 672 1369 686 ,
1386 650 1453 678 bene
1467 657 1559 678 curata
1573 658 1632 680 cute

887 700 913 721 et
926 693 1001 721 bonae
1016 693 1193 722 habitudinis.
1211 706 1226 720 >i
1242 694 1293 722 Hic
1310 695 1422 723 vidisses
1445 696 1524 724 etiem
1547 698 1630 725 musi-

887 748 979 767 corum
1000 740 1106 768 turbam
1120 762 1127 775 ,
1150 740 1230 768 tibias
1240 762 1248 774 ‚
1261 740 1377 769 citharas
1401 748 1425 769 et
1448 742 1551 770 fistulas
1564 765 1570 775 ,
1584 753 1632 771 nec

887 785 996 814 deerant
1024 793 1158 824 unguenta
1180 792 1206 814 ct
1229 793 1346 814 aromata
1368 786 1481 821 Indica,
1497 788 1631 826 Arabica,

886 830 1002 860 Persica.

933 877 1147 917 Apponebantur
1166 878 1317 907 eduliorum
1333 879 1490 915 varietatcS,
1511 880 1634 909 ciborum

887 923 989 952 deliciae
1007 937 1011 952 :
1028 923 1062 952 de
1080 932 1212 964 apparatu
1234 925 1396 953 serculorum
1419 925 1543 963 quadam
1561 926 1634 954 dixit

888 981 940 998 non
966 971 1205 1012 praetermittenda.
1229 973 1270 1000 De
1294 972 1496 1010 pulmentariis,
1519 973 1611 1010 coquis
1621 995 1630 1006 ‚

886 1027 1040 1045 mensarum
1056 1018 1234 1046 structoribus
1246 1041 1253 1053 ‚
1268 1018 1453 1057 placentarum
1468 1018 1631 1054 artificibus,

886 1063 1022 1102 phasianis
1034 1064 1131 1092 avibus
1142 1064 1341 1102 loquutus,haec
1352 1064 1427 1092 addit
1438 1064 1549 1099 :«Quasi
1564 1075 1632 1092 rem-

885 1109 1025 1148 publicam
1038 1109 1215 1147 gubernantes
1229 1117 1253 1138 et
1268 1110 1352 1137 aciem
1366 1109 1539 1145 instruentes,
1555 1110 1592 1139 sic
1607 1116 1632 1138 et

885 1155 927 1183 isti
942 1155 991 1184 boc
1005 1162 1030 1183 et
1042 1155 1091 1184 hoe
1103 1156 1234 1194 primum,
1249 1155 1298 1184 boc
1313 1156 1397 1184 ct-hoc
1410 1155 1556 1184 secundum
1567 1166 1632 1184 con-

886 1202 1001 1230 stituunt
1016 1213 1023 1231 :
1037 1209 1061 1230 et
1076 1202 1120 1230 alii
1137 1202 1248 1240 quidem
1265 1203 1382 1240 primum
1397 1213 1459 1231 aves
1474 1213 1556 1241 supra
1571 1212 1631 1230 rar-

884 1248 966 1277 bones
980 1259 1066 1282 assas,
1084 1248 1254 1287 piscibusque
1268 1248 1346 1276 [artas
1362 1249 1496 1283 offerunt;
1513 1248 1559 1276 alii
1575 1248 1627 1276 alia

883 1294 959 1322 initia
981 1293 1219 1322 immoderatarum
1241 1305 1376 1322 coenarum
1397 1302 1517 1323 statuunt
1535 1295 1629 1322 :mul—

884 1347 964 1377 taque
979 1341 1047 1368 circa
1067 1340 1121 1368 hare
1140 1347 1178 1369 est
1194 1341 1372 1377 concertatio,
1389 1348 1413 1369 et
1428 1341 1461 1369 de
1479 1341 1625 1379 qualitate,

884 1393 909 1414 ct
924 1386 957 1413 de
972 1386 1080 1419 ordine,
1097 1394 1122 1414 et
1137 1386 1170 1414 de
1186 1387 1273 1425 copia.
1289 1398 1302 1412 »
1314 1387 1416 1416 Vinum
1434 1387 1512 1415 etiam
1532 1387 1627 1425 exqui-

883 1431 965 1459 situm
980 1432 1176 1470 apponebatur,
1193 1432 1239 1460 sed
1259 1433 1392 1460 Thasium
1408 1433 1566 1471 praesertim,
1583 1444 1628 1462 seu

883 1487 917 1505 ex
930 1477 1017 1505 insula
1032 1478 1123 1506 Thaso
1139 1478 1227 1516 :quod
1239 1478 1311 1517 apud
1323 1479 1464 1517 scriptores
1480 1486 1536 1507 tum
1551 1480 1632 1508 Grae-

884 1534 928 1552 cos
943 1531 1001 1552 tum
1016 1524 1125 1552 Latinos
1137 1524 1283 1553 admodum
1295 1525 1454 1553 celebratur.

921 1571 1036 1606 Quando
1053 1572 1104 1600 viri
1123 1572 1166 1601 illi
1182 1580 1237 1601 tum
1253 1572 1395 1611 dignitate,
1412 1580 1468 1601 tum
1486 1573 1626 1611 opulentia

880 1623 1035 1654 praestantes
1044 1640 1051 1651 ,
1065 1617 1160 1646 sivein
1173 1628 1253 1646 curru
1265 1628 1331 1646 auro
1343 1618 1476 1657 fulgente,
1490 1618 1546 1647 sive
1557 1629 1627 1656 equo

879 1663 965 1699 vecti,
984 1665 1060 1701 cujus
1076 1664 1180 1692 frenum
1203 1675 1330 1698 aureum,
1356 1675 1403 1703 per
1418 1664 1513 1693 urbem
1535 1665 1579 1693 vel
1599 1666 1626 1693 in

878 1709 934 1737 foro
950 1709 1117 1746 incedebant,
1135 1711 1247 1749 praeibat
1259 1710 1349 1749 κῆρυξ,
1365 1711 1422 1739 sive
1435 1721 1531 1750 praeco,
1545 1711 1622 1739 cultu

878 1754 1023 1784 instructus
1038 1756 1196 1794 magnifico,
1213 1757 1259 1794 qui
1274 1756 1422 1785 adventum
1436 1756 1491 1784 heri
1512 1757 1624 1785 nuntia-

878 1808 926 1829 ret.
941 1802 1001 1840 lpse
1014 1813 1077 1831 vero
1089 1803 1176 1831 balteo
1190 1804 1348 1842 praecinctus
1361 1811 1385 1831 et
1400 1803 1491 1831 multis
1505 1803 1620 1842 stipatus

877 1846 1029 1883 lictoribus,
1044 1848 1088 1886 qui
1103 1849 1208 1887 plebem
1220 1856 1348 1883 arcerent,
1359 1849 1474 1887 superbe
1486 1849 1620 1887 gradiens,

877 1892 1014 1921 clientium
1029 1901 1053 1922 et
1066 1894 1246 1932 parasitorum
1263 1895 1342 1922 turba
1357 1894 1546 1932 cingebantur.

918 1940 956 1967 De
969 1940 1112 1968 mulierum
1128 1947 1235 1975 ornam,
1253 1940 1322 1968 fastu
1337 1947 1362 1968 et
1379 1940 1446 1968 luxu
1462 1940 1622 1978 frequentis-

875 1986 942 2015 sime
960 1988 1015 2026 agit
1036 1988 1253 2027 Chrysostomus.
1271 1988 1389 2016 Ornatus
1404 1988 1563 2024 mulierum,
1579 1989 1623 2017 in-

876 2034 933 2072 quit
948 2034 1004 2068 ille,
1021 2042 1083 2063 sunt
1099 2035 1161 2073 torti
1177 2035 1275 2068 crines,
1293 2034 1399 2063 inaures
1414 2043 1622 2074 ornamentaque

875 2081 928 2109 alia
948 2082 974 2110 in
989 2082 1063 2120 genis
1076 2088 1100 2110 ct
1112 2081 1180 2109 collo
1197 2093 1202 2108 :
1217 2081 1271 2109 suci
1284 2089 1308 2109 et
1323 2081 1457 2120 pigmenta
1471 2082 1619 2116 oculorum,

874 2126 928 2154 fuci
941 2127 1003 2155 item
1017 2134 1041 2155 et
1055 2127 1189 2166 pigmenta
1203 2137 1330 2165 genarum
1339 2150 1345 2162 ,
1360 2134 1447 2156 vestes
1460 2138 1526 2156 auro
1539 2129 1618 2157 inter-

873 2178 962 2208 texta),
982 2173 1125 2212 palliolum
1147 2173 1230 2212 capiti
1254 2173 1430 2212 impositum;
1455 2184 1550 2202 manus
1568 2185 1617 2203 ex-

872 2219 1002 2247 trinsecus
1020 2218 1168 2252 deaiiiatae,
1184 2219 1288 2247 calceus
1304 2220 1384 2258 nigro
1403 2220 1489 2248 colore
1502 2221 1617 2249 multum

872 2265 988 2303 fulgens,
1005 2265 1031 2293 in
1047 2275 1158 2293 acumen
1173 2264 1296 2293 desinens
1312 2272 1337 2293 et
1350 2266 1516 2304 picturarum
1532 2266 1615 2295 deco-

873 2322 928 2339 rem
942 2311 1059 2339 imitans.
1077 2311 1151 2338 Alibi
1163 2321 1226 2339 vero
1237 2311 1303 2339 dicit
1319 2323 1324 2337 :
1339 2311 1466 2340 Mulieres
1477 2313 1565 2340 mulos
1576 2313 1617 2341 al-

872 2357 920 2385 bos
933 2357 1100 2395 quaerebant,
1114 2364 1138 2385 et
1153 2357 1225 2385 frena
1240 2357 1378 2394 deaurata,
1395 2359 1553 2396 obsequium
1569 2369 1616 2386 eu-

872 2403 1021 2431 nuchorum
1034 2425 1041 2439 ,
1059 2413 1187 2441 maguum
1204 2403 1364 2432 ancillarum
1379 2413 1485 2442 gregem
1500 2411 1525 2432 ct
1540 2415 1614 2443 poni-

872 2460 933 2488 pam
948 2449 1104 2478 ridiculam.

911 2494 1096 2523 Adolescentes
1118 2505 1224 2533 quoque
1240 2495 1358 2533 exagitat
1376 2495 1488 2534 superbe
1507 2502 1613 2533 agentes

870 2540 896 2569 in
921 2541 990 2575 foro,
1007 2552 1067 2569 cum
1089 2541 1259 2576 hominibus,
1278 2541 1323 2579 qui
1339 2541 1485 2569 sumtuosis
1509 2548 1534 2569 ct
1550 2552 1612 2569 ma-

870 2587 976 2625 gnificis
993 2588 1113 2616 vestibus
1131 2587 1218 2627 operti
1231 2594 1316 2616 erant.
1334 2587 1419 2616 iidem
1433 2598 1496 2616 vero
1513 2587 1611 2619 adole-,

870 2641 969 2663 scentes
981 2634 1081 2664 calceos
1089 2645 1149 2664 suos
1157 2634 1208 2664 filis
1217 2634 1309 2663 sericis
1322 2641 1346 2663 et
1360 2644 1425 2663 auro
1436 2634 1610 2663 exornabant.
