1910 2907
660 191 748 214 NL‘NC
777 190 905 214 PRIMUM
935 191 1111 214 ADORNAtTA
1121 206 1128 213 .

123 250 236 279 athletas
247 250 347 289 primas
364 257 471 280 teneret.
484 250 700 291 Exemplumque
714 254 792 282 affert
803 254 862 282 De-

123 296 239 335 mophili
251 297 393 336 cujusdam
408 298 460 325 sibi
476 298 631 327 amicissimi
643 299 712 335 viri,
727 300 863 328 Aristoxe-

122 343 150 370 ni
162 349 187 371 et
201 343 318 371 aliorum
333 343 359 371 in
374 343 541 372 xenodochio
555 344 722 383 degentium,
740 347 786 384 qui
802 356 862 374 cum

121 388 248 426 patientia
263 399 359 427 magna
371 389 439 417 diris
453 390 622 418 vexabantur
636 391 785 420 doloribus.
800 393 864 420 Haec

121 433 169 462 ille
183 434 241 462 fuse
253 440 279 462 et
292 437 444 469 παθητικῶς
458 446 507 474 pro
525 446 600 465 more
614 447 662 465 suo
677 438 860 476 prosequitur,

121 489 153 507 ac
173 479 283 508 cuilibet
295 480 417 509 leniendo
439 482 547 510 moerori
562 483 711 511 remedium
726 484 804 512 offert
824 484 864 512 le-

121 526 205 564 genti.

161 573 275 601 Joannes
292 583 371 610 vero,
384 572 442 611 qui,
457 584 518 603 cum
533 574 652 613 primum
666 574 700 602 ad
715 574 864 613 Stagirium

120 617 222 646 librum
236 618 353 647 scrihere
365 620 456 658 coepit,
474 620 563 659 ipsum
577 619 652 648 adire
671 631 723 648 non
742 626 862 659 poterat;

122 664 219 693 morbo
239 672 267 693 ut
281 665 387 693 credere
406 672 445 693 est
459 666 593 694 relevatus
603 688 610 702 ‚
630 665 719 705 ipsum
733 666 801 694 adiit
815 676 864 694 an-

122 717 234 748 tequam
253 710 333 739 hosce
347 711 431 739 libros
445 711 611 747 absolveret,
627 719 656 740 ut
673 711 729 750 ipse
744 721 795 739 non
817 722 862 739 se-

120 757 173 785 mel
188 756 316 786 insinuat.
330 758 411 786 Domi
426 758 518 786 morbo
530 757 655 786 detentus
669 764 740 793 erat,
756 756 863 795 quando

120 803 246 842 plurimis
264 804 435 833 narrantibus
448 804 559 842 Stagirii
579 804 757 832 calamitatem
778 802 864 832 edidi-

120 850 173 886 cit,
189 857 217 878 ut
231 850 289 890 ipse
309 850 364 886 ait;
379 850 577 888 verisimileque
601 857 639 878 est
661 849 750 889 ipsum
772 849 800 877 in
815 849 864 877 hos

121 896 247 925 incidisse
270 896 392 932 morbos,
405 896 524 935 corporis
545 895 732 934 aegritudinem
747 902 773 924 et
791 894 865 934 eapi-

120 942 155 970 tis
178 942 316 976 dolorem,
343 952 404 970 cum
432 942 459 970 in
483 941 626 980 spelunca,
651 941 700 969 ubi
722 941 864 969 biennium

121 988 264 1026 transegit,
286 988 376 1016 debile
403 998 499 1026 corpus
522 994 679 1021 maceraret,
699 993 725 1015 et
745 986 866 1014 animum

120 1033 256 1062 exercitiis
278 1033 400 1061 asceticis
414 1040 543 1072 perpetuo
565 1033 699 1060 intentum
726 1032 866 1062 detineret.

120 1082 265 1119 Postquam
289 1088 378 1109 autem
398 1081 425 1109 vi
441 1081 526 1109 morbi
548 1080 575 1108 in
594 1080 688 1108 urbem
710 1087 734 1108 et
754 1079 867 1108 domum

120 1136 197 1155 suam
209 1138 222 1155 r
231 1126 304 1155 edire
318 1133 424 1155 coaetus
438 1133 490 1162 est,
500 1126 615 1154 necdum
627 1137 641 1154 a
652 1126 747 1154 morbo
760 1136 868 1154 recrea-

126 1180 177 1209 tus,
186 1173 242 1201 haec
252 1173 286 1201 de
295 1173 412 1212 Stagirio
425 1173 553 1211 plurimis
564 1172 734 1200 narrantibus
748 1172 866 1201 audivit.

162 1218 208 1247 Ait
236 1219 358 1247 Socrates
372 1241 380 1254 ‚
406 1229 483 1256 quem
517 1224 666 1256 sequuntur
693 1218 866 1247 Hermantius

125 1264 225 1302 aliique
246 1275 347 1301 omnes,
365 1275 418 1292 uno
444 1271 555 1303 excepto
576 1264 765 1299 Tillemontio,
779 1265 866 1293 Joan-

121 1320 182 1338 nem
196 1310 252 1348 jam
273 1309 416 1338 diaconum
431 1310 528 1344 fuisse,
541 1309 648 1347 quando
665 1309 701 1337 ad
716 1309 866 1347 Stagirium

123 1356 239 1395 scripsit.
255 1356 338 1391 Quid,
353 1356 375 1384 si
388 1356 495 1384 dicatur
507 1356 584 1384 illum
597 1355 735 1394 scripsisse
748 1355 864 1394 primum

121 1401 156 1430 ad
170 1402 319 1440 Stagirium
343 1402 443 1430 librum
454 1423 462 1437 ‚
488 1401 597 1440 quando
621 1401 715 1430 morbo
743 1401 865 1430 detentus

121 1448 246 1476 manebat
259 1447 352 1478 domi.
368 1447 489 1485 duosque
508 1447 574 1476 alios
596 1454 737 1486 postquam
759 1458 866 1476 recrea-

121 1501 165 1522 tus
179 1505 192 1522 a
207 1495 316 1530 morbo,
330 1494 459 1523 diaconus
480 1493 618 1522 ordinatus
640 1494 726 1522 fuerat
736 1494 749 1522 ?
760 1495 865 1523 Verum

121 1540 179 1569 haec
195 1540 306 1569 salebris
330 1541 408 1579 plena
430 1547 507 1576 sunt,
525 1550 573 1568 nee
597 1546 683 1579 potest
704 1539 771 1577 quid
794 1547 863 1568 certo

121 1586 290 1625 pronuntiari
305 1597 312 1613 ι
329 1586 364 1614 ita
388 1596 482 1625 nempe
502 1585 622 1614 breviter
636 1593 661 1614 et
677 1586 790 1614 obscure
806 1586 863 1614 hacc

121 1639 263 1660 narrantur
277 1643 292 1660 a
307 1633 415 1661 Socrate
439 1638 464 1660 et
490 1631 623 1660 Palladio.
640 1633 678 1661 Ut
700 1639 728 1660 ut
749 1643 790 1661 res
812 1640 862 1670 est,

22 1692 110 1712 heom„
122 1677 262 1706 ordinatus
283 1678 410 1706 diaconus
434 1677 484 1705 fuit
497 1689 511 1705 a
524 1678 637 1706 Meletio
651 1678 694 1706 vel
709 1689 777 1707 anno
802 1690 864 1708 ver-

11 1723 85 1742 ³¹¹³¹¹ff
122 1731 193 1752 tente
214 1724 287 1758 580,
308 1724 350 1752 vel
373 1724 479 1752 ineunte
500 1723 552 1753 581
574 1734 657 1752 :nam
677 1724 784 1753 ineunte
801 1735 864 1754 vere

8 1760 28 1804 ζ
37 1761 93 1806 {²32-
120 1769 242 1808 ejusdem
262 1770 325 1798 anni
340 1769 392 1799 581
413 1769 540 1798 Meletius
563 1770 813 1810 Constantinopolin
836 1782 864 1800 se

20 1816 110 1836 ⁵⁰²¹¹¹¹¹²
123 1817 247 1852 contulit,
263 1817 355 1854 ibique
368 1815 441 1844 diem
455 1817 561 1845 elausit.

163 1863 249 1890 Paulo
277 1869 335 1901 post
351 1872 432 1900 quam
445 1861 574 1891 diaeonus
588 1862 686 1891 electus
701 1863 752 1892 fuit
778 1865 864 1894 Joan-

7 1912 74 1958 336¹*
90 1914 109 1929 ¹·
123 1919 183 1945 nes,
200 1916 229 1938 ut
245 1920 280 1938 ex
294 1909 351 1948 ipsa
366 1910 422 1948 ejus
437 1910 587 1938 narratione
600 1909 745 1949 diligenter
767 1912 863 1951 explo-

12 1954 108 1989 ;1‚r0'5„3
123 1964 179 1985 rata
196 1957 252 1996 jam
278 1967 325 1985 suo
348 1957 407 1985 loco
429 1957 580 1992 statuimus,
594 1957 720 1986 videlicet
744 1966 865 1989 vertente

11 2007 66 2034 ,⁰³⁰¹
122 2013 192 2031 anno
215 2003 284 2037 580,
301 2002 345 2031 vel
369 2003 476 2030 ineunte
492 2002 543 2032 581
561 2025 568 2038 ‚
583 2003 666 2032 libros
682 2004 750 2032 duos
764 2005 798 2033 ad
814 2006 864 2034 Vi-

29 2061 54 2081 it.
121 2048 204 2077 duam
227 2049 361 2088 juniorem
386 2049 490 2083 emisit,
511 2048 562 2077 hac
582 2048 680 2078 ductus
705 2051 860 2089 occasione,

122 2105 203 2133 quam
214 2095 271 2134 ipse
284 2094 406 2134 pluribus
420 2094 549 2123 enuntiat.
563 2094 724 2132 Therasius,
738 2096 781 2124 vir
795 2097 864 2126 inter

121 2141 263 2179 primarios
278 2141 319 2169 sui
335 2140 461 2179 temporis
476 2141 645 2180 conspicuus,
663 2151 758 2179 genere
777 2143 859 2171 sacul-

123 2187 272 2226 tatibusque
292 2187 404 2225 insignis
414 2209 422 2223 ,
435 2197 514 2225 quem
527 2198 587 2226 spes
601 2194 657 2216 erat
670 2187 707 2216 ad
723 2189 859 2228 praefectu·

123 2243 164 2261 ras
184 2240 375 2272 perventurum
390 2244 464 2267 esse;
481 2233 516 2261 ad
537 2233 593 2261 hacc
613 2233 755 2272 probitate,
770 2235 859 2264 mode-

122 2278 187 2314 stia,
203 2279 304 2318 pietate
327 2286 451 2314 ornatus,
470 2279 497 2307 in
521 2279 605 2307 aetatis
620 2279 685 2308 flore
707 2280 780 2309 diem
794 2281 860 2309 obiit

121 2331 280 2359 extremum,
296 2331 437 2363 postquam
450 2335 532 2353 annos
548 2331 653 2353 tantum
668 2326 788 2364 quinque
800 2337 860 2355 cum

121 2381 205 2398 uxore
233 2377 330 2407 egerat.
358 2371 447 2405 Quam
471 2378 499 2399 ut
523 2371 706 2400 consolaretur
722 2372 795 2400 hune
821 2373 858 2401 li-

120 2416 200 2444 brum
223 2415 310 2444 edidit
331 2417 502 2445 Joannes:et
526 2417 613 2455 primo
630 2417 680 2445 Dei
695 2418 861 2456 singularem

120 2472 182 2499 erga
207 2461 306 2490 viduas
328 2461 480 2490 exhibitam
500 2473 592 2491 curam
613 2463 649 2491 ob
665 2463 756 2492 oculos
772 2464 857 2503 ponit,

120 2509 220 2547 quibus
233 2508 312 2537 etiam
327 2507 380 2536 viri
394 2508 452 2536 loeo
463 2519 518 2537 esse
534 2509 639 2547 probat.
655 2509 725 2538 Hinc
743 2509 859 2538 honest-e

121 2555 262 2584 viduitatis
281 2554 440 2593 dignitatem
461 2565 496 2583 ex
518 2556 595 2583 Pauli
620 2556 709 2584 verbis
731 2556 857 2591 celebrat,

120 2600 205 2639 deque
219 2600 365 2640 proborum
380 2599 455 2628 obitu
477 2601 650 2638 gaudendum
669 2612 724 2631 esse
745 2602 854 2631 demon-

5 1852 46 1896 'iiie
59 1876 110 1897 Mo·

1594 196 1654 219 ltt

918 260 994 282 strat.
1004 255 1099 282 Postea
1108 253 1233 283 humanae
1245 254 1304 283 vitre
1320 254 1517 285 volubilitatem
1530 264 1559 285 ut
1572 264 1659 286 osten-

918 299 973 334 dat,
986 300 1140 339 exemplum
1156 300 1234 328 affert
1251 301 1430 338 quorumdam
1449 303 1596 341 insignium
1618 305 1657 334 vi-

919 355 1010 373 rorum
1021 368 1028 381 ‚
1044 345 1090 383 qui
1111 344 1145 374 ad
1160 347 1287 386 majorem
1302 348 1385 376 evecti
1400 347 1573 386 dignitatem,
1587 361 1659 388 prae—

921 391 996 430 cipiti
1007 391 1174 430 violentaque
1185 400 1269 421 morte
1283 393 1382 422 sublati
1395 401 1467 422 sunt.
1480 395 1535 424 'Nec
1551 396 1583 424 iis
1599 396 1660 424 hea-

921 437 1000 465 tiores
1016 447 1070 465 esse
1088 438 1124 466 ait
1147 439 1339 477 Imperatores,
1354 439 1401 468 sed
1415 450 1469 478 quo
1484 441 1586 479 majore
1605 441 1660 469 for-

919 490 982 512 tuna
1004 484 1131 512 tollantur
1146 484 1173 512 in
1188 484 1283 519 altum,
1297 495 1328 513 eo
1343 485 1464 523 graviore
1479 487 1556 525 lapsu
1572 498 1659 515 ruere.

919 529 989 558 Hinc
1011 530 1186 568 Imperatores
1206 530 1248 558 sui
1269 531 1396 570 temporis
1409 539 1540 569 recenset,
1553 533 1598 571 qui
1611 544 1661 561 suo

919 585 976 603 aevo
997 575 1091 603 misere
1114 576 1263 614 perierant3
1280 587 1332 605 non
1356 577 1470 615 prolatis
1495 579 1660 613 nominibus,

919 620 965 648 sed
984 621 1113 649 involutis
1133 622 1231 656 verbis,
1251 633 1309 660 quae
1334 633 1381 651 nos
1408 624 1605 663 explicavimus
1632 625 1660 653 in

918 666 1033 695 Monito.
1048 666 1132 695 Erant
1143 674 1232 696 autem
1247 669 1424 707 Imperatores
1439 670 1479 698 illi
1495 680 1591 698 novem
1605 681 1659 699 nu—

918 722 1010 747 mero,
1034 723 1068 741 ex
1091 713 1189 750 quibus
1214 713 1268 742 duo
1289 721 1393 743 tantum
1413 717 1548 744 communi
1576 724 1661 746 morte

918 758 1017 786 sublati
1037 759 1139 787 sueram
1152 769 1158 785 ε
1171 769 1267 788 novem
1288 760 1329 788 illi
1343 768 1404 789 sunt
1419 762 1610 791 Constantinus
1635 771 1661 792 et

918 810 970 832 tres
989 803 1040 832 filii
1061 805 1119 843 ejus
1137 805 1337 841 Constantinus,
1352 807 1523 835 Constantius
1541 815 1567 836 et
1589 809 1661 837 Con-

918 857 1001 885 stans,
1018 851 1125 887 Gallus,
1139 851 1279 887 Julianus,
1295 852 1435 888 Jovianus,
1452 853 1660 883 Valentinianus

919 903 945 924 et
958 896 1067 925 Valens.
1083 897 1152 926 Hinc
1167 897 1262 925 transit
1283 898 1319 926 ad
1341 901 1473 936 Augustas
1488 906 1513 927 et
1537 900 1659 938 Impera-

919 942 1013 978 trices‚
1028 953 1086 980 quae
1114 943 1256 971 infeliciter
1282 944 1434 982 perierant,
1457 952 1483 973 et
1501 945 1660 974 obscuriora

921 988 1029 1026 profert,
1045 999 1102 1026 quae
1117 989 1167 1017 vix
1181 989 1216 1017 ad
1230 989 1370 1018 historiam
1385 990 1461 1018 istius
1476 991 1526 1019 aevi
1542 991 1661 1029 quadra-

921 1044 950 1062 re
971 1034 1092 1073 possint:
1106 1045 1164 1072 quae
1186 1045 1233 1063 nos
1254 1045 1303 1074 pro
1318 1035 1442 1064 facultate
1465 1036 1660 1075 explicavimus

922 1079 948 1107 in
961 1079 1054 1108 eodem
1067 1080 1182 1110 Monito.

961 1128 1040 1155 Hunc
1061 1125 1096 1154 ad
1120 1125 1239 1155 Viduam
1257 1127 1391 1166 juniorem
1411 1127 1512 1156 librum
1539 1129 1659 1167 sequitui·

922 1172 991 1200 alius
1012 1172 1080 1201 liber
1101 1173 1142 1200 vel
1163 1172 1294 1207 homilia,
1309 1184 1367 1211 quoe
1383 1174 1463 1202 etiam
1483 1174 1517 1203 ad
1541 1175 1660 1204 Viduam

919 1219 1054 1257 juniorem
1078 1219 1246 1248 inscribitur.
1265 1220 1369 1249 Verum
1394 1219 1439 1248 hic
1466 1230 1518 1248 non
1544 1221 1658 1250 viduam

922 1275 1014 1301 unam,
1027 1265 1074 1294 sed
1085 1265 1180 1293 viduas
1194 1276 1285 1293 omnes
1294 1266 1413 1304 juniores
1425 1266 1583 1304 alloquitur,
1597 1279 1662 1305 quas

922 1311 1075 1339 cohortatur
1088 1317 1117 1338 ut
1132 1310 1158 1338 in
1175 1311 1308 1339 viduitate
1323 1319 1505 1350 permaneant,
1523 1323 1573 1341 non
1588 1314 1661 1351 quod

921 1356 1050 1385 secundas
1065 1357 1173 1396 nuptias
1192 1356 1309 1393 damnet,
1326 1357 1374 1386 sed
1388 1358 1461 1396 quod
1472 1359 1511 1387 sic
1523 1359 1661 1389 liberiores

921 1409 1053 1437 maneant,
1069 1410 1094 1431 et
1110 1402 1207 1431 caelesti
1221 1413 1317 1442 sponso
1330 1404 1438 1433 Christo
1451 1415 1478 1433 se
1489 1405 1589 1434 arctius
1599 1406 1662 1444 jun-

921 1459 981 1487 gere
993 1448 1103 1488 possint.

959 1496 1158 1534 Longissimum
1179 1502 1204 1524 et
1227 1495 1357 1524 eximium
1381 1495 1415 1524 de
1439 1497 1603 1535 Virginitate
1623 1497 1658 1525 li-
1673 1509 1765 1531 Librum
1788 1511 1816 1532 d„

918 1541 1012 1577 hrum,
1025 1541 1072 1579 qui
1093 1542 1236 1580 plusquam
1249 1541 1287 1570 68
1298 1542 1410 1580 paginas
1423 1542 1526 1581 implety
1543 1543 1660 1572 emisisse
1674 1541 1805 1583 virginitate

919 1588 1046 1616 Joannem
1070 1593 1194 1625 putamus
1213 1587 1361 1615 Antiochiae
1387 1595 1412 1616 et
1436 1595 1579 1626 antequam
1599 1600 1659 1628 pre·
1673 1578 1760 1631 {3¹:5³³ss
1775 1580 1814 1593 ³¹¹-

919 1634 1011 1672 sbyter
1023 1640 1100 1662 esset.
1114 1633 1194 1670 Quod
1209 1633 1279 1662 enim
1296 1634 1444 1662 Antiochiae
1462 1634 1589 1669 ediderit,
1605 1636 1661 1674 ipse
1673 1634 1787 1663 1¹¹'⁰³¹*.v¹2‘

919 1680 1075 1708 testificatur
1095 1679 1206 1708 homilia
1231 1679 1438 1717 undevigesima
1465 1680 1491 1708 in
1517 1681 1603 1720 Epist.
1625 1681 1660 1710 ad
1673 1670 1736 1686 esser.

920 1725 1072 1754 Corinthios
1086 1725 1129 1753 his
1151 1725 1241 1753 verbis
1256 1737 1261 1752 :
1277 1725 1328 1754 «Si
1343 1733 1432 1754 autem
1445 1727 1611 1765 praetrrimus
1632 1737 1661 1756 ea
1673 1739 1697 1758 93

920 1782 977 1810 quae
1000 1770 1112 1799 dicenda
1127 1778 1212 1799 essent
1232 1771 1265 1799 dc
1279 1771 1432 1810 virginitate
1442 1795 1448 1806 ‚
1461 1782 1539 1800 nemo
1553 1783 1600 1800 nos
1614 1783 1661 1801 ne-

919 1817 1054 1857 gligentiae
1070 1817 1188 1846 damnet.
1204 1819 1310 1856 Integer
1324 1818 1396 1846 enim
1410 1818 1478 1846 liber
1491 1819 1517 1847 in
1534 1819 1606 1847 hunc
1621 1819 1660 1848 lo-

919 1875 978 1892 cum
992 1876 1006 1893 a
1017 1864 1093 1893 nobis
1107 1870 1145 1892 est
1157 1863 1245 1892 editus
1261 1876 1267 1891 z
1282 1871 1306 1892 et
1321 1875 1399 1899 cum,
1413 1875 1494 1902 quam
1524 1865 1661 1904 potuimus

918 1910 1116 1938 accuratissime
1140 1916 1165 1937 et
1185 1909 1403 1947 diligentissime,
1423 1910 1512 1938 omnia
1527 1911 1584 1939 illic
1599 1921 1661 1950 per—

918 1956 1022 1994 sequuti
1044 1956 1140 1991 simus,
1155 1966 1383 1994 supervacaneum
1408 1966 1463 1984 esse
1486 1956 1616 1985 duximus
1632 1968 1661 1986 ea

918 2013 1026 2030 rursum
1056 2001 1100 2030 hic
1126 2011 1267 2039 exponere.
1286 2013 1300 2027 n
1328 2003 1430 2030 Locum
1456 2013 1536 2041 porro
1564 2003 1643 2032 illum
1653 2027 1660 2037 ,

918 2059 997 2087 quem
1013 2047 1122 2076 homilia
1146 2046 1348 2085 undevigesima
1374 2047 1400 2075 in
1421 2048 1572 2087 Epistolam
1596 2051 1606 2077 1
1625 2050 1660 2078 ad

919 2095 1071 2123 Corinthios
1089 2094 1114 2122 in
1130 2100 1317 2132 argumentum
1333 2092 1384 2121 sibi
1396 2095 1533 2133 proponit,
1549 2094 1659 2132 scilicet,

918 2141 1023 2169 Bonum
1040 2147 1077 2168 est
1091 2139 1192 2168 homini
1207 2139 1346 2168 mulierem
1361 2150 1413 2168 non
1430 2147 1545 2179 tangere,
1559 2148 1618 2176 etc„
1632 2143 1659 2171 in

918 2188 968 2215 boc.
989 2187 1021 2215 de
1043 2186 1205 2224 Virginitate
1226 2185 1297 2214 libro
1321 2193 1450 2225 perpetuo
1464 2194 1551 2215 versat
1565 2194 1590 2216 et
1604 2187 1660 2217 dis-

918 2234 984 2262 cutit
998 2246 1005 2269 ;
1022 2234 1057 2261 ita
1073 2240 1103 2261 ut
1124 2231 1235 2272 perinde
1251 2239 1353 2260 certum
1374 2232 1407 2260 sit
1430 2232 1503 2261 bunc
1518 2233 1551 2262 de
1565 2234 1659 2273 Virgi-

918 2280 1000 2309 nitate
1020 2279 1120 2307 librum
1139 2279 1165 2306 in
1188 2277 1299 2306 homilia
1323 2278 1370 2306 illa
1393 2280 1595 2308 commemorari
1609 2292 1616 2307 τ
1630 2287 1659 2308 ut

917 2334 1018 2355 certum
1046 2333 1100 2360 est,
1118 2325 1175 2364 ipso
1200 2331 1265 2352 teste
1286 2324 1495 2363 Chrysostomo,
1511 2333 1535 2353 et
1562 2326 1659 2354 fatente

917 2372 1104 2405 Tillemontio‚
1118 2370 1248 2399 Homilias
1263 2370 1290 2398 in
1306 2370 1458 2409 Epistolam
1474 2373 1485 2399 ’1
1506 2371 1542 2400 ad
1557 2372 1656 2400 Corin-

916 2419 986 2447 tliios
999 2417 1145 2446 Antiochiae
1159 2416 1266 2445 habitas
1280 2416 1373 2445 fuisse.

956 2465 1059 2492 Verum
1074 2464 1113 2491 V.
1130 2463 1172 2491 Cl.
1187 2462 1377 2491 Tillemontius
1391 2469 1489 2491 tantam
1501 2463 1564 2492 huie
1579 2475 1654 2492 ener-

916 2511 1012 2539 vaudae
1027 2509 1161 2538 sententiae
1176 2508 1364 2537 difficultatem
1380 2520 1406 2538 se
1421 2510 1550 2549 reperisse
1564 2518 1655 2550 putat,

918 2563 946 2585 ut
973 2556 1020 2584 illa
1051 2555 1184 2584 abductus
1197 2577 1204 2591 ,
1222 2556 1351 2585 Joannem
1372 2557 1429 2595 jam
1450 2556 1605 2595 episcopum
1631 2564 1656 2585 et

917 2601 1144 2641 Constantinopoli
1165 2601 1266 2630 librum
1291 2601 1362 2630 hunc
1383 2601 1499 2630 edidisse
1518 2602 1652 2637 decernat,
