1884 2922
222 200 287 245 194

220 270 355 300 sedetiam
369 270 469 299 invitis.
483 276 502 298 1.
516 273 579 298 200.
596 279 623 297 Α.
635 280 659 298 n.
670 279 694 297 c.
709 268 843 297 Beneficia
859 274 958 306 quanta

220 326 234 343 a
252 315 309 342 Deo
326 313 481 341 hominibus
506 312 610 341 collata.
626 319 670 340 ΙΙΙ.
684 316 747 341 17⁷⁴.
760 322 786 339 n.
806 321 831 340 c.
849 311 959 340 Benefi-

220 358 291 385 cium
305 357 352 384 Dei
363 365 509 384 summum.
528 359 616 383 v.93.
631 365 656 382 Λ.
674 354 805 383 Beneficia
825 365 961 392 qucecum-

222 412 273 439 que
299 401 325 428 in
355 410 401 427 nos
429 399 530 427 conscrt
552 398 634 426 Deus.
654 405 684 426 V.
705 402 769 426 323.
787 409 814 427 E.
843 402 908 427 563.
933 410 959 427 Λ.

225 452 281 473 x'tt.
298 448 362 472 743.
380 454 406 470 A.
422 442 510 476 Quam
536 441 630 476 multa,
646 452 726 479 quam
751 442 879 470 immensa
895 441 959 471 sint.

227 489 269 518 ΙΙ),
286 494 309 514 et
324 493 380 514 x'tt.
396 490 461 513 612.
473 496 499 512 Α.
512 496 537 514 n.
555 495 581 514 C.
599 485 669 512 Cum
684 484 824 513 securitate
839 491 863 513 et
879 485 960 524 gloria

223 531 363 559 donantur.
389 535 432 557 lv.
449 533 513 557 8151.
527 540 553 557 A.
569 527 702 556 Beneficia
717 528 767 557 Dei
792 539 854 567 erga
875 539 962 568 popu-

224 577 279 604 lum
299 583 386 603 suum.
408 580 439 601 v.
458 577 523 601 581.
543 583 568 600 n.
584 583 610 600 E.
628 571 824 601 Beneficiorum
839 573 888 601 Dei
904 584 962 602 mo-

224 625 348 647 numenta
371 617 398 645 in
414 616 563 655 Scriptura.
584 621 628 643 tv.
645 619 709 643 655.
723 626 751 644 n.
768 616 960 645 Beneficiorum

226 663 272 691 Dei
289 660 428 690 memoria.
450 666 494 688 tv.
512 664 576 687 298.
594 670 618 688 n.
634 659 722 688 Multo
739 660 889 688 uberiorem
905 671 963 699 gra-

224 707 287 735 tiam
303 706 353 734 sibi
374 704 508 733 conciliat.
525 705 569 731 [ὑ.
588 703 782 732 Beneficiorum
797 704 847 732 Dei
862 715 962 733 memo-

224 753 262 781 ria
287 761 405 780 amorem
423 749 523 778 indicat
546 755 571 777 et
587 749 665 778 fovet.
693 756 738 777 lv.
756 754 819 778 851.
835 761 860 777 Β.
878 750 963 778 Bene-

224 796 346 825 liciorum
359 794 408 823 Dei
423 804 524 822 memor
540 793 617 821 debet
630 803 681 821 non
695 793 784 832 ipsum
796 801 905 833 propter
917 793 963 822 do-

224 851 269 877 na,
287 839 333 868 sed
345 839 415 868 dona
432 844 540 877 propter
552 838 639 876 ipsum
654 836 776 875 diligere.
793 844 839 866 tv.
854 842 919 866 859.
934 848 960 865 c.

227 884 283 911 lloe
307 889 346 912 est
359 892 420 911 vere
434 881 517 910 laetari
544 880 570 908 in
594 880 703 908 salutari
722 880 781 911 Dei.
798 881 845 909 lh.
859 881 961 909 Benefi-

226 927 328 954 ciorum
350 925 399 955 Dei
422 924 548 953 memoria
573 930 611 952 est
638 924 798 961 sacrificium
813 931 837 953 et
851 924 961 953 oblatio.

226 977 257 998 v.
269 975 334 999 293.
350 982 375 998 Α.
388 969 423 998 Et
438 969 496 997 laus
510 975 535 996 ct
547 967 692 1006 gratiarum
706 968 787 1003 actim,
799 975 825 996 et
836 967 964 996 beneficia

225 1014 276 1042 Dei
300 1015 382 1042 menti
408 1013 563 1052 imprimere
578 1018 602 1039 et
619 1011 711 1039 multis
730 1011 894 1051 praedicme,
908 1012 964 1040 haec

226 1058 352 1096 majorem
368 1058 480 1095 gratiam
499 1061 645 1095 provocant
659 1062 685 1084 et
700 1056 734 1084 ad
757 1057 884 1084 virtutem
897 1056 965 1084 inci-

225 1108 292 1131 tant.
318 1103 363 1130 lb.
388 1101 581 1129 Beneficiorum
608 1099 658 1127 Dei
680 1099 828 1128 recordatio
858 1106 964 1138 quantoe

225 1145 259 1173 sit
275 1145 408 1174 utilitatis.
427 1151 472 1173 Xt.
491 1148 557 1172 791.
574 1154 598 1174 n.
618 1142 751 1171 Beneficia
766 1150 866 1181 quanto
880 1144 965 1182 majo·

225 1199 253 1217 ra
273 1189 332 1226 quis
347 1187 495 1226 acceperit,
510 1193 582 1215 tanto
603 1186 698 1224 majori
713 1187 846 1225 supplicio
860 1187 964 1216 afficic-

224 1239 278 1267 tur,
290 1233 312 1260 si
325 1232 404 1260 fuerit
416 1232 546 1269 ingratus.
559 1237 616 1259 Vll.
627 1234 689 1258 600.
702 1240 728 1258 c.
740 1230 866 1259 Beneficii
878 1238 965 1259 custo·

225 1276 269 1304 dia
280 1283 317 1304 est
329 1276 386 1313 ejus
403 1273 543 1302 memoria.
562 1280 621 1301 Vll.
638 1277 703 1302 352.
718 1283 744 1301 D.
760 1274 893 1302 Beneficia
906 1285 965 1303 cor-

225 1320 301 1348 datos
314 1320 363 1348 Dei
376 1318 490 1347 famulos
505 1318 566 1357 plus
580 1316 723 1346 emendant
733 1328 813 1355 quam
823 1319 964 1358 supplicia.

226 1373 272 1395 tv.
287 1371 332 1394 Ssi.
355 1376 381 1394 c.
400 1364 534 1393 Beneficia
556 1371 678 1392 nontam
701 1363 824 1392 alliciunt
845 1365 965 1394 homines

227 1416 255 1437 ut
277 1410 358 1437 timor
377 1407 498 1445 castigat3
516 1407 553 1445 pii
581 1414 668 1435 autem
689 1406 742 1435 viri
767 1414 792 1435 et
809 1408 888 1436 amici
915 1409 964 1437 Dei

226 1460 318 1481 neutro
333 1463 399 1491 opus
411 1452 510 1479 habent
525 1458 553 1478 ut
573 1461 633 1479 eum
649 1450 777 1488 diligant.
792 1459 838 1481 IV.
856 1457 901 1480 61.
915 1452 964 1481 Be-

226 1497 320 1525 neficia
342 1503 465 1535 praestare
485 1495 614 1533 aequalem
634 1495 690 1523 Deo
705 1495 778 1524 facit.
790 1503 836 1525 IV.
854 1501 918 1525 [⁴56.
936 1507 963 1526 D.

226 1540 390 1569 Beneficium
406 1539 451 1577 qui
464 1538 520 1573 dat,
530 1540 614 1577 magis
626 1539 746 1567 lucratur
761 1550 840 1577 quam
854 1540 899 1578 qui
915 1551 963 1569 ac·

225 1584 303 1623 cipit.
322 1591 367 1613 XI.
387 1588 451 1611 307.
469 1593 494 1610 c.
513 1582 678 1611 Beneficium
696 1593 743 1621 pro
757 1583 889 1612 maleficio
903 1584 964 1613 red-

225 1628 288 1656 ‹lcre
300 1637 379 1665 quam
400 1636 536 1664 magnum.
559 1633 602 1654 [V.
626 1631 689 1655 867.
709 1638 737 1655 n.
759 1627 890 1656 Beneficia
914 1628 965 1656 ini-

226 1671 301 1699 micis
316 1670 432 1710 prmstita
457 1676 518 1697 sunt
539 1670 618 1707 etiam
646 1670 846 1699 innumerorum
873 1682 965 1710 pecca-

225 1721 312 1742 torum
334 1713 464 1742 remissio.
485 1720 530 1742 tv.
551 1719 615 1744 906.
645 1726 669 1743 c.
690 1714 821 1743 Beneficia
851 1715 964 1744 Davidis

225 1759 251 1786 in
275 1759 394 1787 Saulem.
422 1764 465 1786 lv.
494 1762 557 1785 867.
574 1768 601 1788 E.
619 1758 771 1786 Beneficum
798 1765 823 1787 et
842 1767 963 1788 servato-

225 1812 280 1830 rem
305 1813 383 1830 suum
407 1800 541 1830 Davidem
561 1803 627 1831 Saiil
651 1802 773 1832 occidere
793 1809 883 1832 tentat.
916 1811 961 1834 IV.

226 1851 290 1874 871.
305 1858 333 1874 n.
349 1858 373 1874 E.

265 1890 495 1918 Bumvotffln..
523 1890 636 1919 Davidis
670 1901 731 1929 erga
765 1890 882 1919 Saulem.
916 1898 958 1919 tv.

226 1939 289 1962 869.
305 1946 329 1963 n.
344 1934 495 1962 Benevolus
513 1933 623 1962 Davidis
635 1945 697 1973 erga
713 1945 775 1963 suos
785 1934 900 1963 animus.
919 1942 963 1964 lv.

225 1983 291 2006 ⁸83.
309 1989 333 2006 n.

264 2022 428 2050 Remmium
443 2027 528 2049 ortus.
546 2028 591 2049 IV.
611 2026 674 2049 671.

264 2066 440 2094 {mutemus
463 2065 512 2093 Dei
529 2071 638 2102 quanta.
658 2072 689 2094 Υ.
708 2070 750 2094 15.
770 2077 794 2094 n.
813 2069 856 2093 16.
872 2076 898 2093 E.
916 2066 964 2094 Be-

226 2109 340 2147 nignitns
356 2108 456 2136 Christi
470 2108 609 2137 imitanda.
628 2116 700 2138 thl.
718 2110 967 2148 329.c.Bcn1·gni-

225 2162 269 2183 tas
294 2162 319 2183 ct
348 2156 556 2190 longanimitas
582 2156 644 2183 Dei.
674 2163 695 2184 t.
719 2160 781 2183 997.
797 2157 905 2184 ollem:
919 2157 965 2184 di-

224 2200 333 2237 scipulo
350 2201 458 2228 Christi
474 2201 628 2228 imitanda.
644 2200 683 2227 lb.
700 2204 764 2228 998.
781 2210 844 2238 sqq.

265 2244 392 2272 Bnnmcn
410 2250 434 2272 et
450 2243 590 2272 Prosdoee.
613 2243 644 2271 ln
667 2250 770 2271 sanctas
794 2243 920 2272 Bernicen
940 2251 965 2272 et

226 2287 374 2315 l‘roscloeen
409 2297 512 2316 sorores
545 2288 662 2326 virgines
690 2294 714 2316 et
748 2294 878 2326 martyres
904 2298 964 2316 cum

226 2331 358 2359 Domnina
373 2338 455 2359 matre
464 2331 590 2360 Homilia.
604 2339 635 2360 tt.
645 2336 709 2360 750.
722 2331 833 2359 Bernice
848 2338 873 2359 et
886 2332 965 2360 Pros-

225 2374 288 2402 doce
302 2385 361 2402 cum
374 2375 506 2402 Domnina
521 2375 633 2413 patriam
645 2374 811 2412 relinquunt.
825 2382 857 2403 11.
870 2380 963 2404 vitu.

227 2418 352 2446 Edessam
368 2418 534 2456 perveniunt.
552 2423 615 2446 765.
636 2430 659 2446 n.
679 2419 800 2447 Bernices
814 2426 839 2447 et
852 2419 964 2448 Prosdo-

225 2472 266 2489 ces
287 2468 360 2499 pater
373 2461 407 2489 ad
427 2461 568 2499 capiendas
590 2472 700 2490 uxorem
715 2469 740 2490 et
751 2463 820 2491 lilias
831 2473 892 2491 suas
903 2474 964 2491 cum

226 2505 354 2532 militibus
377 2505 546 2543 ailploperat.
565 2513 597 2533 H.
623 2511 688 2535 767.
717 2516 742 2534 Ε.
768 2507 871 2535 Sanctae
893 2518 963 2535 mar-

225 2556 294 2585 tyres
309 2550 414 2577 tlliristo
429 2549 556 2578 comitese
568 2550 593 2577 in
608 2550 705 2578 [lumen
720 2550 785 2579 daut
797 2551 958 2590 praecipites.

225 2596 266 2622 Ile.
291 2595 513 2623 ‹;.(].¹1lceamenta
536 2596 562 2623 in
585 2595 702 2624 fluminis
717 2596 774 2635 ripa
797 2597 959 2635 relinquunt.

857 206 958 229 INDEX
986 205 1099 229 RERUM
1106 220 1111 227 .

1013 272 1080 296 770.
1095 278 1119 295 n.
1138 266 1222 304 quue
1236 274 1264 296 ut
1280 268 1436 297 custodibus
1446 269 1501 297 suis
1512 269 1687 298 consulerent.
1703 270 1745 297 lb.

1016 310 1150 345 Bernices,
1169 310 1314 339 Prosdoces
1328 317 1353 339 et
1367 311 1508 340 Domninae
1521 312 1640 350 reliquiae
1661 312 1748 341 hono-

1015 361 1109 383 rantur
1122 355 1147 383 in
1163 355 1288 394 capsulis.
1303 362 1336 383 11.
1350 360 1415 384 770.
1431 366 1458 383 c.

1055 399 1203 428 BETusani:
1215 421 1222 435 ‚
1235 409 1293 436 quse
1310 399 1379 427 male
1397 398 1534 433 audiebat,
1551 399 1646 427 omiss-51
1661 400 1686 428 in
1705 408 1751 438 ge-

1017 442 1135 480 nealogia
1152 442 1264 470 Christi.
1280 448 1337 470 vlt.
1358 446 1402 471 16.
1416 452 1442 470 R.

1056 486 1204 515 Besannnt.
1227 486 1334 514 donum
1369 486 1602 514 architectonicam
1629 487 1749 524 accepit.

1017 536 1063 558 ltt.
1078 534 1142 558 971.
1156 540 1184 558 E.

1057 573 1219 601 antmvi
1234 572 1329 601 civitas
1353 572 1465 601 Judffie.
1483 579 1515 600 ΙΙ.
1536 576 1599 600 1420.
1616 584 1641 600 Λ.
1664 572 1752 600 Patria

1017 616 1128 646 Christi.
1144 618 1189 644 Ib.
1213 616 1349 645 Bethleem
1372 616 1469 645 domus
1496 616 1580 654 panis.
1607 623 1665 644 ΠΙ.
1686 621 1750 644 130.

1016 660 1151 689 Bethleem
1164 660 1240 689 vicus
1255 660 1367 689 illustris
1380 660 1465 688 sactus
1489 666 1538 694 est,
1556 670 1606 688 non
1622 659 1649 687 in
1666 659 1748 688 Palae-

1016 703 1084 732 stina
1103 711 1222 738 tantum,
1239 703 1287 732 sed
1301 704 1327 732 in
1348 710 1403 732 toto
1417 703 1489 731 orbe.
1504 710 1562 733 VH.
1580 708 1644 732 123.
1659 714 1682 731 n.
1698 703 1753 731 Be-

1016 747 1126 786 thleem,
1143 748 1190 776 ubi
1205 747 1327 776 Christus
1342 754 1420 776 natus
1433 754 1487 783 est,
1499 747 1637 785 religionis
1647 757 1709 786 ergo
1719 757 1753 775 ex

1017 791 1116 820 finibus
1132 799 1208 820 terrae
1232 791 1355 821 veniunt.
1372 798 1429 820 Vll.
1448 795 1511 820 122.
1529 791 1666 819 Bethleem
1681 792 1752 820 visu-

1016 845 1063 863 rus
1078 842 1147 864 totus
1162 835 1234 864 orbis
1248 835 1368 864 confluit.
1384 842 1404 864 1.
1422 840 1487 865 686.

1070 880 1206 908 ἶιτιηΜ.Ὲ
1223 880 1248 908 in
1265 880 1372 918 regione
1388 880 1496 908 trecenti
1515 886 1540 908 et
1559 880 1648 919 plures
1664 881 1754 909 Patres

1016 923 1049 951 de
1064 923 1191 952 Paschate
1207 923 1392 952 decreverunt.
1414 930 1432 951 Ι.
1449 927 1512 951 743.
1529 933 1554 951 Β.

1057 967 1176 995 Bri-urm
1189 966 1310 995 recensiti
1326 967 1393 994 inter
1405 966 1491 995 varias
1507 973 1609 1005 gentes.
1624 974 1644 995 1.
1657 971 1753 996 559.c.

1057 1011 1253 1039 BLASPHEMLE
1269 1010 1381 1038 malum.
1406 1017 1427 1038 1.
1451 1015 1516 1039 914.
1538 1021 1566 1038 A.
1584 1021 1607 1038 B.
1624 1021 1651 1038 c.
1668 1012 1755 1049 Super

1017 1055 1104 1083 omnia
1128 1054 1269 1082 exacerbat
1291 1055 1388 1082 Deum.
1413 1061 1434 1082 1.
1455 1058 1520 1082 293.
1539 1064 1564 1083 1³.
1582 1053 1752 1093 Blasphemia

1017 1100 1093 1138 pejus
1108 1098 1186 1127 nihil.
1204 1106 1237 1127 11.
1256 1103 1301 1127 20.
1316 1109 1341 1126 A.

1057 1142 1233 1181 Blasphemiae
1245 1141 1319 1170 varia
1334 1151 1442 1179 genera.
1455 1149 1488 1171 11.
1504 1145 1569 1169 905.
1587 1152 1615 1171 c,
1625 1141 1755 1180 Blasphe·

1017 1185 1071 1213 mia
1087 1185 1143 1213 filia
1163 1185 1346 1224 impatientiae.
1361 1192 1383 1213 1.
1400 1189 1464 1213 914.
1479 1196 1504 1214 n.
1520 1186 1577 1213 Non
1593 1185 1692 1214 allevat
1706 1184 1755 1212 do—

1017 1229 1097 1257 lores.
1113 1231 1158 1257 ΙΙ).
1173 1229 1341 1267 Blasphemia
1366 1235 1522 1267 praesentem
1540 1229 1671 1267 jacturam
1699 1239 1753 1256 au-

1018 1279 1070 1311 get.
1090 1280 1123 1301 11.
1152 1277 1195 1301 22.
1212 1272 1390 1312 Blasphemus
1415 1279 1453 1301 est
1481 1272 1588 1308 asinus,
1610 1272 1754 1301 iracundia:

1017 1317 1123 1356 pondus
1137 1327 1188 1346 non
1199 1317 1296 1346 ferens.
1309 1324 1340 1346 11.
1351 1322 1395 1346 23.
1411 1329 1438 1348 Ε,
1451 1317 1619 1355 Blasphemia
1631 1316 1756 1345 nihilno·

1018 1364 1133 1392 cumenti
1148 1365 1204 1392 Deo
1217 1364 1304 1392 affert.
1318 1371 1374 1392 ΠΙ.
1390 1368 1453 1392 391.
1469 1374 1496 1393 ε.
1514 1363 1685 1402 Blasphemia
1701 1372 1755 1400 quo

1017 1419 1094 1438 sensu
1114 1420 1165 1438 non
1183 1410 1281 1438 remitti
1293 1409 1407 1438 dicatur.
1421 1416 1479 1438 vlt.
1498 1414 1562 1438 505.
1578 1420 1605 1438 A.
1621 1409 1755 1448 Blasphe-

1018 1453 1055 1481 mi
1069 1453 1207 1492 puniendi.
1218 1461 1251 1483 11.
1267 1459 1342 1482 28.1;.
1356 1453 1577 1492 Blasphemantes
1593 1452 1752 1491 castigandi.

1018 1504 1051 1525 11.
1069 1503 1114 1527 22.
1141 1509 1169 1526 n.
1196 1498 1254 1526 Imo
1277 1497 1435 1526 verberandi
1460 1505 1485 1526 et
1511 1497 1597 1536 alapis
1621 1496 1754 1525 caedendi.

1018 1543 1061 1570 ΙΙ),
1073 1541 1282 1581 Blasphemandi
1298 1552 1403 1570 causam
1416 1542 1562 1581 prmbentes
1577 1541 1687 1579 grandis
1697 1551 1753 1580 poe-

1017 1595 1050 1613 na
1073 1592 1172 1614 manet.
1188 1593 1233 1614 IV.
1248 1591 1293 1614 60.
1309 1596 1336 1614 Α.
1354 1585 1508 1624 Blasphemi
1529 1585 1556 1613 in
1578 1595 1656 1613 causa
1680 1591 1755 1613 erant

1017 1629 1175 1658 calamitatis
1190 1629 1362 1658 Antiochenae
1384 1636 1443 1668 post
1464 1639 1569 1657 eversas
1592 1635 1701 1657 statuas.
1718 1635 1753 1656 11.

1018 1678 1061 1702 28.
1078 1685 1101 1702 Β.
1119 1685 1145 1703 c.
1162 1673 1334 1713 Blasphemia
1357 1680 1394 1702 est
1415 1673 1508 1702 divina
1529 1672 1676 1702 ratiociniis
1697 1683 1756 1711 per,-

1017 1719 1134 1757 quiret-e.
1151 1727 1195 1749 XI.
1208 1724 1272 1749 656.
1290 1732 1316 1748 A.

1057 1763 1139 1792 Rom
1158 1774 1221 1793 vera
1255 1774 1375 1802 quzenam
1400 1770 1469 1791 sunt.
1498 1770 1544 1792 XI.
1576 1767 1641 1791 671.
1671 1773 1701 1792 Ε.
1726 1773 1752 1790 F.

1018 1812 1083 1836 977.
1098 1819 1125 1836 Ε.
1142 1818 1206 1847 sqq.
1227 1809 1299 1836 Bona
1314 1815 1339 1836 et
1352 1808 1421 1836 mala
1441 1818 1492 1836 non
1507 1806 1653 1836 secundum
1678 1807 1754 1846 vulgi

1017 1852 1241 1880 existimationem
1262 1852 1381 1880 dicendi.
1400 1859 1445 1880 Vt.
1467 1855 1530 1880 176.
1547 1862 1576 1879 n.
1593 1851 1665 1879 Bona
1692 1862 1753 1880 vera

1017 1906 1069 1924 non
1084 1896 1223 1934 praesentia
1238 1896 1363 1930 sunt,scd
1378 1905 1476 1924 aeterna
1490 1902 1514 1924 et
1528 1896 1554 1923 in
1568 1895 1651 1932 cae103
1663 1902 1692 1923 ut
1707 1906 1754 1934 per

1017 1944 1241 1979 comparationem
1267 1941 1343 1968 Pauli
1373 1951 1435 1969 cum
1460 1941 1564 1969 Nerone
1591 1939 1756 1968 demonstrat

1018 1985 1233 2024 Chrysostomus.
1252 1992 1298 2014 xt.
1315 1989 1381 2013 735.
1409 1995 1437 2014 A.
1460 1995 1520 2023 sqq.
1539 1984 1609 2012 Bona
1625 1983 1755 2022 spiritua-

1018 2028 1052 2056 lia
1067 2035 1165 2066 quauto
1177 2028 1285 2057 meliora
1302 2028 1487 2057 sensibilibus.
1502 2031 1751 2057 1.666.n.067.12.

1018 2073 1090 2101 Bona
1113 2073 1193 2112 liujus
1208 2073 1300 2102 mundi
1316 2083 1396 2111 quam
1411 2073 1494 2102 fluxa.
1518 2073 1560 2100 Ib.
1583 2071 1656 2098 Bona
1673 2071 1753 2110 liujus

1018 2117 1078 2146 vitce
1092 2117 1160 2145 bona
1174 2127 1224 2145 non
1240 2124 1311 2154 sunt,
1325 2124 1353 2145 ut
1364 2118 1431 2144 mala
1448 2115 1517 2144 mala
1528 2125 1579 2143 non
1594 2121 1665 2144 sunt.
1682 2122 1751 2144 Yllt.

1019 2166 1083 2190 375.
1100 2172 1126 2189 n.
1146 2162 1218 2190 Bona
1235 2172 1293 2199 qum
1309 2159 1468 2200 praeparavit
1485 2161 1557 2188 Deus
1578 2158 1754 2197 diligentibus

1017 2216 1044 2233 se
1059 2215 1163 2233 omnem
1186 2205 1330 2232 humanam
1347 2203 1532 2242 cogitationem
1552 2203 1750 2231 transcendunt.

1019 2256 1064 2278 lv.
1080 2254 1143 2277 300.
1162 2260 1185 2276 n.
1201 2249 1272 2276 Bona
1287 2248 1414 2275 libentius
1431 2258 1511 2285 quam
1530 2247 1663 2286 supplicia
1678 2248 1751 2275 Deus

1018 2292 1106 2321 insert.
1119 2299 1176 2321 ΠΙ.
1189 2297 1251 2320 4⁷42.
1265 2302 1292 2319 ιῑ.
1304 2291 1376 2319 Bona
1392 2291 1491 2328 quibus
1505 2292 1575 2319 Deus
1590 2290 1694 2318 ornavit
1706 2290 1755 2319 ho·

1017 2336 1116 2364 minem
1131 2336 1305 2365 innocentem.
1327 2342 1347 2363 1.
1374 2339 1436 2363 194.
1463 2345 1486 2363 e.
1510 2334 1584 2362 Bona
1600 2340 1688 2361 nostra
1707 2334 1753 2363 ubi

1017 2380 1169 2408 collocanda
1185 2386 1238 2408 uta
1252 2380 1307 2407 Deo
1323 2385 1497 2407 reserventur.
1517 2385 1562 2406 tx.
1582 2382 1645 2405 5:39.
1664 2388 1690 2406 Α.
1701 2377 1755 2406 Bo-

1017 2434 1050 2452 na
1066 2434 1159 2461 magna
1184 2423 1258 2451 nobis
1276 2422 1384 2461 pariunt
1410 2423 1489 2450 varim
1513 2421 1681 2450 tentationes.
1705 2429 1751 2450 lx.

1017 2472 1081 2497 415.
1095 2478 1123 2496 n.
1142 2469 1277 2496 Bonorum
1299 2466 1413 2505 privatio
1431 2466 1513 2494 efficit
1530 2464 1603 2503 quod
1617 2475 1679 2493 usus
1696 2465 1754 2493 sru—

1016 2518 1074 2539 ctus
1086 2511 1191 2539 efficere
1206 2521 1256 2538 non
1274 2510 1371 2549 potuit,
1390 2517 1418 2538 ut
1431 2520 1522 2538 corum
1538 2519 1632 2548 nempe
1645 2519 1751 2537 sensum

1016 2555 1172 2584 habeamus.
1189 2562 1221 2582 V.
1240 2559 1305 2583 406.
1322 2564 1349 2582 Ε.
1367 2554 1438 2582 Bona
1463 2555 1639 2592 inexspectata
1665 2553 1752 2591 majo-

1016 2609 1070 2627 rem
1083 2599 1246 2637 voluptatem
1259 2598 1352 2626 assei-rc
1368 2598 1458 2626 solent.
1475 2605 1518 2626 tv.
1537 2602 1601 2625 719.
1617 2607 1644 2624 n.
