1910 2907
18 293 104 316 patim.
119 304 141 323 p.
153 289 270 319 ecelesiis
289 290 326 319 ita
340 290 412 330 pulsi
430 291 541 319 fuissent
557 290 668 321 Joannis
682 291 830 330 presbyteri
840 313 847 327 ,
864 291 890 319 in

17 325 77 377 ‘bl-⁸2⁶⁸:—
91 333 141 379 f‘lg·
152 336 260 375 publico
283 336 391 365 lavacro
401 359 409 374 ‚
438 337 510 375 quod
536 336 738 366 Constantianas
775 337 891 365 thermas

17 403 22 407 .
39 387 74 409 18.
152 382 283 411 vocabant
311 384 464 412 convocatis
496 383 604 422 populis
627 383 735 421 vigilias
763 383 892 422 agebant,

25 430 112 452 Somni.
125 430 141 452 ¹-
151 428 199 456 alii
210 428 362 467 Scripturas
373 428 480 457 divinas
492 429 618 468 legentes,
630 429 677 457 alii
690 429 892 457 catechumenos

22 468 58 481 '⁶'
72 467 111 483 ²¹·
135 472 138 473 ⁷
152 473 326 512 baptizantes,
342 481 371 503 ut
386 475 467 503 moris
485 481 541 503 erat
555 475 581 503 in
597 474 735 503 paschate.
753 476 831 503 Tunc
842 477 893 503 An-

107 528 142 547 153
154 519 273 555 tioehus,
292 520 453 549 Severianus
472 527 497 549 et
512 521 623 549 Aeacius
638 521 766 549 Patronos
784 526 894 558 rogant,

153 574 183 596 ut
204 568 299 607 populi
321 579 336 597 a
359 569 406 597 tali
428 577 559 599 conventu
580 576 742 599 arcerentur.
765 569 895 606 Magister

152 621 256 648 autem,
277 615 322 643 vir
342 616 453 655 probus,
476 616 610 644 abnuebat
626 622 651 644 et
667 622 740 644 tanta
754 621 833 643 noctu
848 614 895 642 in-

151 661 221 689 ferre
236 661 305 689 mala
324 662 424 701 populo
445 662 560 691 nolebat.
582 663 655 690 Tum
674 661 787 690 Aeacius
802 660 895 689 timere

153 717 181 735 se
199 706 286 741 dixit,
307 717 340 735 ne
363 707 385 736 si
405 708 556 747 Imperator
576 707 603 735 in
625 707 763 736 eeclesiam
788 705 895 735 veniens

153 752 228 781 illam
243 764 357 782 vacuam
373 753 515 788 inveniret,
535 761 599 782 tunc
616 753 710 793 populi
729 763 789 792 erga
810 753 897 782 Joan-

155 809 215 827 nem
230 799 443 828 benevolentiam
461 800 637 838 intelligeret,
656 809 721 827 neve
737 809 764 827 se
783 805 811 826 ut
827 798 896 826 invi-

33 868 80 890 Atia
98 871 146 890 vio-
155 845 203 873 dos
217 845 335 873 baberet.
351 845 517 884 Urgentibus
531 845 596 881 illis,
611 845 725 873 Lucium
740 843 785 872 ille
799 854 897 881 quem—

11 908 74 923 ειηει4
89 906 144 923 acia.
155 891 218 919 dam
233 891 369 920 ethnicum
381 892 462 930 jussit
479 901 540 919 cum
556 891 741 920 Scutariorum
756 900 837 918 manu
851 890 897 918 illo

155 947 182 965 se
197 938 324 967 conferre.
343 937 444 965 Lucius
460 947 523 966 vero
540 947 601 965 cum
623 936 755 976 populum
775 935 837 964 inde
851 946 898 964 ex-

155 984 249 1013 cedere
262 985 333 1013 nolle
348 985 469 1021 vidisset,
485 994 607 1013 reversus
622 990 672 1012 est.
691 984 769 1012 Tunc
785 983 897 1012 Aeacius

153 1037 179 1058 et
189 1030 254 1058 socii
267 1031 356 1069 ipsum
371 1030 507 1069 deprecati
520 1037 592 1067 sunt,
606 1029 745 1069 promissis
760 1029 839 1058 etiam
850 1029 897 1058 ad-

153 1075 232 1112 ditis,
247 1083 277 1104 ut
292 1077 421 1116 populum
438 1077 465 1105 vi
484 1077 595 1116 pelleret
608 1083 634 1105 et
648 1077 682 1105 ad
697 1077 835 1105 ecclesiam
850 1078 896 1106 ad-

152 1121 270 1152 duceret.
290 1123 369 1151 Tunc
384 1123 429 1151 ille
446 1123 571 1152 assumtis
583 1133 674 1152 seeum
690 1123 781 1152 Aeacii
794 1123 896 1152 clericis

153 1168 270 1196 secunda
285 1169 378 1207 vigilia
389 1169 472 1197 noctis
488 1169 534 1197 illo
546 1180 573 1197 se
585 1170 696 1206 confert,
714 1176 811 1197 etcum
824 1169 897 1198 mili-

153 1214 227 1242 tibus
241 1214 340 1243 strictis
363 1214 471 1254 gladiis,
490 1215 517 1243 in
537 1215 739 1243 multitudinem
759 1214 896 1254 irrumpit,

153 1267 275 1298 penetrat
294 1271 377 1299 usque
396 1261 432 1289 ad
450 1268 553 1289 sanetas
572 1272 668 1299 aquas,
693 1268 723 1289 ut
744 1261 897 1300 prohiberet

155 1316 198 1334 eos
213 1307 258 1344 qui
280 1307 456 1335 initiabantur
475 1307 654 1335 sacramentis
673 1307 822 1335 Dominicae
842 1308 897 1336 Re-

154 1352 326 1380 surrectionis
346 1365 352 1381 z
370 1359 394 1381 et
416 1353 559 1381 diaconum
583 1353 747 1381 truculenter
767 1353 897 1383 invadens

153 1398 277 1436 symbola
291 1398 397 1435 effudit,
415 1399 584 1438 presbyteros
599 1409 662 1427 vero
678 1398 836 1437 grandaevos
851 1400 896 1428 fu-

153 1443 239 1472 stibus
260 1444 287 1473 in
309 1444 394 1483 eapite
417 1444 527 1479 seriens,
552 1454 656 1472 sacrum
678 1444 778 1472 fontem
803 1455 896 1474 cruore

152 1490 308 1528 conspersit.
323 1491 401 1519 Tune
416 1501 472 1518 rem
486 1490 647 1529 stupendam
662 1490 753 1519 videre
765 1497 830 1519 erat.
841 1492 895 1520 Nu-

151 1535 195 1564 dae
208 1536 279 1564 enim
295 1536 420 1565 mulieres
435 1547 495 1565 cum
511 1537 578 1566 viris
592 1537 663 1572 suis,
678 1544 750 1565 metu
766 1537 860 1566 mortis
871 1544 896 1566 et

150 1593 185 1611 ex
206 1583 366 1612 verecundia
388 1584 462 1623 turpi
485 1594 511 1612 se
535 1584 606 1622 sugae
629 1583 729 1612 dabant
752 1596 758 1612 :
784 1584 895 1622 quidam

151 1639 232 1658 manu
255 1630 389 1658 vulnerati
410 1630 521 1658 abibant
539 1630 682 1669 plorantes.
703 1629 746 1658 Ex
761 1630 895 1659 militibus

108 1692 112 1693 ν
151 1686 216 1705 Τενο
237 1676 359 1704 nonnulli
378 1676 496 1715 virgines
519 1675 625 1704 trahere
649 1675 787 1705 conscissis
812 1676 894 1705 saeris

151 1721 271 1750 vestibus
294 1734 300 1750 z
323 1733 414 1751 omnes
435 1729 523 1751 autem
543 1732 617 1750 saera
638 1732 702 1751 vasa
725 1722 893 1761 depraedare,

151 1768 204 1796 sibi
226 1779 328 1807 rapere.
353 1769 506 1808 Presbyteri
527 1775 552 1797 et
579 1768 685 1797 diaconi
711 1768 738 1796 in
762 1778 894 1797 carcerem

153 1814 339 1844 trudebantur.
358 1815 386 1843 ln
399 1815 500 1854 populo
508 1815 553 1853 qui
564 1814 747 1843 honoratiores
760 1821 844 1849 erant,
859 1825 893 1844 ex

152 1870 248 1898 magna
261 1860 306 1889 illa
323 1860 390 1888 urbe
401 1861 472 1899 pulsi
487 1867 557 1888 sunt.
573 1859 669 1888 Edicta
683 1860 823 1888 confertim
838 1871 892 1899 pu-

151 1905 336 1940 blicabantur,
358 1916 419 1934 cum
435 1905 514 1934 minis
536 1906 671 1934 intentatis
691 1905 718 1934 in
733 1916 792 1942 eos,
813 1906 859 1944 qui
877 1917 891 1934 a

151 1953 262 1982 Joannis
276 1952 463 1980 communione
477 1961 528 1979 non
542 1950 704 1979 recederent.

192 2000 240 2028 Illa
252 2010 313 2028 vero
328 1999 416 2028 omnia
432 1998 613 2027 moliebantur
626 1998 739 2027 Aeacius
749 2005 774 2027 et
786 2009 892 2028 consee-

150 2045 241 2080 lerati,
260 2052 288 2073 ut
300 2056 334 2073 ex
348 2045 380 2073 iis
395 2045 460 2073 loeis
470 2045 567 2083 ejectus
581 2044 696 2083 populus
709 2044 735 2072 in
752 2045 891 2073 ecclesiam

150 2101 178 2119 se
191 2091 336 2127 conferret,
350 2091 376 2119 in
389 2101 441 2129 qua
458 2090 509 2130 ipsi
524 2091 602 2130 pulso
617 2091 719 2120 ,Ioanne
731 2090 890 2119 celebraturi

149 2144 233 2165 erant.
246 2138 348 2166 Verum
364 2137 479 2165 ecclesiae
492 2147 557 2176 pene
572 2147 662 2165 omnes
676 2147 767 2166 vacuae
784 2147 889 2166 manse-

150 2190 211 2211 runt
224 2195 230 2210 :
243 2183 395 2222 paucissimi
407 2184 477 2212 enim
490 2189 566 2211 erant
579 2205 587 2220 ‚
602 2183 650 2221 qui
665 2194 679 2211 a
691 2182 803 2213 Joannis
813 2193 890 2211 eom-

153 2228 281 2257 munione
290 2229 447 2257 recederent.

188 2274 244 2303 Ubi
258 2285 321 2303 vero
339 2275 430 2304 illuxit
445 2275 581 2304 Paschatis
592 2275 648 2305 dies
659 2299 668 2311 ,
683 2277 770 2304 omnis
791 2276 889 2305 civitas

148 2327 223 2349 extra
239 2331 329 2349 muros
344 2321 470 2350 inlocum
485 2322 591 2350 nomine
603 2323 731 2361 Pempton
754 2322 888 2360 demigra-

148 2368 189 2396 vit
204 2380 209 2395 :
226 2368 316 2406 ibique
335 2369 428 2407 populi
445 2369 616 2398 festivitatem
632 2369 798 2397 celebravere
812 2369 888 2407 quasi

148 2425 211 2443 oves
228 2414 365 2454 dispersae.
380 2416 527 2454 Imperator
546 2423 633 2444 autem
649 2426 770 2454 egressus
787 2423 823 2444 est
835 2438 842 2451 ‚
860 2422 888 2444 ut

149 2471 203 2488 sese
218 2467 351 2488 exerceret
370 2460 397 2488 in
416 2460 505 2489 vicino
520 2471 614 2500 campo
626 2484 633 2496 ‚
647 2461 770 2499 viditque
792 2472 887 2499 agrum

150 2516 202 2534 non
214 2506 347 2534 consitum
361 2528 368 2541 ‚
378 2512 517 2544 tamenque
530 2506 687 2534 candentem
699 2529 705 2542 ,
720 2507 780 2544 quia
794 2517 889 2545 nempe

151 2551 169 2579 ii
182 2562 273 2580 omnes
284 2552 329 2590 qui
345 2563 430 2591 nuper
441 2552 567 2591 baptizati
581 2553 694 2588 fuerant,
707 2552 827 2581 candidis
841 2564 888 2582 ve-

31 2607 106 2629 clerus
118 2614 140 2631 ei
150 2598 234 2627 stibus
251 2598 338 2626 induti
354 2605 436 2626 erant.
455 2598 499 2626 Ait
521 2608 601 2637 porro
622 2598 781 2627 Sozomcnus
801 2599 888 2627 locum

27 2639 139 2692 Γῑῒιῑξίυὲῗ
151 2645 227 2675 illum
241 2646 320 2675 fuisse
339 2657 417 2684 quein
432 2646 602 2674 Constantius
622 2646 654 2675 ad
668 2646 747 2675 ludos
762 2646 888 2675 circenses

692 229 780 251 NUNC
807 229 936 252 PRIMUM
965 227 1162 251 ADORNATA.

1624 218 1680 250 181

945 291 1172 330 complanaverat,
1185 296 1210 319 et
1221 290 1351 319 asseribus
1361 291 1591 329 circumsepserat.
1601 290 1685 318 lirant
1700 301 1746 316 vius
1765 303 1825 315 mm<

945 344 1034 365 autem
1044 336 1085 365 illi
1095 336 1218 365 candidis
1229 336 1318 365 induti
1334 337 1452 366 vestibus
1467 344 1507 365 ter
1521 336 1594 364 mille
1609 336 1685 364 circi·
1700 329 1768 347 ‘¹⁸⁰⁸

947 390 987 411 ter
1011 393 1130 412 numero.
1157 384 1325 422 Stupefaetus
1350 383 1479 412 Arcadius
1507 382 1687 421 interrogabat

947 429 1070 467 quisnam
1082 429 1128 458 ille
1138 436 1220 458 coetus
1234 436 1309 458 esset.
1325 429 1369 458 Illi
1381 440 1444 458 vero
1456 453 1462 463 ‚
1476 439 1490 457 a
1503 428 1687 457 consceleratis

930 478 933 481 ⁴
947 475 1057 505 Joannis
1072 475 1188 505 inimicis
1204 475 1327 511 instituti,
1340 475 1540 515 responderunt
1552 473 1688 502 haeretico-

948 530 1008 548 rum
1021 527 1119 549 coetum
1129 531 1193 550 esse.
1209 522 1263 550 Nec
1275 532 1348 550 mora
1364 522 1404 550 illi
1418 521 1543 550 stet-iores
1557 531 1590 549 ex
1608 520 1689 548 satel-

946 566 1041 594 litibus
1053 567 1161 595 mittunt
1173 579 1187 596 a
1201 575 1289 606 tergo,
1306 568 1351 606 qui
1372 567 1506 596 auditores
1522 566 1651 605 dissipent
1665 572 1690 593 et

949 612 1070 641 doctores
1084 613 1322 652 comprehendant.
1339 614 1412 642 Tum
1427 613 1515 642 clerici
1529 624 1555 641 ca
1562 613 1599 651 pti
1615 619 1688 646 suut,

949 665 1046 686 etcum
1058 659 1111 687 iltis
1124 659 1183 687 laici
1197 660 1308 698 quidam
1318 672 1324 688 :
1335 660 1530 699 comprehensae
1542 667 1602 688 sunt
1611 659 1689 687 etiam

949 705 1070 733 virorum
1094 705 1225 733 nobilium
1246 707 1371 745 conjuges
1385 728 1392 740 ,
1409 717 1525 744 quarum
1541 706 1601 733 aliis
1623 706 1692 744 rapti

950 750 1074 778 mafortes
1093 757 1172 786 sunt,
1186 751 1246 778 aliis
1265 752 1370 779 inaures
1393 761 1453 779 eum
1475 758 1593 779 extrema
1619 751 1692 778 auris

949 796 1094 836 particula.
1110 796 1171 824 Haec.
1190 806 1250 824 cum
1268 797 1372 825 videret
1388 797 1529 826 Eleutheri
1550 796 1690 835 cujusdam

950 853 1020 871 uxor
1031 843 1341 880 opulentissima,relicto
1355 843 1476 879 maforte,
1488 849 1513 870 et
1526 849 1597 871 veste
1609 842 1695 870 aucil-

950 889 1002 917 lari
1013 895 1140 925 assumta,
1155 899 1234 917 eursu
1247 889 1383 917 civitatem
1395 888 1481 928 petiit,
1493 894 1521 916 ut
1531 887 1690 926 pudicitiam

950 942 1082 972 servaret3
1095 942 1149 964 erat
1163 935 1234 963 enim
1249 934 1345 963 decora
1360 935 1427 963 facie
1439 934 1585 973 etelcgauti
1598 934 1692 962 forma.

951 981 997 1010 Sic
1013 991 1129 1009 carceres
1144 981 1248 1021 impleti
1262 988 1322 1010 suut
1335 992 1386 1010 non
1402 981 1453 1010 reis
1467 988 1492 1009 et
1507 980 1635 1015 scelestis,
1648 980 1693 1008 scd

951 1027 1145 1056 consessoribus
1160 1040 1165 1055 z
1179 1034 1258 1065 atque
1270 1028 1309 1056 sic
1323 1027 1349 1056 in
1366 1027 1490 1056 ecclesias
1507 1027 1601 1055 mutati
1617 1035 1689 1055 suut.

953 1073 986 1101 Et
1001 1073 1073 1111 quod
1083 1073 1182 1102 mirum
1198 1073 1323 1103 videatur
1332 1097 1339 1110 ‚
1351 1073 1417 1102 dum
1432 1073 1526 1112 hymni
1541 1080 1566 1101 ct
1579 1073 1695 1101 oblatio-

951 1129 996 1148 nes
1012 1120 1038 1147 in
1055 1120 1205 1148 carceribus
1220 1120 1426 1159 peragebantur,
1444 1120 1544 1158 flagra,
1560 1120 1694 1147 cruciatus

951 1173 975 1194 et
998 1165 1139 1195 horribilia
1159 1167 1311 1205 juramenta
1333 1167 1360 1194 in
1382 1165 1498 1195 ecclesiis
1518 1175 1579 1203 erga
1596 1165 1694 1192 inultos

950 1212 1151 1241 adhibebantur
1162 1236 1171 1248 ‚
1190 1220 1219 1241 ut
1240 1214 1369 1242 ,Ioannem
1386 1212 1552 1241 anathemate
1567 1211 1694 1239 damnare
1723 1212 1782 1232 5⁴st
1796 1213 1810 1231 ¹>
1825 1213 1848 1233 ¹5-

952 1265 1118 1296 cogerentur.
1132 1259 1175 1287 Ex
1188 1259 1236 1288 illo
1249 1265 1338 1287 autem
1355 1265 1473 1297 tempore
1490 1258 1570 1286 variis
1586 1257 1612 1285 in
1629 1257 1693 1285 locis
1707 1250 1777 1297 ⁰⁴:9'
1832 1287 1836 1305 ι

952 1304 1032 1333 modo
1045 1304 1113 1340 istic,
1125 1304 1270 1333 modoillic
1282 1304 1488 1339 conveniebant3
1499 1310 1523 1332 et
1535 1303 1597 1341 quia
1609 1304 1692 1332 Joan-
1706 1314 1719 1336 8
1731 1293 1817 1337 5⁰2⁰:
1845 1302 1847 1305 ’

952 1350 980 1378 ni
995 1361 1098 1389 semper
1109 1351 1211 1379 addicti
1224 1357 1309 1385 erant,
1324 1350 1455 1380 Joannitae
1472 1349 1599 1388 appellati
1614 1356 1688 1379 sunt.

992 1398 1048 1426 Hoc
1064 1397 1090 1425 in
1105 1404 1175 1426 statu
1190 1407 1230 1426 res
1244 1403 1332 1433 erant,
1348 1407 1409 1425 cum
1424 1396 1563 1435 epistolam
1576 1396 1692 1435 primam
1729 1404 1846 1432 J0.C1=1)·

951 1444 1159 1484 Chrysostomus
1175 1443 1282 1483 scripsit
1308 1443 1342 1471 ad
1362 1442 1543 1471 Innocentium
1566 1443 1667 1481 Papam
1683 1465 1690 1478 ‚
1704 1435 1846 1486 {ffiffifflfffll

949 1496 1092 1528 antequam
1105 1490 1160 1529 ipse
1176 1489 1203 1518 in
1218 1489 1365 1518 secundum
1378 1489 1501 1518 exsilium
1521 1495 1659 1528 pergeret,
1676 1499 1690 1517 a
1706 1499 1760 1517 uum
1778 1497 1817 1516 Pa<

950 1547 1003 1574 quo
1014 1547 1161 1574 numquam
1177 1535 1265 1564 rediit.
1277 1537 1367 1572 Quam
1384 1535 1511 1574 temporis
1523 1541 1614 1564 notam
1629 1534 1691 1563 hinc
1704 1536 1754 1580 Εἲιω
1776 1529 1830 1548 ⁵⁰⁶*

948 1589 1114 1620 mutuamur,
1132 1582 1203 1621 quod
1227 1583 1433 1622 Chrysostomus
1446 1587 1587 1620 postquam
1602 1581 1692 1610 omnia

949 1630 1095 1666 recensuit,
1107 1641 1165 1668 quae
1185 1629 1219 1658 ab
1237 1629 1354 1658 adventu
1370 1627 1519 1667 Theophili
1539 1627 1688 1655 Constanti-

948 1677 1056 1716 nopolin
1070 1683 1142 1715 gesta
1156 1682 1217 1704 sunt
1230 1698 1237 1711 ‚
1251 1682 1391 1715 postquam
1403 1673 1437 1702 de
1451 1673 1561 1713 Synodo
1576 1673 1621 1701 ubi
1634 1674 1689 1712 ipse

947 1722 1083 1761 depositus
1098 1722 1183 1751 fuerat
1193 1722 1257 1760 egit,
1272 1729 1296 1750 et
1311 1732 1337 1750 se
1351 1721 1509 1749 destitutum
1521 1720 1691 1748 restitutum-

948 1779 999 1806 que
1016 1768 1096 1796 suisse
1111 1767 1348 1804 commemoravit5
1367 1766 1515 1804 deindeque
1531 1767 1626 1794 iterum
1641 1775 1692 1793 ex·

947 1815 1077 1853 agitatum
1084 1822 1107 1843 et
1119 1821 1281 1850 accusatum,
1291 1820 1371 1851 atque
1382 1823 1414 1841 ex
1425 1812 1544 1841 Ecclesia
1561 1811 1668 1850 pulsum
1681 1823 1689 1847 ς

946 1868 1087 1900 postquam
1104 1861 1249 1889 violentam
1263 1859 1440 1899 irruptionem
1463 1858 1490 1886 in
1509 1857 1645 1886 ecelesiam
1663 1864 1690 1886 et

946 1907 972 1935 in
988 1907 1174 1946 baptisterium
1188 1907 1284 1934 factam
1304 1904 1437 1933 enarravit
1451 1916 1456 1931 :
1470 1903 1584 1942 gradum
1599 1903 1686 1941 sistit,

946 1963 1030 1992 neque
1049 1964 1077 1982 ea
1093 1964 1151 1991 quae
1166 1960 1256 1992 postea
1273 1958 1344 1989 gesta
1359 1957 1435 1985 sunt,
1450 1957 1474 1978 et
1490 1949 1596 1987 quidem
1611 1956 1686 1977 atro-

945 2000 1060 2035 cissima,
1069 2005 1268 2027 commemorat.
1281 1997 1331 2024 Hie
1341 2003 1427 2024 autern
1440 1995 1570 2034 plurimos
1585 1994 1686 2033 episeo-

945 2056 992 2084 pos
1014 2045 1181 2083 alloquitur,
1198 2043 1316 2081 dicitque
1344 2041 1480 2070 Palladius
1502 2052 1529 2080 p.
1545 2043 1596 2076 952,
1618 2041 1686 2069 hane

944 2092 1031 2130 ipsam
1051 2090 1189 2130 epistolam
1205 2089 1330 2128 scriptam
1346 2088 1428 2116 fuisse
1444 2087 1558 2117 Venerio
1575 2087 1683 2115 Medio-

944 2137 1053 2173 lanensi,
1066 2144 1090 2164 et
1103 2136 1258 2165 Cliromatio
1270 2134 1430 2173 Aquileiensi
1444 2132 1584 2172 episcopis.
1600 2132 1684 2160 Addit

943 2191 1032 2212 autem
1055 2180 1393 2222 Clirysostomus,1nalum
1413 2179 1465 2208 boc
1489 2178 1635 2218 pervasisse
1655 2179 1681 2207 in

944 2231 1080 2259 Orientem
1095 2241 1100 2256 z
1117 2228 1225 2256 clericos
1237 2227 1308 2256 enim
1321 2227 1349 2254 in
1370 2226 1507 2266 episcopos
1523 2226 1661 2263 insurgere
1673 2249 1679 2261 ‚

943 2276 1078 2315 episcopos
1090 2275 1124 2303 ab
1140 2274 1272 2314 episcopis
1286 2297 1292 2309 ,
1305 2273 1418 2313 populos
1433 2283 1446 2300 a
1463 2272 1569 2311 populis
1587 2272 1682 2300 scissos

942 2332 1005 2358 esse,
1020 2322 1171 2358 instat-eque
1186 2319 1335 2360 periculum
1347 2341 1355 2355 ‚
1368 2329 1400 2347 ne
1410 2317 1539 2347 dissensio
1555 2325 1642 2346 manet
1654 2318 1680 2346 iu

941 2368 999 2396 dics
1011 2367 1101 2396 latius.
1117 2368 1256 2405 Rogatque
1269 2366 1329 2394 illos
1344 2365 1395 2394 sibi
1408 2365 1566 2394 subveniant
1584 2372 1607 2393 et
1619 2365 1681 2403 opi—

942 2414 1068 2442 tulentur.
1090 2413 1120 2442 Si
1141 2423 1204 2442 vero
1218 2412 1315 2441 instent
1335 2411 1481 2441 adversarii
1497 2411 1607 2439 crimina
1628 2411 1681 2440 sibi

941 2459 1104 2499 objicientes,
1116 2466 1238 2498 paratum
1252 2469 1280 2487 se
1293 2468 1349 2487 esse
1362 2457 1397 2486 ad
1411 2468 1518 2486 causam
1533 2467 1620 2485 corani
1637 2457 1680 2485 in-

942 2506 1074 2546 corruptis
1085 2505 1223 2546 judieibus
1242 2504 1400 2539 dicendam,
1414 2504 1489 2542 queis
1505 2503 1639 2541 siguificat
1655 2513 1683 2532 se

942 2553 969 2581 id
985 2559 1084 2592 optare,
1099 2559 1127 2580 ut
1141 2552 1168 2580 in
1183 2551 1296 2580 coneilio
1310 2550 1428 2589 legitime
1444 2555 1613 2588 congregato,
1624 2549 1680 2577 haec

943 2609 1020 2627 causa
1035 2605 1162 2626 tractetur
1175 2605 1200 2626 et
1215 2597 1368 2625 deliniatur.

981 2645 1051 2674 Huic
1073 2644 1191 2683 epistola:
1206 2643 1299 2672 artdita
1325 2649 1362 2671 est
1388 2642 1469 2670 altera
1498 2642 1680 2681 epis2*(³poi·ui:i
1703 2638 1757 2688 'fl‘
1768 2639 1785 2657 '¹³
