1884 2922
236 196 304 232 360

272 272 452 299 anmcrmo
482 269 677 298 Evmoemm.
702 270 737 299 V.
765 269 967 297 Eune-eninm.

233 313 285 342 Vis
309 313 381 340 illius
405 324 433 340 ac
458 313 592 351 profectus
616 311 780 339 subitaneus.
797 318 841 339 tx.
861 316 925 340 474.
944 322 968 341 Ε.

233 358 370 394 Nusquam
387 356 504 389 sistebat,
529 355 573 382 scd
596 355 657 391 igne
677 356 859 383 vehementius
884 362 967 383 totum

235 399 397 438 pervadi-liat
417 399 517 426 orbem.
542 399 582 426 Il).
600 403 662 426 473.
686 410 710 426 c.
727 406 757 427 Χ,
774 403 837 428 582.
855 409 880 426 E.
900 410 925 426 A.
941 410 965 426 n.

234 448 297 471 5⁸3.
309 445 394 476 Quam
410 443 533 470 velociter
548 449 636 479 gentes
649 442 748 480 ubique
763 449 893 470 terrarum
908 442 967 470 dis-

233 487 288 514 sita*
310 493 335 513 et
355 485 535 512 semotissimae
556 485 609 512 vim
625 485 697 512 verbi
711 485 847 513 senserint.
864 492 882 513 1.
901 490 963 514 702.

233 540 260 556 A.
275 534 338 556 703.
353 539 414 567 sqq.
436 528 634 557 Praedicationis
648 529 798 566 apostolicae
809 529 896 556 exitus
913 528 967 556 mi-

232 571 334 600 rabilis.
362 573 406 598 lb.
423 576 487 599 703.
505 576 570 599 704.
588 576 651 599 705.
682 572 866 599 Praedicaiioni
893 572 966 600 verbi

231 622 294 652 quot
315 615 403 642 obices
422 615 524 642 fuerant
544 614 698 653 superandi.
729 616 774 642 lh.
788 619 885 643 7026.
901 620 966 644 703.

232 659 305 687 Hane
331 658 357 686 in
387 658 627 696 persecutionibus,
652 659 781 696 pressuris
793 665 818 686 et
832 659 968 687 laboribus

231 702 315 730 voluit
332 701 433 740 perfici.
448 709 467 729 1.
486 706 547 730 196.
565 712 593 729 A.
612 702 661 729 Per
675 701 867 729 contentionem
884 702 967 739 magis

231 745 432 773 extendebatur.
454 752 500 774 lx.
518 749 582 774 236.
600 756 616 773 E
646 745 844 773 persecutiones
863 745 966 784 pricili-

231 789 362 816 cationein
376 795 542 827 promovent.
558 795 601 816 IX.
615 793 677 817 313.
692 800 715 818 B.
731 788 888 817 Praedicatio
898 800 968 817 com—

231 839 322 870 parata
337 832 434 870 sinapi,
451 832 588 865 fermento,
606 833 765 867 margaritae.
782 838 838 861 vu,
858 837 921 860 550.
938 844 964 861 c.

232 876 299 913 Ejus
322 875 407 903 virtus
432 875 563 903 mirabilis
585 886 617 903 ex
648 875 823 904 similitudine
847 877 967 905 fermenti

233 918 347 948 elucens.
366 925 422 946 Vll.
438 923 502 946 543.
519 930 545 947 Β.
561 923 622 947 544.
636 929 663 946 Ε.
680 929 706 947 A.
726 931 750 947 Β.
765 919 862 947 Omnia
874 920 968 959 praedi-

233 961 330 990 cationi
345 961 671 1000 posthabebantapostoli.
690 969 735 990 lx.
753 967 818 991 363.
837 973 864 991 D.

273 1005 429 1034 Praedicatio
444 1005 519 1033 verbi
534 1016 614 1043 quam
628 1005 724 1033 multas
736 1005 761 1033 in
778 1005 917 1034 sacerdote
930 1006 968 1035 in-

233 1048 305 1086 genii
319 1055 341 1077 et
357 1048 440 1076 animi
459 1048 533 1076 dotes
548 1052 577 1076 et*
592 1047 780 1087 dispositiones
805 1049 930 1087 requirat.
946 1058 967 1078 Ι.

234 1096 298 1120 498.
316 1102 340 1119 Ε.
356 1101 416 1130 sqq.
441 1098 569 1129 quantum
585 1091 713 1119 laborem.
740 1099 758 1119 1.
778 1096 842 1120 507.
857 1103 884 1120 Λ.
902 1103 967 1132 sqq.

233 1134 436 1163 Praedicationis
458 1145 554 1162 munus
571 1144 631 1162 cum
652 1134 751 1162 fiducia
767 1141 805 1162 est
819 1135 968 1173 agendum.

235 1183 350 1208 ΧΙ.792,
364 1190 388 1206 Β.
407 1178 526 1207 Verbum
541 1178 696 1216 praedicanti
709 1188 758 1206 nou
773 1178 896 1206 timendae
909 1186 972 1207 sunt

234 1232 369 1252 aerumnae.
398 1229 454 1250 ΥΠ.
479 1226 543 1250 544.
567 1233 595 1251 n.
622 1222 756 1260 Exemplo
784 1223 868 1261 magis
891 1233 971 1260 quam

234 1265 403 1305 philosophia
418 1265 628 1304 praedicandum.
644 1273 677 1295 X.
696 1270 740 1294 25.
755 1277 781 1294 A.
797 1271 840 1294 26.

275 1310 495 1338 Pnffimewoxns
528 1310 608 1338 etiam
641 1310 794 1338 futurorum
822 1310 971 1339 liberorum

235 1353 366 1381 voluntati
383 1353 483 1382 nullam
496 1355 677 1382 necessitatem
693 1354 821 1382 inserunt.
838 1361 894 1382 Vll.
906 1358 971 1384 840.

235 1407 264 1424 A.
289 1397 479 1425 Praedictiones
504 1408 572 1427 verae
598 1409 667 1437 saepe
683 1398 757 1426 factae
776 1404 837 1426 sunt
853 1398 887 1426 ab
903 1397 972 1426 indi-

233 1440 302 1479 gnis.
322 1448 389 1470 vm.
405 1447 468 1470 447.
492 1453 521 1472 D.

276 1484 417 1513 Praedictio
439 1484 472 1513 de
497 1485 587 1524 regnis
608 1484 751 1523 explicata.
776 1491 821 1513 Vl.
847 1488 910 1513 245.
943 1495 972 1513 A.

235 1538 300 1567 sqq.

274 1572 462 1601 Praedictiones
484 1584 497 1601 a
520 1573 627 1601 Christo
652 1573 762 1611 prolata:
788 1573 846 1611 ejus
882 1579 973 1611 poten-

235 1616 298 1644 tiam
321 1616 474 1644 ostendunt.
494 1624 514 1645 Ι.
531 1622 594 1645 701.
610 1628 634 1645 c.
654 1617 702 1645 Per
721 1617 849 1645 miracula
877 1617 971 1645 confir-

236 1666 322 1687 maim.
351 1662 395 1688 ΙΙ).
426 1671 450 1688 n.
483 1661 611 1699 Dupliccs
641 1667 731 1697 erant,
757 1661 898 1699 quomodo.
927 1663 960 1689 Il,

236 1707 299 1731 702.
314 1713 339 1731 E.
357 1704 445 1731 Adde
461 1704 632 1733 PnomnsnA.

277 1747 452 1776 Pnffimonnm
466 1758 626 1786 possessores
637 1758 705 1786 soepe
718 1747 803 1785 iniqui
815 1755 840 1777 et
853 1748 974 1777 barbaris

237 1790 406 1819 immaniores
421 1802 482 1830 erga
497 1792 636 1830 agricolas.
648 1799 705 1820 ΥΠ.
723 1797 787 1820 691.
805 1804 831 1822 Α,

277 1835 473 1864 Pnffirec'ran
485 1835 542 1863 sive
552 1835 694 1874 preelatura
708 1843 824 1875 tempore
837 1837 974 1875 apostolo-

236 1888 296 1906 rum
320 1889 371 1906 non
384 1886 438 1907 erat
451 1879 553 1916 honor,
579 1879 625 1907 sed
647 1880 814 1918 providentia
833 1890 893 1918 erga
908 1880 973 1908 sub-

237 1921 317 1949 ditos.
337 1929 381 1950 ix.
397 1927 440 1950 31.
457 1934 482 1951 c.

277 1966 457 2001 Paene—Tus,
468 1966 495 1994 id
507 1973 544 1994 cst
557 1967 665 2005 primas,
680 1973 839 2006 praepotens,
850 1967 972 2006 optimas.

238 2017 282 2038 lv.
300 2014 362 2038 406.
379 2022 404 2038 A.
419 2011 559 2039 pra-fectus
570 2022 584 2039 a
601 2011 700 2039 decano
712 2012 757 2047 (id
771 2019 822 2047 est,
842 2012 933 2040 lictore
948 2011 975 2040 in

236 2053 297 2081 aula
314 2053 500 2092 imperatoria)
514 2054 604 2084 dissert
619 2055 758 2094 dignitate.
776 2063 834 2085 ΧΗ.
854 2061 916 2086 196.
931 2066 955 2084 c.

278 2100 420 2127 Praefectus
436 2101 542 2138 gentilis
550 2101 730 2130 Antiochenos
743 2102 776 2130 ad
793 2102 884 2139 fugam
897 2112 978 2140 para-

238 2149 278 2171 tos
299 2143 447 2172 consolatus
462 2151 508 2179 est,
526 2152 550 2173 ct
567 2145 593 2173 in
611 2145 707 2173 bonam
721 2156 795 2184 spem
810 2145 974 2176 adduxit.11.

241 2192 304 2216 189.
317 2198 344 2216 n.

280 2231 475 2258 Pnffimesmnm
498 2240 590 2268 agmen
611 2230 636 2258 in
662 2231 800 2261 funeribus
816 2232 978 2262 adhibitum.

240 2281 260 2302 1.
277 2278 320 2302 73.
336 2284 357 2301 B.
371 2281 438 2302 vm.
456 2278 518 2302 583.
534 2282 578 2303 ΧΙ.
594 2279 656 2303 250.
671 2286 694 2303 1³.
709 2276 930 2314 Intempestivum
948 2289 979 2306 ac

240 2316 396 2345 ridiculum.
412 2325 444 2345 x.
464 2322 527 2347 126.
545 2329 569 2346 Β.
585 2318 687 2346 Earum
712 2318 833 2357 planetus
848 2327 872 2348 ct
891 2321 978 2349 luctus

240 2360 412 2389 immodestus
429 2361 603 2390 desciibitur.
622 2369 690 2390 vm.
707 2366 771 2390 427.
786 2375 812 2393 Α.
827 2368 890 2392 428.
905 2365 978 2393 Gen-

240 2404 299 2432 tiles
313 2404 383 2442 ipsos
395 2404 428 2432 ad
442 2405 525 2432 risum
536 2412 613 2444 aptus
628 2412 664 2433 est
681 2408 845 2434 movere.lb.
863 2407 978 2436 Proesscae

240 2458 254 2474 a
267 2448 405 2476 funeribus
416 2449 545 2477 arcendae.
559 2456 618 2477 ΧΗ.
636 2454 680 2478 68,
694 2460 718 2477 n.

281 2491 484 2520 PnffisnniciTA
501 2492 591 2531 opinio
608 2493 727 2531 tyrannis
739 2494 862 2532 quaedam
880 2501 926 2524 est.
944 2503 977 2525 x.

241 2537 285 2560 (39.
303 2545 329 2563 c.

871 207 975 230 tubex
1001 206 1127 229 RERUM.

1064 269 1188 297 Pnffimm
1209 266 1341 295 bonorum
1366 275 1486 304 operum.
1507 272 1542 296 x.
1564 270 1625 296 169.
1650 266 1762 294 Praemia

1023 312 1125 349 majora
1150 309 1298 338 laboribus,
1314 316 1358 337 lx.
1382 312 1445 337 640.
1466 319 1490 337 Ε.
1513 319 1577 348 sqq.
1602 309 1713 337 Praemia
1737 315 1763 337 et

1023 365 1125 383 coronae
1151 353 1177 381 in
1199 353 1280 380 altera
1304 351 1368 379 vita.
1390 352 1433 378 lb.
1448 357 1478 378 V.
1491 355 1536 378 75.
1549 363 1574 379 Α.
1594 351 1757 380 immortalia

1021 405 1109 426 crunt.
1124 404 1193 425 Vllt.
1209 400 1273 424 300.
1288 405 1311 422 Ε.
1326 393 1438 422 Praemia
1450 394 1585 432 justorum
1596 394 1622 422 in
1633 395 1684 422 hac
1697 395 1759 423 vita.

1022 448 1066 469 111.
1085 445 1146 469 179.
1158 451 1182 467 B.
1196 440 1265 467 Tum
1280 437 1351 476 apud
1367 440 1452 465 Deum
1472 437 1582 465 certiora
1606 445 1683 474 sunt,
1700 449 1762 466 cum

1020 484 1091 523 apud
1107 483 1228 512 homines
1243 488 1382 518 negantur.
1399 488 1443 509 lv.
1461 485 1524 510 904.
1544 492 1569 509 u.
1583 482 1685 519 Majora
1698 488 1761 510 sunt

1020 527 1070 555 sub
1085 538 1152 555 nova
1166 527 1239 563 lege,
1256 525 1318 563 quia
1334 524 1476 552 certamina
1497 531 1557 552 sunt
1571 525 1682 562 majora.
1700 532 1758 554 Vll.

1021 577 1116 600 2'00.A.
1133 572 1191 599 Non
1207 570 1304 597 dantur
1316 570 1372 597 sinc
1382 568 1534 599 certamine.
1552 575 1572 596 1.
1586 572 1758 607 521.1³.sqq.

1023 623 1057 643 Π.
1074 620 1118 643 38.
1134 619 1179 644 59.

1060 660 1243 687 Ρκ.ΈΡι-Τιυ»ι
1258 656 1344 690 nihil,
1365 655 1531 684 circumcisio
1550 655 1630 684 nihil.
1649 662 1694 683 XI.
1712 659 1758 684 37.

1020 713 1045 730 F.
1058 701 1220 739 Praeputium
1233 700 1305 728 fideli
1318 699 1542 738 impedimentum
1556 699 1661 727 nullum
1674 699 1760 726 affert.

1022 752 1068 773 lx.
1087 749 1150 773 548.
1163 754 1190 772 D.

1060 790 1186 816 PRAESAGt
1196 798 1206 814 i
1221 786 1297 815 varia
1312 792 1428 814 recenset
1443 792 1468 813 et
1479 784 1572 813 irridet
1585 786 1752 826 Chrysosto-

1022 839 1142 860 mus.X1.
1164 835 1224 859 108.
1244 830 1306 858 Vid.
1323 830 1432 858 OM1NA.

1062 876 1256 903 PnffiscmaTlA
1277 873 1336 901 Dei.
1356 879 1387 901 V.
1407 877 1470 901 493.
1491 882 1517 900 n.
1537 882 1600 910 sqq.
1627 872 1762 901 hominem

1021 921 1121 949 bonum
1147 920 1189 947 vel
1212 919 1313 947 malum
1336 928 1388 946 non
1414 918 1484 946 facit.
1510 924 1542 946 v.
1567 923 1632 948 494.
1650 929 1675 948 Β.
1700 925 1760 947 Vll.

1023 969 1086 992 840.
1102 964 1192 991 Adde
1206 963 1386 996 Pam-meno,
1405 962 1578 989 Pnommm.

1063 1007 1177 1035 Pnffism
1185 1017 1208 1033 ri
1218 1017 1227 1032 i
1240 1005 1301 1033 Dei.
1322 1012 1352 1033 V.
1370 1009 1431 1033 496.
1445 1015 1470 1032 c.
1485 1015 1550 1043 sqq.
1565 1006 1598 1033 V.
1612 1006 1701 1034 Deus.

1064 1051 1231 1078 Pnffismrm
1246 1047 1446 1076 contemnenda.
1463 1049 1503 1076 De
1518 1049 1690 1076 Praeseutium
1703 1058 1763 1077 con-

1022 1101 1105 1122 temtu
1122 1100 1147 1121 et
1163 1093 1196 1120 de
1211 1092 1323 1120 avaritia
1338 1092 1450 1129 Ecloga.
1470 1099 1529 1122 ΧΠ.
1546 1097 1611 1122 974.

1065 1138 1235 1164 Pnffisncms
1247 1134 1354 1163 sustulit
1367 1135 1499 1163 Christus.
1516 1142 1574 1165 vll.
1585 1141 1629 1164 98.
1648 1136 1761 1164 Praesti-

1025 1180 1074 1217 giae
1088 1180 1114 1207 in
1131 1179 1231 1207 morbis
1243 1188 1294 1205 non
1307 1177 1475 1206 adhibendae.
1494 1184 1524 1205 v.
1540 1183 1603 1208 124.
1616 1189 1641 1207 e.
1656 1179 1761 1207 Praesti-

1026 1223 1129 1261 giarnm
1153 1231 1246 1259 genera
1265 1227 1328 1258 quot
1342 1227 1367 1248 ct
1381 1227 1478 1257 quanta
1493 1227 1611 1260 tempore
1637 1223 1759 1261 Chryso-

1026 1266 1114 1295 stomi.
1133 1273 1178 1294 xl.
1196 1269 1261 1294 652.
1280 1275 1309 1293 A.
1323 1274 1346 1291 n.
1363 1266 1437 1291 666“.
1462 1276 1484 1292 n.

1068 1312 1314 1339 PnffismciATonEs
1326 1307 1440 1335 vitandi.
1464 1315 1509 1336 lv.
1533 1313 1594 1337 573.
1608 1320 1633 1336 Β.
1650 1309 1761 1338 Praesti-

1027 1353 1174 1393 giatoribus
1198 1359 1223 1381 et
1243 1351 1345 1379 divinis
1360 1358 1384 1379 et
1399 1352 1507 1380 vatibus
1529 1363 1561 1380 ne
1583 1352 1760 1384 attendamus.

1027 1405 1074 1426 XI.
1088 1401 1152 1426 772.
1166 1407 1191 1424 Α.
1219 1395 1299 1432 Signa
1326 1395 1441 1431 faciunt,
1461 1395 1507 1423 sed
1529 1395 1671 1424 diabolica.
1699 1403 1758 1425 xit.

1027 1446 1073 1470 47.
1090 1453 1116 1471 Α,
1139 1440 1276 1474 Quantum
1290 1438 1418 1466 differant
1440 1439 1517 1466 abiis
1535 1440 1579 1477 qui
1595 1440 1701 1468 nomine
1713 1440 1763 1469 Dei

1026 1485 1139 1513 virtutes
1162 1489 1317 1522 operantur.
1339 1489 1371 1510 V.
1393 1487 1457 1510 638.
1479 1494 1502 1510 n.
1523 1484 1673 1521 Numquam
1695 1484 1764 1512 cele-

1027 1528 1106 1556 brant
1121 1529 1216 1556 Deum.
1227 1527 1272 1553 ΙΙ).
1286 1526 1493 1564 Praestigiatores
1509 1534 1533 1554 ct
1546 1527 1615 1564 magi
1629 1537 1689 1554 cum
1705 1527 1764 1555 dae-

1028 1572 1153 1600 monibus
1169 1577 1193 1598 et
1206 1569 1372 1609 philosophis
1390 1576 1414 1597 et
1436 1570 1603 1609 principibus
1628 1571 1766 1609 evangeli-

1027 1627 1084 1645 cam
1101 1614 1315 1654 praedicationem
1331 1613 1465 1641 destruere
1481 1614 1577 1642 frustra
1588 1614 1675 1642 conati
1690 1621 1761 1644 sunt.

1029 1668 1061 1690 11.
1088 1664 1150 1688 644.
1166 1670 1190 1687 Β.
1209 1669 1234 1685 c.
1253 1657 1462 1694 praestigiatores
1477 1657 1713 1696 proficiscebantur
1732 1668 1765 1687 ex

1027 1703 1147 1739 theatris,
1160 1709 1188 1730 ut
1204 1701 1335 1740 populum
1351 1708 1487 1729 vacantem
1503 1708 1600 1729 temere
1615 1701 1764 1730 inflamma-

1028 1754 1157 1776 rentxtl.
1174 1750 1239 1774 477.
1257 1744 1337 1773 Multi
1349 1751 1438 1783 captos
1451 1755 1546 1783 pueros
1557 1745 1683 1783 jugulare
1698 1746 1764 1775 fere-

1028 1791 1137 1826 bantur,
1152 1796 1180 1818 ut
1189 1789 1304 1817 animam
1317 1794 1406 1827 postea
1422 1788 1473 1817 sibi
1483 1789 1677 1817 ministrantem
1687 1789 1766 1818 habe-

1029 1842 1096 1864 rent.
1111 1841 1171 1863 vn.
1189 1838 1253 1862 380.
1273 1843 1299 1860 Β.
1314 1843 1340 1861 c.

1068 1879 1215 1907 PRAESULES
1230 1876 1399 1905 ecclesiastici
1414 1887 1556 1914 quamnam
1566 1876 1696 1905 rationem
1707 1877 1766 1905 red-

1027 1923 1112 1951 dituri
1135 1922 1196 1950 sint.
1222 1927 1265 1949 111.
1291 1926 1336 1948 10.
1354 1932 1379 1949 r..
1397 1931 1424 1949 D.
1449 1921 1551 1949 Debent
1575 1921 1706 1960 corripere
1726 1921 1766 1949 in-

1027 1967 1145 2005 quietos,
1174 1964 1319 2003 quomodo.
1343 1971 1388 1993 xl.
1415 1969 1479 1994 575.
1511 1975 1540 1993 n.
1567 1966 1656 1993 Adde
1682 1965 1766 1993 Enis-

1030 2020 1126 2039 corus.

1069 2055 1241 2082 Pnffismmo
1267 2051 1330 2079 facit
1358 2049 1480 2090 ignorare
1498 2051 1633 2089 propriam
1653 2051 1766 2080 inscien-

1029 2099 1105 2132 tiam,
1117 2105 1145 2126 ut
1159 2097 1250 2126 videre
1264 2103 1301 2124 est
1316 2096 1342 2123 in
1354 2095 1495 2123 haereticis.
1512 2102 1543 2123 v.
1559 2099 1622 2123 555.
1637 2105 1664 2124 A.

1070 2143 1295 2170 Pnffimmronum
1316 2138 1441 2167 memoria
1453 2148 1532 2175 qnam
1548 2138 1632 2166 utilis.
1651 2145 1684 2168 v.
1701 2143 1764 2167 546.

1031 2197 1057 2214 A.
1072 2190 1135 2214 547.
1153 2183 1288 2213 Praeterita
1300 2188 1371 2220 gesta
1385 2182 1534 2209 futurorum
1547 2181 1767 2220 praedictionibus

1031 2231 1110 2259 fidem
1124 2229 1232 2258 faciunt.
1249 2235 1295 2257 111.
1314 2232 1376 2256 277.
1393 2238 1421 2255 ι).

1069 2276 1241 2303 anoflmm
1267 2272 1412 2300 vocabatur
1431 2271 1522 2299 velum
1537 2282 1551 2299 a
1569 2271 1632 2300 velis
1646 2283 1706 2310 quae
1720 2272 1768 2301 ob-

1032 2318 1217 2347 tendebantur.
1240 2323 1287 2345 ΧΙ.
1308 2320 1371 2343 745.
1388 2325 1416 2342 D.
1435 2316 1468 2342 V.
1483 2322 1592 2344 notam.
1610 2316 1768 2344 Praetorinm

1032 2362 1113 2391 Pilati
1129 2361 1272 2389 nefarium.
1287 2366 1308 2387 l.
1322 2363 1386 2387 802.

1074 2408 1223 2435 Pnffivime
1232 2413 1334 2431 σιω-15
1345 2402 1452 2440 duplex
1462 2412 1562 2441 genus,
1579 2405 1610 2430 in
1619 2403 1768 2431 mandatis

1032 2452 1102 2479 etin
1115 2450 1184 2488 fide.
1200 2455 1231 2476 v.
1248 2451 1314 2475 787.
1332 2456 1358 2474 n.
1373 2447 1623 2484 Perposeertorem
1636 2452 1769 2485 peccator

1031 2485 1147 2533 prorsus
1170 2504 1188 2520 (ι
1210 2491 1307 2520 salute
1332 2489 1486 2528 prolapsus
1512 2497 1566 2523 est,
1595 2496 1692 2530 utpote
1717 2492 1768 2529 qui

1033 2539 1136 2567 salutis
1147 2538 1239 2575 ipsum
1256 2540 1401 2563 auctorem
1417 2535 1604 2572 abjuraverit.
1620 2533 1661 2563 lb.
