1884 2922
860 213 892 259 iii

102 292 252 326 deficiens,
274 298 340 319 tum
356 289 455 319 subito
470 291 627 328 eriguntur
642 299 744 318 onmes
758 299 889 327 quorum
912 288 1017 317 studiis
1034 288 1087 317 hac
1108 290 1221 319 ratione
1242 290 1419 320 consulitur,
1443 290 1580 319 Ceteium
1611 290 1638 318 in

96 340 307 378 Cln‘ysostomo
329 349 364 367 ex
389 338 480 366 nimia
501 337 643 366 dilatione
672 336 773 375 paullo
794 337 913 375 gravius
932 337 1170 372 incommodum,
1195 349 1288 377 quam
1310 349 1341 367 in
1358 337 1422 367 aliis
1445 337 1638 376 scriptoribus

98 388 199 416 fuisset
212 387 363 415 oriturum
377 399 383 414 2
402 393 473 415 sunt
487 386 567 414 enim
587 386 618 413 in
631 384 828 413 Sermonibus
845 385 980 422 priorum
1003 384 1196 414 voluminum
1209 385 1245 414 de
1261 385 1364 415 multis
1379 385 1449 414 loeis
1471 385 1636 414 Bibliorum

100 435 249 464 sententiae
259 433 380 472 prolatae
391 457 398 468 ,
413 443 479 472 quae
492 432 599 462 melius
611 440 640 461 et
653 432 770 471 plenius
782 432 993 468 intelliguntur
1009 442 1043 460 ex
1061 432 1123 470 ipsa
1137 433 1378 472 interpretatione
1395 433 1537 462 libroruin
1550 432 1642 461 bibli-

100 493 215 517 corum,
228 483 259 510 in
271 482 427 520 postremis
437 480 643 509 voluminibus
659 480 769 518 posita3
789 479 896 508 deinde
915 479 970 508 loci
989 480 1132 518 praecipui
1151 480 1188 508 de
1203 481 1343 510 omnibus
1356 481 1490 519 partibus
1504 480 1644 509 doctrina·

101 530 273 559 Christianae
286 540 338 567 per
350 535 447 557 totum
462 538 568 567 corpus
580 528 852 567 Chrysostomicuin
867 529 961 567 sparsi
975 536 1062 561 sunt;
1080 529 1210 568 denique
1225 531 1255 558 in
1274 537 1355 559 tanta
1366 541 1492 568 operum
1508 529 1581 558 silva
1602 529 1642 557 le-

103 579 159 607 tori
183 578 248 607 sine
271 577 418 604 indicibus
431 587 466 605 eo
480 587 542 615 quo
553 576 619 605 vult
632 578 787 615 pervenire
799 577 920 605 dabitur
936 578 1093 607 rarissime.
1108 577 1255 614 Quocirca
1270 577 1446 613 editoribus,
1463 578 1485 606 si
1501 584 1528 605 et
1544 585 1640 605 emto·-

106 637 174 656 rum
189 625 352 655 commodis
367 626 535 664 prospicere
556 632 585 654 et
597 626 658 655 suis
672 637 731 655 non
752 636 874 664 prorsus
897 625 995 654 deesse
1015 625 1137 659 vellent,
1155 625 1308 653 necessitas
1324 626 1461 663 imposita
1483 631 1545 653 erat
1567 635 1642 663 opus

104 681 254 712 quantum
268 680 387 712 possent
403 673 537 711 urgendi·
551 671 657 711 Neque
669 673 839 711 peritissimi
852 672 959 700 harum
977 682 1077 700 rerum
1089 671 1194 700 arbitri
1206 672 1367 710 quiequam
1383 671 1499 700 obstare
1515 671 1583 699 huic
1599 672 1642 699 in-

106 722 211 751 stituto
233 721 460 760 judicaverunt;
477 731 547 749 nam
560 721 598 750 ab
619 720 767 750 codicibus
779 719 997 758 manuscriptis,
1013 726 1080 758 post
1094 725 1208 747 tantam
1222 725 1348 757 segetem
1364 718 1640 753 Benedictinorum,

106 769 155 799 vix
168 770 330 808 quicquam
345 780 404 799 esse
415 768 658 808 exspectandum.

146 852 240 890 Igitur
254 852 354 881 recudi
368 859 461 891 coepta
472 859 515 881 est
528 851 620 881 editio
628 851 838 881 Montt'auconi
854 850 951 880 medio
964 850 1022 879 fere
1035 860 1115 878 anno
1130 850 1258 886 1834-‚ea
1270 849 1381 879 virium
1394 851 1531 879 omnimn
1547 851 1643 878 inten-

106 901 198 935 tione,
209 908 242 929 ut
255 900 375 939 plagula
388 911 449 929 una
464 899 510 929 vel
526 901 684 939 l3paginae
699 901 806 929 veteris
816 899 953 928 editionis
975 897 1202 927 absolverentur
1220 897 1365 936 quotidie.
1386 898 1464 927 Cum
1476 908 1591 936 semper
1605 898 1641 926 axl

108 957 232 976 manum
247 954 321 976 esset
343 947 504 982 Saviliana,
525 946 596 976 inde
605 947 642 976 ab
655 949 718 986 ipso
732 948 818 976 initio
830 947 860 975 in
877 946 1029 979 omnihus,
1043 956 1110 986 quae
1122 945 1213 974 dubia
1225 953 1309 975 erant
1323 969 1331 981 ,
1346 946 1559 975 consulebatur
1573 959 1579 974 :
1594 946 1642 975 sed

106 994 334 1031 montfaucono,
350 1001 454 1033 praeter
468 994 545 1023 hanc
560 995 724 1024 editionem
739 994 842 1024 multis
857 993 995 1023 subsidiis
1006 994 1162 1027 instructo,
1179 995 1277 1032 potior
1289 993 1361 1022 {ides
1376 993 1478 1022 haberi
1494 994 1621 1023 debebat
1637 1017 1642 1024 ,

108 1043 206 1071 nisi'in
220 1042 352 1080 lapsibus
366 1042 541 1071 manifestis.
559 1041 676 1071 Sensim
690 1043 841 1081 apparuit,
857 1052 893 1071 ex
907 1041 1096 1076 Morelliana,
1113 1051 1179 1080 quae
1204 1042 1367 1080 typothetis
1380 1042 1488 1071 tradita
1501 1042 1596 1071 suerat
1608 1043 1645 1071 ab

108 1090 335 1127 Mondaucono,
345 1090 441 1119 multa
457 1091 560 1120 vitiosa
575 1090 676 1119 relicta
689 1101 762 1126 esse,
772 1090 829 1120 hoc
843 1091 907 1119 viro
918 1089 999 1119 haud
1010 1089 1101 1118 dubie
1112 1090 1217 1118 invito.
1230 1089 1276 1118 Ol)
1287 1089 1363 1118 lianc
1376 1100 1438 1118 rem
1447 1097 1475 1119 et
1482 1091 1647 1119 accuratio-

110 1148 178 1167 nem
193 1139 333 1167 eximiam
349 1137 506 1166 Savilianae
526 1137 676 1174 editionis,
691 1149 783 1176 quam
796 1137 953 1176 paullatim
968 1137 1230 1176 cognoscebamus,
1252 1137 1444 1176 procedentes
1459 1138 1647 1176 frequentius

109 1196 142 1214 ea
172 1185 333 1214 utebamur
345 1208 353 1221 ,
390 1196 613 1224 nonnunquam
638 1186 678 1215 ad
702 1186 829 1215 verbum
853 1185 1047 1215 conferentes.
1085 1185 1123 1214 Et
1145 1196 1181 1214 ex
1209 1185 1266 1214 hoc
1288 1186 1369 1215 sonte
1393 1187 1422 1215 in
1448 1194 1546 1215 totum
1568 1198 1645 1225 opus

109 1233 356 1263 emendationum
380 1234 480 1273 plures
495 1234 622 1272 μυριάδας
636 1234 848 1269 derivavimus,
861 1233 938 1262 illud
951 1233 1064 1271 ubique
1084 1233 1310 1271 diligentissime
1323 1240 1500 1272 spectantes,
1525 1245 1561 1262 ne
1572 1235 1645 1272 quid

111 1292 238 1319 usquam
260 1288 446 1310 mutaremus
471 1281 553 1319 quod
567 1288 620 1310 aut
630 1292 737 1311 sanum
750 1287 834 1317 esset,
845 1288 898 1310 aut
913 1288 1008 1321 posset
1018 1281 1121 1320 aliquo
1131 1281 1222 1310 modo
1233 1292 1293 1310 non
1307 1282 1396 1310 nimis
1407 1282 1645 1320 improbabiliter

111 1329 242 1358 defendi.
259 1328 317 1358 Sed
342 1340 379 1358 ne
400 1329 437 1358 de
458 1330 600 1359 omnibus
617 1330 723 1359 diserte
742 1339 934 1359 moneremus
947 1336 1000 1357 aut
1010 1339 1046 1357 ex
1061 1335 1161 1357 nostra
1173 1336 1273 1358 mente
1288 1330 1420 1358 criticam
1432 1329 1644 1364 fiartstaremus,

112 1378 172 1415 ipsa
180 1376 226 1405 lex
239 1377 347 1416 operis,
359 1378 500 1415 temporis
512 1377 640 1406 brevitas
652 1384 680 1406 et
691 1384 854 1416 angustum
869 1378 998 1416 spatium
1009 1377 1257 1406 annotationibus
1267 1388 1440 1406 concessum
1452 1378 1644 1416 impediebat.

111 1424 229 1453 Tamen
239 1424 493 1463 quandocumque
503 1425 556 1454 otii
568 1425 683 1464 aliquid
695 1425 871 1454 nascebatur
894 1436 946 1464 per
962 1424 1186 1464 typothetarum
1211 1424 1429 1454 festinationem
1456 1424 1645 1463 aliquantum

113 1473 283 1509 inhibitam,
299 1474 388 1502 etiam
400 1473 457 1502 alia
472 1480 576 1512 praeter
590 1473 736 1503 Savilium
751 1473 861 1502 auxilia
877 1472 1200 1510 circumspiciebamus.
1218 1471 1263 1501 Sic
1274 1473 1336 1509 jam
1348 1473 1378 1500 in
1392 1473 1497 1511 primis
1518 1472 1647 1501 volumi-

113 1520 214 1557 nibus,
224 1530 289 1559 quae
301 1520 496 1550 servidissime
509 1521 705 1559 urgebantur,
717 1521 854 1549 Sz'nnerus
866 1521 975 1559 passim
984 1520 1096 1549 codices
1108 1520 1260 1549 consuluit
1271 1527 1299 1549 et
1310 1520 1441 1559 plurima
1452 1531 1486 1549 ex
1502 1521 1536 1550 iis
1547 1532 1648 1550 enien-

112 1569 212 1605 davit,
233 1568 380 1597 nonnulla
393 1580 469 1598 nova
483 1568 610 1598 addidit.
628 1568 789 1597 Paullatim
804 1575 899 1607 partes
919 1569 1067 1606 cujusque
1080 1568 1110 1596 in
1126 1566 1182 1596 lioc
1196 1578 1284 1606 opere
1297 1568 1417 1607 agendae
1428 1570 1468 1597 ita
1486 1568 1647 1597 distribue—

113 1616 235 1652 bantur,
257 1623 292 1644 ut
314 1616 470 1654 aliquanto
492 1616 560 1656 plus
585 1618 726 1655 temporis
741 1617 772 1645 in
798 1616 972 1654 corrigendo
987 1615 1136 1654 exemplo,
1152 1615 1235 1654 quod
1259 1616 1423 1654 typothetis
1449 1616 1643 1646 tradebatur.

114 1670 209 1702 posset
230 1665 350 1693 insumi.
366 1664 464 1701 Quam
480 1676 543 1694 rem
558 1676 626 1694 cum
653 1664 841 1694 utilissimam
863 1675 923 1693 esse
949 1665 1030 1703 operi
1054 1670 1208 1692 cernerent
1222 1663 1349 1699 librarii,
1363 1665 1424 1702 jam
1439 1675 1499 1693 non
1518 1665 1648 1703 amplius

114 1718 278 1740 metuentes
292 1722 329 1740 ne
344 1711 380 1740 de
394 1712 576 1742 absolvendo
588 1714 705 1751 incepto
721 1712 909 1741 dubitaretur
928 1735 935 1748 ,
950 1711 1115 1741 editoribus
1131 1711 1221 1750 paulo
1235 1711 1300 1750 plus
1318 1713 1371 1740 otii
1385 1721 1599 1747 concesserunt,
1614 1725 1648 1742 eo

113 1760 235 1798 quidem
256 1761 349 1798 magis
363 1762 572 1795 necessarium,
591 1772 653 1799 quo
674 1761 859 1800 frequentius
869 1761 929 1798 jam
946 1760 976 1788 in
991 1759 1150 1798 postremis
1161 1759 1367 1789 voluminibus
1383 1759 1643 1789 Benedictinorum

113 1807 267 1845 diligentia
281 1807 445 1838 deficiebat.
463 1810 524 1838 Hoc
540 1809 630 1846 igitur
641 1809 702 1837 otio
717 1831 723 1843 ,
741 1808 827 1837 sedet
844 1808 907 1846 ipso
918 1809 987 1837 satis
997 1808 1219 1846 circumscripto
1231 1830 1238 1841 ,
1251 1808 1290 1835 ita
1302 1818 1374 1836 usus
1387 1818 1452 1836 sum
1467 1829 1473 1842 ,
1489 1816 1647 1846 postquam

113 1855 150 1883 al)
163 1862 267 1884 octavo
287 1855 452 1891 volumine,
474 1855 613 1884 curandae
627 1856 765 1885 editionis
778 1867 890 1885 munus
905 1856 981 1884 mihi
996 1862 1024 1884 et
1039 1855 1174 1883 Dillmero
1195 1855 1331 1884 relictum
1344 1862 1387 1884 est
1404 1862 1501 1884 totum
1514 1879 1520 1891 ‚
1535 1864 1568 1885 ut
1582 1858 1647 1895 pri-

115 1913 200 1930 mum
213 1902 393 1931 Savilianam
406 1902 580 1939 editionem,
596 1904 714 1942 penitus
728 1904 845 1942 cognita
862 1904 926 1941 ejus
941 1903 1110 1942 praestantia
1125 1903 1223 1931 critica
1236 1926 1242 1939 ‚
1262 1902 1300 1931 ad
1316 1902 1439 1932 verbum
1456 1911 1622 1932 excuterem
1640 1917 1644 1937 ;

114 1949 222 1978 deinde
237 1950 362 1985 codices,
385 1956 477 1988 prout
497 1951 538 1979 rei
568 1957 674 1980 natura
691 1951 802 1980 serebat
813 1974 820 1987 ,
842 1951 889 1980 vel
905 1952 1069 1980 conferrem
1086 1957 1178 1986 totos,
1201 1950 1247 1979 vel
1266 1951 1319 1979 ubi
1337 1951 1493 1989 oportebat
1507 1951 1646 1980 consule-

115 2008 191 2032 rem;
210 1998 340 2036 deniqne
360 1999 389 2026 in
405 1999 539 2027 oratione
552 1998 754 2037 Clirysostomi
771 1999 958 2028 emendanda
976 2004 1090 2027 certum
1106 2005 1134 2027 et
1148 1998 1347 2027 deliberatum
1371 1998 1497 2027 modum
1513 1998 1641 2027 adhibe-

116 2057 190 2080 rem,
206 2047 293 2083 cnjus
308 2047 382 2074 ratio
400 2045 580 2085 plerumque
596 2046 730 2076 redditur
746 2048 775 2075 in
787 2047 871 2076 brevi
887 2047 1088 2076 annotatione.

156 2112 325 2150 Antequam
341 2111 493 2150 sigillatim
502 2123 717 2151 persequamur
732 2113 806 2152 quid
824 2113 893 2142 novi
903 2113 933 2141 in
949 2122 1133 2150 unoquoque
1145 2111 1298 2141 volumine
1311 2123 1361 2151 per
1371 2114 1465 2151 operis
1477 2120 1612 2142 naturam
1620 2122 1647 2142 et

116 2159 221 2188 edendi
235 2161 381 2189 rationem
394 2160 479 2189 nobis
492 2171 662 2190 concessum
673 2161 763 2190 suerit
777 2168 922 2200 praestare,
933 2159 1143 2198 exponendum
1160 2166 1202 2188 est
1214 2160 1287 2198 quid
1302 2170 1355 2198 per
1368 2167 1464 2189 totum
1479 2172 1553 2199 opus
1577 2172 1645 2190 con-

116 2215 226 2236 stanter
237 2209 468 2246 spectaverimus
488 2232 494 2244 ,
526 2216 553 2238 et
564 2209 702 2248 aequabili
716 2209 871 2238 seremodo
883 2210 972 2248 egisse
983 2207 1068 2236 nobis
1078 2207 1242 2237 videamur.
1263 2208 1365 2237 Primo
1376 2208 1440 2237 loco
1451 2217 1493 2237 est
1509 2233 1515 2245 ,
1539 2209 1574 2238 de
1587 2221 1647 2248 quo

115 2255 216 2294 paullo
231 2262 299 2284 ante
315 2255 447 2285 diximus
463 2280 470 2292 ,
486 2266 553 2285 usus
569 2256 700 2285 editionis
714 2257 829 2285 Saviln'.
848 2258 874 2286 Is
889 2268 940 2295 per
958 2256 1095 2285 universa
1114 2256 1268 2284 volumina
1280 2255 1438 2285 duodecim
1457 2256 1647 2286 Montfauto-

117 2304 206 2332 niano
219 2304 300 2342 operi
316 2304 527 2333 incredibiliter
541 2305 667 2343 profuit3
681 2305 731 2334 sed
743 2305 907 2343 quominus
918 2304 954 2333 ab
967 2304 1030 2342 ipso
1043 2304 1143 2332 statim
1155 2304 1241 2332 initio
1253 2311 1281 2332 et
1292 2304 1406 2342 ubique
1417 2305 1535 2343 penitus
1547 2306 1648 2333 omnia

115 2362 149 2379 ex
159 2350 309 2379 Saviliana
321 2358 580 2381 transumerentur
591 2375 598 2388 ,
615 2352 724 2391 quibus
737 2353 889 2382 emendari
900 2353 1030 2391 potuerit
1043 2352 1271 2390 Cln‘ysostomus
1282 2375 1288 2388 ,
1314 2352 1427 2381 obstitit
1443 2354 1540 2391 primo
1555 2353 1648 2382 discr-

117 2407 182 2427 tum
199 2399 403 2427 testiinonium
416 2399 679 2430 Benedictinorum
691 2401 727 2430 de
740 2400 913 2430 melioribus
927 2409 954 2430 et
964 2399 1177 2438 copiosioribus
1191 2399 1341 2436 subsidiis,
1358 2411 1392 2429 ex
1408 2400 1519 2439 quibus
1533 2412 1562 2429 se
1575 2424 1581 2433 ‚
1596 2401 1651 2429 ad-

117 2450 241 2485 juvante
251 2448 373 2484 Savilio,
386 2450 550 2478 orationem
558 2450 826 2489 Chrysostomicam
839 2452 1024 2481 constituisse
1035 2451 1228 2490 profitentur,
1239 2451 1345 2480 deinde
1359 2453 1455 2490 operis
1467 2452 1649 2487 institutum,

121 2497 200 2535 quod
215 2496 464 2526 Montsauconuln
479 2508 539 2536 pra?
553 2509 582 2527 se
598 2497 686 2527 ferret
699 2522 705 2534 ‚
722 2510 781 2527 non
801 2498 948 2528 Savilium
958 2522 965 2535 ,
992 2499 1065 2527 adeo
1094 2506 1128 2527 ut
1154 2509 1207 2528 nos
1221 2509 1294 2537 sa‘pe
1305 2510 1356 2538 per
1367 2501 1466 2538 priora
1481 2499 1649 2534 volumina,

124 2544 167 2572 vel
185 2545 313 2573 maxime
327 2545 486 2583 probantes
502 2553 615 2575 textum
637 2546 737 2575 Savilii
754 2570 760 2581 ‚
780 2546 817 2575 ab
831 2558 865 2575 eo
879 2547 1090 2576 abstinendum
1108 2557 1167 2576 esse
1190 2549 1411 2585 putaverimus,
1427 2548 1483 2576 nisi
1497 2548 1651 2576 manifesto

123 2594 239 2630 cognito
256 2604 365 2627 erroi‘e3
379 2594 473 2623 doner
485 2593 574 2632 longo
589 2605 645 2623 usu
660 2601 687 2623 et
701 2595 895 2633 antiquorum
910 2595 1046 2624 codicum
1062 2596 1236 2625 auctoritate
1245 2596 1364 2624 tandem
1380 2607 1414 2624 eo
1425 2595 1569 2634 compulsi
1585 2606 1652 2625 esse<
