1950 2922
108 1231 161 1252 T.2.
168 1229 247 1265 51357'4.

108 1271 164 1291 Vide
177 1270 250 1290 Moni-

109 1303 190 1322 nilum.

114 2311 257 2342 'sd-9497·

262 198 333 233 218

259 281 450 310 separaremus.
463 271 501 299 Ut
515 280 529 298 a
540 268 691 298 senioribus
702 278 750 306 ego
763 267 868 304 audivi,
880 267 957 296 initio
968 266 998 295 hi

259 318 371 356 parietes
382 327 434 345 non
446 317 526 345 fuere.
543 329 557 342 n

299 365 366 392 Rem
392 363 554 401 singularem
584 360 658 389 docet
688 360 895 399 Chrysostomus
924 360 998 398 quod

195 411 201 421 '
241 427 246 432 -
260 420 354 448 nempe
367 409 392 437 in
411 407 544 447 mysteriis
559 406 703 434 Christiani
720 406 877 435 Antiocheni
897 417 924 435 se
938 418 998 435 mu-

261 463 306 484 tuo
321 455 558 493 amplecterentur;
576 459 605 480 ut
620 453 696 480 multi
716 463 799 481 unum
816 453 995 492 efficerentur,

260 509 338 539 atque
352 510 503 529 communes
521 509 610 537 preces
626 498 767 527 funderent
778 510 827 538 pro
841 510 893 528 non
908 499 998 528 initia-

261 547 304 581 tis,
326 557 373 584 pro
389 545 512 580 infirmis,
531 555 580 584 pro
598 545 670 573 orbis
688 545 831 581 fructibus,
854 556 901 584 pro
920 552 998 581 terra,

260 603 309 631 pro
325 591 403 619 mari.
420 591 524 619 Morem
538 598 627 619 autem
647 598 773 625 veterem,
792 602 871 630 quem
887 592 1000 621 mirabi-

225 657 247 662 Α.
262 637 313 666 lem
335 637 414 673 dicit,
435 637 461 665 in
481 637 637 666 memoriam
657 645 763 666 revocat
782 650 813 666 z«
834 638 924 666 Coacti
946 649 998 666 au-

261 691 326 719 tem,
342 695 355 710 u
371 683 469 721 inquit,
484 695 497 709 (ι
513 690 577 711 tunc
593 683 686 712 fideles
701 695 791 712 omnes
806 691 864 723 post
878 684 998 713 auditam

261 729 419 764 doctrinam,
432 736 490 768 post
507 730 647 764 orationes,
660 737 720 769 post
736 730 925 769 mysteriorum
939 741 1000 769 par-

262 775 455 815 ticipationem,
476 775 562 804 soluta
577 776 684 815 synaxi,
706 787 757 805 non
780 777 869 805 statim
888 777 1000 805 domum

261 821 455 857 concedebant3
471 821 514 849 sed
530 821 628 850 divites
642 829 666 850 et
676 823 865 862 opulentiores,
876 823 1000 851 alimenta

261 874 287 896 et
300 867 399 895 fercula
412 878 426 895 e
441 867 568 896 domibus
582 868 638 896 suis
650 869 797 905 afferentes,
812 879 942 908 pauperes
953 868 1001 897 ad-

262 914 404 951 vocabant,
422 915 611 952 communique
628 914 709 943 sim‘ul
727 926 816 944 mensa
835 916 1000 951 fruebantur,

262 958 448 987 communibus
459 958 545 997 epulis
556 965 636 996 atque
650 960 783 988 conviviis
801 959 827 988 in
847 960 903 998 ipsa
915 959 1001 988 eccle-

260 1003 329 1031 sia.»
350 1004 392 1031 Ait
412 1013 490 1041 porro
509 1003 674 1033 celebritates
691 1005 752 1033 illas
769 1005 796 1034 in
816 1005 937 1042 meridie,
953 1008 1001 1040 τῆς

261 1047 364 1086 ἡμέρας
373 1047 516 1085 μεσούσης,
530 1048 689 1086 plerumque
701 1049 780 1078 solvi.
843 1085 847 1088 η

301 1094 342 1121 De
356 1093 496 1132 praecipuis
513 1104 562 1132 per
575 1105 673 1123 annum
688 1094 784 1123 diebus
799 1095 871 1123 festis
885 1105 937 1123 non
955 1105 1000 1123 se-

261 1140 314 1168 mel
328 1140 383 1178 agit
397 1139 490 1168 doctor
504 1147 600 1169 noster.
618 1141 657 1168 De
672 1141 753 1168 natali
769 1151 832 1169 vero
844 1140 888 1168 die
900 1141 1000 1169 Christi

260 1185 318 1214 baec
333 1192 422 1213 narrat
438 1186 464 1213 in
487 1186 613 1214 concione
626 1196 705 1224 quam
720 1186 816 1214 habuit
830 1197 899 1214 anno
920 1186 978 1216 586
990 1195 999 1213 t

262 1232 337 1261 illam
355 1241 450 1269 nempe
464 1231 647 1259 solennitatem
661 1242 746 1270 nuper
762 1242 792 1259 ae
807 1231 925 1260 nondum
945 1231 1000 1259 ela—

263 1279 317 1319 psis
336 1279 427 1307 decem
446 1279 523 1307 annis
541 1279 575 1307 ab
595 1280 748 1313 Occidente,
767 1279 813 1307 ubi
835 1279 868 1307 ab
890 1279 1002 1308 exordio

262 1325 392 1353 celebrata
408 1325 503 1357 fuerat,
521 1325 689 1353 Antiochiam
703 1325 811 1353 allatam
827 1326 916 1353 fuisse.
930 1326 1001 1360 Quia

263 1381 325 1399 vero
346 1370 457 1410 plurimi
474 1370 545 1399 diem
566 1372 662 1399 festum
684 1371 840 1410 hujusmodi
855 1371 931 1409 quasi
952 1383 1003 1400 no-

263 1428 329 1446 vum
344 1428 374 1445 ac
390 1428 474 1456 nuper
490 1417 632 1446 inductum
646 1417 838 1451 detrectabant,
853 1418 946 1446 multis
960 1429 1003 1446 ar-

264 1463 396 1502 gumentis
418 1464 514 1502 probat
533 1464 578 1492 ille
598 1464 712 1492 natalem
735 1464 833 1492 Christi
855 1464 882 1492 in
903 1465 1004 1503 vigesi-

263 1519 334 1536 mam
348 1509 467 1546 quintam
482 1509 636 1537 Decembris
653 1509 779 1538 incidere.
792 1510 901 1538 Veteres
914 1517 1000 1538 tamen

264 1553 386 1593 AEgyptii
400 1561 423 1582 et
438 1554 586 1582 Orientales
601 1565 701 1589 omnes,
715 1561 744 1582 ut
760 1565 867 1583 concors
881 1555 1001 1583 omnium

262 1600 390 1628 sententia
405 1607 454 1635 est,
470 1599 551 1627 simul
564 1601 723 1639 Epiphania?
738 1601 894 1639 Natalisque
907 1602 1001 1630 Domi-

262 1645 290 1673 ni
304 1645 399 1673 sestum
412 1645 456 1673 die
470 1652 543 1673 sexta
556 1646 675 1674 Januarii
691 1646 859 1674 celebrabant
873 1658 879 1673 :
894 1653 920 1674 at
932 1647 1002 1675 eirca

263 1691 383 1720 medium
401 1691 491 1719 sceculi
506 1691 593 1728 quarti
612 1691 716 1720 invecta
732 1691 837 1720 easdem
847 1693 873 1720 in
884 1692 1002 1731 regiones

263 1736 427 1765 consuetudo
453 1737 503 1764 fuit
524 1744 554 1765 ut
576 1737 704 1775 vigesima
731 1737 824 1775 quinta
847 1739 1002 1767 Decembris

264 1782 378 1811 natalem
401 1782 470 1810 diem
487 1782 660 1811 celebrarent.
678 1784 780 1811 Verum
797 1784 911 1823 priscam
926 1785 1002 1813 illam

264 1828 482 1858 consuetudinem
497 1828 531 1856 ad
546 1836 649 1857 :etatem
668 1840 751 1868 usque
771 1841 846 1858 suam
865 1831 892 1859 in
910 1831 1004 1859 Eccle-

265 1877 303 1905 sia
331 1876 554 1915 Jerosolymitana
585 1877 704 1905 obtinere
727 1878 800 1906 testis
831 1885 868 1906 est
893 1879 1004 1907 Cosmas

265 1922 421 1962 AEffyptius,
434 1933 512 1960 quem
527 1922 663 1951 edidimus
682 1934 750 1951 anno
761 1924 839 1952 1706
853 1936 860 1951 z
874 1924 1005 1963 idipsum-

265 1981 316 2007 que
331 1969 471 1997 confirmat
484 1970 598 1998 Joannes
613 1970 748 2001 Nicaenus.
765 1969 829 1998 dum
850 1970 886 1998 ait
902 1981 1006 1999 asseve-

266 2027 326 2044 rare
341 2015 591 2054 Jerosolymitanos,
610 2015 741 2044 Jacobum
761 2016 867 2044 fratrem
886 2017 1005 2053 Domini,

266 2062 384 2100 primum
405 2062 635 2100 Jerosolymorum
652 2062 817 2100 episcopum,
838 2061 872 2090 ad
892 2063 1006 2091 natalem

268 2108 368 2136 Christi
386 2108 572 2136 celebrandam
587 2109 708 2137 Januarii
723 2115 829 2136 sextum
850 2108 921 2137 diem
937 2109 1007 2137 assi-

268 2154 400 2192 gnavisse.

308 2201 411 2227 Yerum
423 2199 470 2227 diu
484 2206 544 2227 ante
556 2200 583 2227 in
597 2199 788 2228 Antiochenam
799 2199 947 2228 Ecclesiam
967 2200 1006 2228 in-

269 2252 359 2273 vectus
375 2245 459 2272 fuerat
475 2245 542 2273 ritus
557 2244 707 2273 celebrandi
724 2246 837 2274 natalem
851 2246 950 2274 Christi
964 2246 1008 2274 die

269 2292 308 2319 35
326 2291 491 2319 Decembris.
510 2292 555 2319 Ait
571 2292 641 2320 enirn
659 2291 704 2319 ille
718 2291 836 2320 Homilia
856 2291 881 2319 in
898 2292 928 2320 S.
945 2292 1010 2320 Phi-

270 2336 405 2375 logonium
421 2348 427 2363 t
444 2348 457 2362 «
474 2337 556 2364 Instat
568 2337 638 2365 enim
661 2337 766 2372 festum,
787 2337 907 2365 omnium
926 2338 1010 2366 sesto-

270 2394 330 2411 rum
355 2382 472 2411 maxime
497 2382 677 2411 venerandum
707 2390 786 2420 atque
814 2384 980 2412 tremendum
1002 2395 1008 2411 :

269 2428 341 2468 quod
358 2428 379 2456 si
396 2427 456 2466 quis
470 2427 585 2466 appellet
599 2428 718 2456 omnium
733 2429 860 2457 festorum
876 2436 1009 2468 metropo-

268 2476 319 2512 lin,
335 2474 542 2513 haudquaquam
561 2474 675 2502 aberret.
692 2474 835 2509 Quodnam
856 2482 944 2504 autem
960 2475 1011 2504 boc

269 2522 328 2551 est?
344 2521 443 2550 Christi
465 2521 491 2548 in
507 2531 584 2549 carne
599 2521 710 2549 Natalis.
728 2521 770 2549 Ab
785 2521 836 2550 hoc
856 2529 945 2550 autem
967 2522 1010 2550 fe-

271 2575 339 2597 stum
355 2566 570 2607 Epiphaniorum
583 2566 626 2595 vel
641 2566 889 2605 Theophaniorum‚
903 2578 1009 2596 sacrum

271 2615 382 2652 Pascha,
399 2614 533 2653 Ascendo,
548 2621 571 2643 et
586 2615 738 2644 Pentecoste
752 2614 882 2654 originem
900 2625 929 2644 ac
947 2615 1009 2644 fun-

873 205 1032 228 SYNOPSlS
1058 204 1186 234 EORUM,

1052 265 1208 294 damentum
1228 265 1341 295 ducunt.
1359 266 1417 295 Nisi
1434 266 1505 295 enim
1524 267 1671 296 secundum
1685 276 1791 295 carnem

1052 318 1131 340 natus
1146 318 1212 340 esset
1226 311 1360 349 Christus,
1373 322 1425 341 non
1439 312 1586 352 baptizatus
1600 314 1710 350 fuisset;
1729 323 1791 341 nam

1053 357 1083 385 id
1097 357 1194 386 festum
1209 358 1450 397 Theophaniorum
1462 365 1501 388 est
1517 370 1524 386 z
1540 370 1707 398 nequaquam
1720 360 1792 388 suis-

1052 409 1091 430 set
1105 403 1263 438 crucifixus,
1281 403 1353 442 quod
1367 411 1406 432 est
1419 404 1515 433 festum
1531 405 1639 433 Paschae
1654 417 1660 433 :
1674 416 1725 434 non
1741 405 1792 433 mi-

1052 450 1128 478 sisset
1144 451 1277 489 Spiritum
1291 458 1422 489 sanctum,
1436 451 1508 490 quod
1530 459 1568 480 est
1582 453 1676 481 festum
1695 453 1793 481 Pente-

1053 503 1147 524 costes.
1164 509 1177 523 n

1093 544 1159 570 Post
1172 543 1294 571 Natalem
1308 553 1371 582 ergo
1383 543 1483 573 Christi
1495 543 1553 572 dies
1567 543 1736 583 Epiphaniae,
1747 555 1794 573 seu

1055 587 1293 626 Theophaniorum
1311 592 1321 625 (
1337 601 1399 618 nam
1415 598 1528 629 utroque
1547 590 1655 619 nomine
1676 590 1795 629 appella-

1055 637 1121 671 tur)
1140 645 1237 673 magno
1254 635 1328 664 cultu
1343 637 1472 666 celebrari
1487 636 1598 665 solebat.
1615 636 1666 665 lllo
1685 636 1730 664 die
1743 636 1793 665 ba-

1056 681 1189 719 ptismatis
1205 682 1307 710 Christi
1323 693 1429 721 quoque
1449 684 1543 712 festum
1566 683 1702 721 agebatur,
1722 689 1748 711 et
1761 682 1796 710 ad

1056 728 1247 766 mysteriorum
1262 729 1492 768 participationem
1510 728 1711 757 advocabantur
1726 727 1796 756 fide-

1056 774 1094 802 les
1109 785 1210 803 omnes.
1228 776 1268 803 De
1286 776 1422 804 Paschatis
1437 775 1502 804 festo
1517 775 1639 813 quaedam
1657 785 1737 813 supra
1755 774 1796 802 di-

1056 819 1092 847 cit
1107 820 1315 859 Chrysostomus
1329 832 1389 859 quae
1404 821 1583 860 explicatione
1595 831 1663 860 opus
1676 820 1775 849 habent
1787 833 1794 848 :

1056 866 1085 894 Si
1101 865 1236 900 Christus,
1254 867 1352 905 inquit,
1369 867 1516 896 secundum
1532 877 1637 895 carnem
1653 873 1730 895 natus
1744 876 1797 895 non

1056 918 1142 947 esset,
1167 923 1218 940 non
1241 913 1332 942 fuisset
1351 914 1510 949 crucifixus,
1529 913 1602 951 quod
1623 920 1662 941 est
1682 913 1795 949 Pascha,

1056 958 1103 986 οὐκ
1115 958 1146 986 ἂν
1162 959 1326 998 ἐσταυρώθη,
1347 960 1410 999 ὅπερ
1423 960 1479 988 ἐστὶ
1499 959 1529 988 τὸ
1543 959 1644 998 πάσχα.
1660 959 1744 995 Queis
1757 958 1797 987 si-

1057 1003 1184 1041 gnificare
1196 1004 1313 1040 videtur,
1331 1005 1469 1034 Christum
1482 1005 1509 1033 in
1526 1005 1570 1033 die
1587 1005 1723 1033 Paschatis
1737 1015 1798 1033 eru-

1057 1048 1170 1077 cifixum
1185 1049 1273 1078 fuisse.
1289 1051 1343 1079 Ubi
1359 1050 1556 1079 observandum
1574 1050 1642 1078 illud
1659 1057 1706 1086 est,
1725 1050 1798 1088 quod

1058 1094 1084 1123 in
1105 1095 1222 1123 secunda
1237 1103 1310 1135 parte
1324 1097 1410 1125 octavi
1427 1097 1491 1125 tomi
1507 1096 1625 1124 diximus
1647 1096 1675 1124 in
1690 1096 1797 1124 Monito

1057 1141 1090 1169 ad
1105 1152 1252 1170 sermonem
1265 1142 1299 1170 de
1314 1143 1454 1176 Paschate,
1469 1153 1547 1180 quem
1566 1143 1634 1170 inter
1647 1141 1738 1181 spuria
1757 1141 1797 1170 lo·
1807 1140 1894 1164 spuriis

1058 1187 1189 1217 cavimus.
1212 1188 1335 1226 Scriptor
1349 1188 1420 1216 enim
1438 1188 1485 1216 ille
1507 1188 1615 1216 videtur
1629 1188 1737 1216 omnino
1750 1188 1797 1216 di-

1057 1232 1192 1270 stinguere
1209 1233 1310 1261 Pascha
1325 1245 1339 1261 a
1357 1233 1496 1262 Dominica
1511 1234 1734 1263 Resurrectionis.
1747 1234 1798 1262 Ne-

1058 1287 1110 1314 que
1124 1277 1203 1305 modo
1218 1279 1244 1306 in
1259 1279 1379 1315 Oriente,
1394 1280 1440 1308 sed
1454 1279 1533 1308 etiam
1549 1279 1576 1307 in
1591 1279 1737 1308 Occidente
1753 1287 1798 1308 ta-

1059 1323 1109 1351 lem
1126 1324 1210 1353 fuisse
1226 1324 1424 1354 distinctionem
1439 1326 1628 1365 comperimus.
1650 1326 1798 1364 Gregorius

1059 1371 1128 1399 euim
1156 1371 1321 1400 Turonensis
1333 1394 1341 1408 ,
1373 1372 1495 1400 ordinem
1525 1383 1538 1400 a
1570 1373 1701 1410 Perpetuo
1721 1378 1799 1400 ante-

1059 1426 1161 1445 cessore
1190 1427 1238 1445 suo
1261 1424 1394 1446 statutum
1416 1419 1546 1451 referem,
1571 1418 1798 1446 Resurrectionem

1059 1463 1169 1491 Domini
1192 1464 1267 1502 prius
1288 1475 1368 1502 quam
1388 1464 1488 1492 Pascha
1513 1463 1672 1492 celebratam
1689 1463 1798 1492 exbibet

1059 1508 1108 1537 hoc
1122 1517 1199 1548 pacto
1213 1523 1219 1538 z

1098 1555 1184 1584 Sexto
1207 1557 1353 1585 Calendas
1374 1556 1490 1594 Aprilis
1504 1557 1723 1584 Resztrrectione
1739 1556 1801 1583 Do·-

1059 1605 1132 1630 mini
1156 1605 1246 1631 nostri
1273 1604 1346 1631 Jesu
1362 1603 1479 1638 Christi,
1494 1601 1532 1630 ud
1552 1602 1716 1630 Basilicam
1742 1602 1800 1630 Do-

1058 1652 1119 1676 mni
1135 1650 1268 1677 Martini.

1098 1695 1227 1730 Pascha,
1243 1697 1274 1723 in
1290 1695 1435 1724 Ecclesia.

1099 1742 1157 1769 Die
1174 1741 1365 1769 Ascensionis
1384 1743 1416 1769 in
1435 1740 1569 1769 Basilica
1585 1741 1693 1769 Domni
1714 1741 1802 1769 Illar-

1061 1789 1126 1815 tini.

1101 1834 1156 1863 Ubi
1171 1841 1243 1862 notat
1254 1833 1411 1862 Ruinartius
1422 1839 1527 1861 noster:
1542 1833 1658 1860 Festum
1669 1833 1801 1861 Pascha-

1061 1880 1097 1906 εἰς
1109 1881 1213 1917 ajesto
1229 1879 1453 1906 Resurrectionis
1467 1876 1657 1911 distinguitur
1669 1877 1700 1904 in
1715 1882 1801 1904 ‘vetu-

1060 1926 1196 1953 stioribus
1219 1924 1408 1951 Kalendariis
1424 1945 1431 1958 ,
1445 1924 1494 1951 ubi
1509 1923 1734 1951 Resurrectionis
1755 1923 1803 1961 fe-

1061 1978 1136 1999 stum
1149 1970 1196 1998 die
1210 1971 1246 1998 97
1262 1971 1368 1998 Martii
1383 1969 1519 1997 recolitur
1533 1980 1544 2001 ;
1561 1969 1681 1996 Pascha
1696 1976 1802 2004 autem,

1062 2025 1093 2046 ut
1108 2027 1205 2045 omnes
1221 2023 1339 2051 norunt,
1363 2026 1415 2054 pro
1430 2016 1575 2042 varietate
1595 2014 1670 2042 lunoe
1692 2024 1804 2052 semper

1061 2065 1238 2092 celebratum
1263 2067 1293 2091 in
1317 2063 1450 2090 Ecclesia
1465 2062 1540 2100 suit.
1564 2062 1604 2088 An
1628 2060 1695 2098 quid
1715 2061 1804 2089 simile

1063 2117 1180 2148 tempore
1192 2109 1377 2148 Chrysostomi
1392 2107 1564 2135 observatum
1579 2106 1728 2135 Antiochiae
1744 2107 1801 2135 fue-

1062 2156 1096 2183 rit
1116 2155 1226 2183 videant
1245 2154 1355 2182 eruditi.
1381 2153 1460 2181 Diem
1480 2163 1541 2180 vero
1561 2152 1675 2180 natalem
1697 2153 1801 2182 Christi

1063 2207 1140 2228 vocat
1158 2211 1239 2239 supra
1257 2199 1463 2238 Cbrysostomus
1478 2198 1637 2236 metropolin
1652 2199 1779 2227 festorum
1792 2209 1800 2227 ι

1063 2247 1090 2275 in
1111 2247 1169 2275 loco
1190 2246 1270 2274 etiam
1289 2256 1369 2284 supra
1386 2250 1530 2272 meinorato
1545 2244 1715 2272 Pentecosten
1733 2254 1803 2282 quo-

1063 2303 1115 2331 que
1135 2299 1211 2320 vocat
1229 2290 1387 2329 metropolin
1402 2291 1529 2318 festorum
1547 2301 1552 2316 ε
1570 2288 1616 2317 sed
1632 2289 1692 2318 talis
1709 2290 1803 2328 appel-

1064 2339 1128 2367 latio
1149 2338 1254 2376 utrique
1271 2344 1420 2375 competere
1434 2342 1530 2374 potest,
1553 2335 1615 2373 quia
1635 2335 1694 2367 di&
1708 2336 1803 2365 natalis

1066 2391 1104 2413 est
1124 2382 1338 2419 fundamentum,
1359 2382 1511 2410 Pentecoste
1529 2391 1592 2410 vero
1619 2381 1803 2420 complemen-

1066 2438 1123 2459 tum
1138 2431 1274 2458 festorum.

1106 2477 1146 2504 Dc
1166 2475 1286 2504 diaconis
1304 2474 1377 2512 loqui
1392 2473 1510 2507 videtur,
1528 2472 1634 2511 quando
1653 2471 1719 2500 dicit
1738 2472 1802 2501 illo·
1814 2488 1895 2520 T·7-p-

1067 2533 1125 2551 rum
1141 2521 1260 2550 officium
1279 2531 1344 2554 esse,
1367 2527 1397 2548 ut
1410 2520 1547 2558 improbos
1568 2525 1593 2547 et
1607 2519 1697 2558 palam
1718 2518 1802 2547 scele-
1814 2528 1832 2540 c·
1848 2522 1872 2542 d-

1066 2576 1119 2598 stos
1133 2574 1238 2596 arceant
1249 2577 1263 2594 a
1279 2565 1481 2606 participatione
1495 2564 1614 2603 eorporis
1625 2571 1650 2592 et
1666 2563 1803 2602 sanguinis

1067 2614 1178 2643 Christi.
1196 2612 1332 2650 Additque
1349 2612 1410 2640 illos
1430 2611 1518 2640 tunica
1531 2609 1591 2639 alba
1609 2616 1633 2639 ct
1648 2608 1802 2649 splendente

1805 646 1922 675 T.n.p.·.›

1850 1108 1878 1129 T.
1891 1106 1914 1130 8.

1810 1172 1865 1198 274.

1825 1438 1892 1466 Greg.
1903 1438 1911 1446 ’

1811 1478 1859 1491 ron.
1869 1470 1907 1498 p.5
