1910 2907
57 260 181 286 Penta—teri
195 251 346 280 OEconomi
356 250 474 290 adjutor,
492 251 652 280 narrabatur
666 251 694 280 in
708 252 798 281 Africa
814 252 914 281 versari
928 265 934 280 :

191 297 261 325 alius
276 297 377 326 Paulus
391 297 520 326 diaconus
530 297 676 326 Anastasiae
688 299 864 338 Jerosotymis
875 309 935 327 ver-

40 298 60 314 ct
79 288 179 316 Moriachi

39 325 95 345 male
116 333 181 346 exce>

37 357 79 383 pli.

51 1698 132 1720 Pallad.
145 1707 168 1726 p.

30 1731 85 1758 ²¹4·
99 1731 152 1752 215.

35 2117 171 2138 Theudoret.

31 2148 48 2168 l.
61 2148 84 2169 3.
97 2156 112 2168 c.
130 2146 169 2176 34.

48 2435 174 2463 Chry-sest&

35 2473 83 2486 mus
109 2467 173 2487 Inno-

36 2498 173 2524 ceni-opapae

36 2527 108 2548 literas
125 2530 175 2548 mit-

39 2558 74 2578 tit.

64 2599 175 2630 chrysost.

39 2631 176 2660 t.3.p.521.

733 189 821 212 M'NC
847 190 978 214 Pttntt'M
1007 190 1204 213 ADORNATA.

191 342 308 371 sabatur.
324 343 464 371 Helladius
477 343 618 382 presbyter
634 343 729 372 Palatii
745 345 771 372 iu
786 345 872 383 agello
885 356 932 373 suo

188 389 325 429 Bithyni-'e
334 391 415 418 vitam
429 390 533 428 agebat.
546 390 626 418 Multi
640 391 871 430 Constantinopoli
883 392 931 420 de-

188 434 356 472 litescebant5
375 436 422 464 alii
442 437 470 464 in
493 437 607 475 patriam
627 437 740 475 quisque
759 448 835 466 suam
854 438 930 466 abie-

187 488 256 510 rant.
271 482 396 510 Silvanus
405 505 413 517 ‚
426 489 533 510 sanctus
547 482 687 521 episcopus
699 506 706 514 ,
719 483 746 511 in
762 483 870 512 Troade
883 484 928 523 pi-

186 527 328 563 scabatur,
348 535 373 556 et
391 538 425 556 ex
445 528 548 567 piscatu
567 528 653 556 vitam
674 529 726 557 sibi
747 530 928 569 comparabat.

187 573 340 612 Stephanus
354 574 500 602 monachus
512 597 519 609 ,
533 577 580 612 qui
602 576 784 603 Romanorum
804 576 928 614 epistolas

186 618 317 648 detulerat
331 642 338 655 ,
353 631 382 648 ea
398 619 431 648 de
445 630 524 648 causa
539 621 695 650 verberatus
707 644 714 655 ‚
726 621 816 650 decem
830 623 927 650 mensi-

186 665 237 693 bus
252 665 482 705 Constantinopoli
503 666 529 694 in
549 677 653 695 carcere
672 668 755 695 vitam
775 668 828 706 egit
842 678 849 695 :
865 678 926 696 cum

185 718 274 739 autem
290 712 458 751 propositum
471 713 522 752 ipsi
540 713 633 741 fuisset
645 720 674 741 ut
693 714 782 742 Attico
797 714 907 742 haereret
917 737 924 750 ,

185 763 210 784 et
228 767 280 785 non
295 758 489 794 acquievisset,
504 758 633 786 lateribus
649 765 674 787 et
689 766 794 798 pectore
806 759 925 797 ungula-

183 812 244 830 rum
271 803 298 830 vi
323 804 453 832 laceratus
476 811 535 832 est:
550 805 625 843 cujus
647 805 686 833 rei
706 805 780 833 testis
798 805 848 833 fuit
871 805 926 843 ipse

185 848 332 879 Palladius.
355 850 506 888 Stephanus
528 861 591 878 vcro
613 851 714 879 Christi
737 851 906 890 providentia
917 875 924 885 ,

184 895 212 923 in
236 896 351 924 secunda
379 897 489 925 fortasse
512 897 656 925 certamina
676 904 826 925 reservatus
836 920 843 931 ,
866 905 926 936 post

184 941 320 970 decimum
333 943 475 971 curationis
490 954 546 971 suae
560 953 676 971 mensem
688 966 695 978 ,
708 943 845 972 Pelusium
861 945 927 972 rele-

183 995 261 1026 gatus
283 996 330 1018 est.
352 989 530 1018 provincialis
551 988 661 1026 quidam
676 988 752 1017 miles
773 1000 806 1017 ex
827 990 926 1018 scholis

183 1034 328 1068 Palatinis,
341 1041 370 1062 ut
384 1034 495 1064 Joannis
512 1035 600 1063 fautor
614 1041 753 1062 accusatus
763 1057 770 1069 ‚
781 1042 839 1074 post
857 1035 926 1063 varii

182 1080 286 1118 generis
301 1080 393 1119 plagas
412 1087 438 1109 et
458 1080 638 1109 atrocissimas
653 1080 823 1118 abrasiones,
835 1082 926 1109 Petras

185 1126 262 1154 exsul
277 1127 374 1155 missus
386 1134 435 1157 est.

224 1171 390 1211 Episcopum
403 1172 486 1201 alium
501 1180 631 1201 memorat
643 1172 772 1212 Synesius
783 1195 791 1209 ‚
805 1172 925 1201 Alexan-

149 1240 154 1245 .
183 1217 264 1246 drum
290 1218 573 1256 Basilinopolitanum‚
592 1219 696 1258 Cyrene
716 1219 742 1246 in
765 1219 852 1258 Libya
875 1229 926 1247 na-

184 1271 241 1292 tum
252 1286 260 1299 ,
278 1263 325 1301 qui
340 1264 448 1303 juvenis
463 1265 636 1292 monasticam
650 1264 735 1292 vitam
749 1271 902 1292 exercuerat
914 1286 924 1301 ‚

183 1316 326 1348 posteaque
340 1310 480 1349 presbyter
498 1317 601 1338 creatus
620 1320 681 1338 cum
703 1310 925 1349 Constantinopo-

183 1357 221 1386 lin
243 1358 377 1392 venisset,
397 1369 412 1386 a
433 1358 642 1398 Chrysostomo‚
658 1358 705 1396 qui
724 1359 780 1397 ejus
799 1359 925 1398 pietatem

182 1410 343 1440 czeterasque
357 1403 438 1431 animi
451 1396 529 1432 dotes
543 1403 625 1442 probe
635 1411 763 1437 noverat,
779 1404 926 1443 Basinopo-

180 1449 236 1477 leos
254 1448 394 1488 episcopus
409 1456 514 1478 creatus
526 1450 584 1477 suit.
599 1450 667 1478 Cum
685 1460 748 1478 vero
764 1450 926 1489 Chrysosto-

182 1504 242 1522 mus
257 1504 272 1522 a
293 1494 355 1522 sede
373 1505 420 1523 sua
447 1495 541 1534 pulsus
557 1496 627 1530 fuit,
652 1496 709 1534 ejus
732 1495 779 1524 ille
804 1497 925 1535 partibus

183 1551 288 1580 semper
309 1541 384 1569 haesit
398 1564 405 1576 ‚
420 1541 533 1581 ideoque
554 1549 666 1571 vexatus
688 1543 882 1572 Ptolemaidem
896 1544 923 1572 in

183 1587 271 1627 Libya
285 1598 314 1616 se
329 1588 445 1627 recepit,
460 1600 545 1627 neque
563 1600 690 1628 umquam
707 1600 722 1618 a
738 1590 925 1630 Chrysostomi

182 1634 306 1673 partibus
321 1634 463 1664 abscedere
475 1636 573 1664 voluit.

221 1681 321 1709 Narrat
335 1691 399 1709 vero
415 1682 553 1710 Palladius
565 1693 676 1722 scopum
688 1682 814 1711 Ecclesiae
824 1683 924 1711 Roma-

183 1736 224 1754 nae
236 1726 318 1754 fuisse
330 1737 382 1754 non
397 1728 594 1756 communicare
609 1739 737 1767 umquam
750 1739 811 1756 cum
826 1728 924 1757 Orien-

181 1773 282 1801 talibus
306 1773 438 1812 episcopis
450 1796 456 1808 ‚
480 1774 629 1813 praesertim
656 1785 717 1802 cum
747 1774 899 1813 Theophilo
913 1797 921 1811 ,

181 1819 266 1848 donec
278 1820 394 1849 dedisset
408 1822 541 1850 Dominus
562 1822 651 1851 locum
665 1822 810 1850 universali
829 1822 922 1861 Syno-

183 1864 218 1893 do
231 1887 240 1899 ,
257 1876 316 1903 qua:
336 1866 490 1904 putrefactis
514 1868 644 1896 membris
666 1878 758 1896 eorum
770 1890 778 1903 ‚
798 1867 844 1905 qui
866 1867 922 1896 haec

182 1919 318 1952 patrarant
331 1935 340 1946 ‚
354 1913 503 1942 mederetur
515 1927 523 1943 z
535 1914 664 1953 additque
675 1915 754 1943 etiam
770 1922 829 1954 post
847 1925 923 1943 mor-

183 1965 236 1987 tem
251 1959 377 1995 hannis,
391 1960 509 1998 viguisse
527 1967 615 1989 tamen
636 1961 712 1989 illam
733 1961 882 1989 Innocentii
897 1967 922 1989 et

182 2005 296 2033 Romani
312 2005 426 2033 Coneilii
441 2005 648 2035 declarationem
658 2030 664 2042 ,
679 2007 741 2045 quia
756 2007 867 2035 intanto
878 2013 921 2035 tu·

181 2050 269 2078 multu
286 2050 364 2078 multi
383 2051 488 2090 indigni
501 2051 534 2080 ad
549 2053 680 2081 Ecclesias
694 2052 863 2091 occupandas
877 2052 922 2080 in-

182 2095 345 2124 volaverant.
359 2096 481 2136 Idipsum
503 2097 570 2126 dicit
588 2097 775 2127 Theodoretus
789 2109 796 2125 =
812 2097 923 2136 adjicit-

182 2152 233 2180 que
245 2142 323 2170 etiam
339 2150 397 2182 post
416 2151 528 2172 mortem
543 2146 632 2183 magni
645 2144 765 2173 doctoris
781 2145 854 2172 orbis
866 2151 922 2172 ter-

181 2198 271 2216 rarum
284 2211 291 2223 ‚
311 2192 356 2217 τοῦ
376 2190 490 2227 μεγάλου
506 2191 666 2219 διδασκάλου
682 2193 729 2225 τῆς
747 2190 901 2228 οἰκουμένης
914 2213 921 2224 ,

182 2233 365 2263 Occidentales
385 2236 542 2275 episcopos,
560 2237 749 2276 episcoporum
769 2237 882 2276 AEgypti
897 2243 923 2265 et

182 2280 316 2318 Orientis,
329 2281 440 2321 Bospori
451 2289 476 2310 et
488 2283 626 2319 Thraciae,
639 2283 856 2312 communionem
870 2293 922 2311 non

183 2335 242 2357 ante
266 2328 423 2363 admisisse,
440 2340 521 2368 quam
540 2330 630 2359 divini
654 2331 729 2359 illius
751 2331 803 2358 viri
827 2340 923 2358 nomen

184 2384 235 2402 una
247 2385 307 2402 cum
320 2375 419 2403 caeteris
429 2375 561 2404 defunctis
571 2377 702 2416 episcopis
713 2376 922 2414 consignassent.

224 2421 431 2460 Chrysostomus
455 2433 515 2450 cum
545 2424 676 2463 episcopis
704 2423 924 2452 Occidentalibus

185 2479 289 2496 causam
304 2479 379 2496 suam
393 2469 598 2507 suscipientibus
621 2469 732 2505 scribit,
746 2469 780 2497 de
793 2469 864 2497 felici
886 2468 924 2496 rei

185 2514 258 2542 exitu
265 2514 389 2542 dubitare
397 2515 514 2549 videtur,
523 2515 596 2553 quod
605 2515 760 2553 nequitiam.
768 2515 924 2554 potentiam,

186 2560 363 2599 pervicaciam
381 2559 596 2589 adversariorum
607 2571 717 2589 suorum
733 2561 817 2600 probe
829 2567 924 2589 nosset.

191 2607 245 2636 Nec
259 2606 319 2635 ideo
333 2606 435 2634 minore
449 2617 512 2635 cura
523 2613 548 2636 et
562 2606 651 2636 studio
665 2606 699 2636 ad
713 2617 755 2636 res
767 2615 925 2646 componen-

338 2656 412 2674 τοΜ.
426 2656 495 2675 xtu.

1663 196 1731 231 '209

990 253 1038 282 das
1058 253 1185 282 utendum
1208 263 1263 281 esse
1279 252 1467 289 existimabat,
1485 261 1512 282 ut
1533 255 1624 284 videre
1644 263 1682 284 cst
1703 258 1729 285 in

988 300 1098 339 epistola
1111 299 1146 328 ad
1156 299 1338 327 Innocentiam
1351 299 1452 338 Papam
1464 322 1471 335 ,
1484 301 1527 328 cui
1543 312 1660 330 summas
1673 303 1728 339 agit

987 347 1086 383 gratias
1112 345 1184 384 quod
1203 352 1287 373 tantas
1313 352 1478 385 tempestates
1493 369 1499 381 ‚
1519 355 1603 376 tantos
1630 348 1726 376 fluctus

986 402 1035 430 pro
1049 392 1154 420 viribus
1168 392 1260 420 sedare
1273 399 1382 420 conatus
1397 392 1431 420 sit
1443 405 1451 420 .-
1466 392 1502 421 ita
1517 400 1546 421 ut
1558 416 1564 427 ,
1580 394 1602 422 si
1617 402 1725 423 conatus

984 438 1041 475 ejus
1055 438 1144 466 felices
1158 438 1246 465 exitus
1258 437 1411 466 habuissent
1425 461 1432 472 ,
1442 438 1498 477 jam
1520 447 1612 478 pacata
1636 441 1725 468 onmia

983 490 1067 511 esseut
1079 506 1086 519 ‚
1102 490 1126 511 et
1138 483 1256 512 Ecclesia
1270 484 1414 521 tranquilla
1432 495 1496 523 pace
1508 486 1651 514 frueretur.
1671 488 1725 515 Ro-

983 536 1081 568 gatque
1103 529 1179 557 illum
1201 540 1233 558 ne
1257 540 1292 558 ex
1311 530 1526 559 adversariorum
1552 532 1640 561 surore
1663 533 1724 561 ani-

982 585 1058 603 mum
1072 575 1251 614 despondeat,
1266 586 1326 603 cum
1341 583 1378 604 tot
1389 576 1479 605 videat
1494 579 1607 616 populos
1618 579 1722 618 disper-

983 631 1024 648 sos
1034 643 1041 656 ,
1055 621 1166 649 clericos
1178 627 1287 648 vexatos
1298 643 1306 655 ,
1320 621 1457 661 episcopos
1477 623 1586 651 sedibus
1608 625 1698 663 pulsos
1713 637 1718 652 :

981 673 1006 694 et
1021 674 1119 704 quanto
1132 667 1216 705 major
1237 674 1376 704 tempestas
1392 674 1430 695 est
1443 690 1451 701 ,
1465 674 1536 696 tanto
1556 671 1641 708 majus
1658 678 1720 699 stu-

980 711 1056 739 dium
1074 711 1200 739 adhibeat
1213 719 1346 750 precatur.
1361 712 1447 750 Seque
1461 713 1652 751 frequentiores
1668 717 1719 755 ipsi

980 757 1071 785 literas
1087 757 1232 785 missurum
1248 757 1329 784 fuisse
1343 757 1395 791 ait,
1418 758 1469 786 nisi
1487 759 1570 787 isauri
1585 762 1721 799 perpetuis

980 803 1179 830 incursionibus
1191 802 1249 830 vias
1264 802 1479 831 intercluderent.

1020 849 1094 876 Hanc
1108 847 1249 887 epistolam
1268 849 1379 877 Romam
1398 850 1510 877 attulere
1525 851 1638 879 Joannes
1658 863 1721 891 pre—

979 894 1071 933 sbyter
1083 901 1108 922 et
1122 894 1221 922 Paulus
1238 894 1381 930 diaconus,
1397 902 1425 923 ut
1441 895 1524 924 inilia
1537 896 1650 933 dicitur,
1662 909 1720 936 quae

980 950 1020 968 res
1046 940 1235 967 difficultatem
1258 947 1347 968 moret
1370 951 1421 969 non
1443 948 1496 969 tam
1518 942 1594 971 facile
1615 944 1720 972 solven-

980 987 1052 1018 dam.
1071 989 1100 1016 Iu
1113 989 1224 1026 epistola
1239 988 1310 1016 enim
1327 988 1384 1016 143
1395 988 1429 1017 ad
1445 989 1590 1028 Cyriacum
1602 1013 1610 1026 ,
1625 992 1721 1020 Deme-

979 1034 1062 1062 trium
1076 1041 1101 1062 et
1115 1041 1222 1063 caeteros
1234 1057 1241 1070 ,
1259 1045 1317 1072 quae
1334 1035 1432 1073 scripta
1450 1042 1560 1074 putatur
1573 1048 1642 1065 anno
1653 1039 1720 1075 405,

976 1081 1017 1109 ait
1037 1082 1246 1121 Chrysostomus
1265 1083 1395 1111 Joannem
1409 1084 1595 1122 presbyterum
1610 1092 1635 1113 et
1650 1087 1722 1114 Pau-

979 1129 1036 1157 lum
1057 1129 1200 1157 diaconum
1215 1129 1264 1156 iter
1278 1139 1388 1167 parare,
1404 1136 1432 1157 ut
1450 1130 1520 1168 ipsos
1542 1133 1700 1159 conveniant
1713 1143 1719 1158 ε

979 1175 1002 1202 si
1030 1182 1118 1203 autem
1146 1185 1214 1202 anno
1236 1175 1294 1203 405
1318 1174 1387 1203 hauc
1419 1176 1558 1214 epistolam
1587 1177 1722 1216 scripserit

981 1220 1188 1259 Chrysostomus
1202 1242 1210 1256 7
1227 1231 1280 1257 quo
1299 1228 1376 1259 pacto
1400 1221 1489 1249 dicere
1510 1223 1592 1260 possit
1614 1224 1722 1252 tertium

981 1276 1080 1294 annum
1110 1266 1138 1294 in
1166 1265 1262 1294 exsilio
1289 1276 1367 1304 agere
1378 1289 1385 1299 2
1411 1267 1457 1304 qui
1481 1274 1544 1295 tunc
1574 1268 1721 1297 secundum

980 1319 1084 1340 tantum
1114 1312 1181 1340 inire
1210 1319 1312 1351 poterat
1331 1312 1344 1340 ,⁰
1370 1313 1505 1351 Opinatur
1532 1314 1721 1344 Tillemontius

980 1359 1110 1387 Joannem
1121 1365 1146 1386 et
1162 1359 1278 1386 Paulum
1287 1381 1294 1394 ‚
1307 1358 1353 1396 qui
1368 1365 1431 1387 tunc
1448 1359 1498 1387 iter
1509 1360 1648 1399 parabant,
1660 1372 1719 1400 pro-

979 1404 1118 1433 fectionem
1135 1415 1209 1432 suam
1226 1404 1252 1432 in
1269 1415 1370 1433 annum
1384 1413 1536 1443 sequentem
1547 1406 1693 1436 distulisse.

1017 1452 1113 1480 Joanni
1129 1458 1217 1479 autem
1230 1450 1384 1489 presbytero
1400 1458 1425 1479 et
1439 1452 1522 1480 Paulo
1535 1452 1648 1482 diacono
1663 1454 1719 1493 epi-

979 1497 1075 1525 stolam
1097 1496 1171 1525 dedit
1192 1496 1270 1529 168,
1297 1497 1406 1532 Probae,
1426 1505 1552 1526 matronae
1572 1500 1717 1534 Romanae,

979 1543 1168 1577 adserendam,
1186 1543 1228 1571 cui
1254 1542 1315 1571 illos
1337 1543 1507 1572 commendat
1522 1566 1529 1580 ‚
1544 1545 1672 1584 illamque
1692 1553 1721 1574 ut

978 1590 1141 1628 frequentius
1155 1589 1207 1618 sibi
1229 1589 1320 1617 literas
1343 1589 1433 1618 mittat
1454 1597 1587 1628 precatur.
1605 1592 1721 1620 Iisdem-

978 1647 1029 1675 que
1041 1659 1047 1671 ,
1063 1643 1093 1664 ut
1107 1643 1217 1675 putatur
1227 1658 1234 1670 ,
1248 1635 1373 1675 epistolas
1387 1645 1526 1674 sequentes
1549 1639 1607 1666 109
1621 1645 1645 1666 et
1663 1640 1721 1667 170

977 1682 1104 1717 tradidit,
1119 1693 1232 1720 quarum
1248 1681 1324 1721 prior
1332 1682 1446 1711 Julianae
1461 1690 1485 1710 et
1498 1683 1530 1712 iis
1541 1684 1587 1721 qui
1598 1695 1660 1713 cum
1671 1685 1718 1713 illa

977 1735 1052 1757 erant
1071 1727 1200 1766 dirigitur
1211 1750 1218 1763 ‚
1233 1727 1332 1765 quibus
1357 1727 1457 1765 gratias
1471 1728 1546 1766 agit,
1561 1729 1635 1766 quod
1658 1730 1719 1759 illos

977 1786 1081 1809 omnes,
1096 1785 1163 1813 quos
1179 1775 1291 1803 Romam
1314 1773 1423 1801 miserat
1437 1774 1628 1812 benignissime
1643 1786 1718 1804 exce-

977 1821 1091 1859 pissent,
1103 1819 1230 1858 quodque
1251 1827 1305 1847 tam
1324 1830 1408 1847 sawos
1431 1820 1564 1848 tumultus
1576 1843 1583 1857 r
1597 1822 1643 1859 qui
1659 1828 1715 1851 tum

975 1867 1122 1896 Ecclesiam
1134 1865 1297 1895 orientalem
1312 1865 1465 1903 agitabant,
1477 1876 1645 1904 compescere
1658 1875 1714 1896 stu-

973 1913 1064 1942 derent
1078 1925 1083 1943 :
1098 1912 1227 1952 posterior
1245 1921 1306 1938 vero
1324 1911 1423 1939 ltalicae
1444 1911 1601 1940 inscribitur
1612 1935 1619 1946 ,
1632 1924 1714 1951 quam

974 1971 987 1987 a
1003 1959 1159 1988 fortitudine
1172 1958 1296 1991 celebrat,
1307 1956 1378 1994 quod
1392 1967 1475 1995 neque
1486 1956 1608 1986 sedandae
1619 1959 1715 1988 Orien-

975 2006 1021 2034 tali
1046 2004 1194 2044 tempcstati
1215 2002 1368 2031 incumbere
1381 2002 1529 2039 desineret3
1543 2004 1667 2043 acuitque
1681 2006 1714 2034 il-

974 2052 1027 2080 lam
1041 2057 1070 2078 ut
1084 2051 1110 2078 in
1123 2049 1173 2077 hoc
1189 2056 1242 2076 tam
1258 2047 1392 2076 laudando
1405 2047 1496 2076 studio
1513 2057 1675 2087 perseveret.

1014 2096 1135 2125 Diversis
1149 2105 1254 2133 quoque
1269 2104 1315 2133 per
1330 2093 1501 2122 Occidentem
1525 2095 1657 2135 episcopis
1676 2096 1715 2125 li—

974 2153 1042 2173 teras
1065 2145 1115 2172 hoc
1135 2144 1239 2172 circiter
1253 2149 1371 2180 tempore
1389 2142 1479 2177 misit,
1501 2143 1543 2171 vel
1566 2150 1595 2171 ut
1616 2144 1715 2180 gratias

974 2197 1062 2229 ageret
1077 2200 1123 2229 pro
1138 2199 1203 2228 pace
1222 2189 1249 2216 in
1267 2187 1387 2216 Ecclesia
1400 2187 1532 2216 OrIentali
1550 2189 1714 2218 restituenda

975 2236 1175 2269 laborantibus,
1201 2233 1242 2262 vel
1272 2240 1301 2261 ut
1325 2239 1431 2261 acueret
1452 2240 1477 2261 et
1503 2233 1538 2261 ad
1563 2242 1713 2263 constanter

975 2281 1106 2320 agendum
1124 2280 1310 2308 inflammaret.
1326 2278 1400 2307 Talis
1415 2285 1454 2306 est
1471 2279 1581 2317 epistola
1601 2281 1652 2309 151
1679 2280 1714 2309 ad

976 2327 1097 2355 Asellum
1121 2327 1276 2365 episcopum
1290 2335 1296 2351 :
1312 2324 1376 2352 tales
1401 2324 1519 2362 epistolae
1545 2327 1602 2354 152
1613 2347 1621 2360 ‚
1638 2327 1714 2363 155,

976 2373 1034 2401 154
1046 2395 1053 2409 ,
1070 2373 1103 2400 ad
1122 2373 1259 2411 episcopos
1273 2369 1430 2409 simpliciter
1443 2370 1577 2409 inscriptae
1589 2393 1598 2407 ,
1613 2371 1642 2400 id
1653 2379 1712 2408 est,

977 2426 1005 2446 ut
1017 2429 1050 2447 ex
1063 2419 1129 2447 serie
1144 2418 1245 2455 liquet,
1261 2416 1295 2444 ad
1307 2416 1445 2455 episcopos
1457 2416 1649 2447 Occidentales.
1661 2418 1714 2447 Iis-

977 2465 1038 2493 dem
1057 2465 1136 2492 missa
1154 2464 1204 2491 suit
1223 2462 1334 2502 epistola
1355 2462 1405 2491 181
1425 2484 1432 2497 ‚
1454 2462 1501 2490 ubi
1521 2462 1587 2491 dicit
1602 2464 1663 2492 illos
1680 2465 1714 2493 ab

977 2510 1103 2538 omnibus
1126 2509 1266 2549 praedicari
1288 2516 1366 2546 atque
1393 2508 1541 2545 celebrari,
1566 2510 1638 2547 qnod
1666 2512 1715 2540 etsi

979 2565 1033 2586 tam
1053 2556 1130 2595 longe
1148 2556 1235 2584 dissiti
1257 2561 1352 2589 erant,
1367 2554 1470 2582 fortiter
1491 2561 1649 2593 strenueque
1662 2556 1715 2584 ad-

980 2614 1072 2633 versus
1082 2603 1141 2632 illos
1153 2603 1200 2641 qui
1212 2601 1359 2630 Ecclesiam
1372 2600 1565 2668 perturbaban
1576 2602 1696 2631 steterint
1708 2615 1714 2631 z

1546 2655 1563 2669 4

1759 1485 1812 1506 Alize
1826 1485 1873 1513 ejus

1733 1518 1840 1544 epistulae.
