1884 2922
257 191 324 227 260

255 271 318 296 352.
335 268 395 303 Quo
417 266 442 294 in
464 267 522 295 loco
537 267 569 295 sit
586 267 714 303 gebenna.
732 274 776 295 Ix.
791 271 856 297 828.
877 279 904 298 A.
920 269 994 306 Ignis

255 311 444 344 Sodomorum,
463 310 588 347 gebennen
614 310 711 347 image.
739 314 803 338 499.
826 322 840 337 A
866 311 993 339 Gehenna

256 356 330 393 pejor
344 354 484 382 amissione
508 354 734 391 regtii‘coelorum.
752 361 796 382 xt-
816 359 860 382 24.
884 366 910 383 A.
925 355 994 383 Into-

255 398 395 425 lerabilius
406 404 444 425 est
461 397 494 424 de
509 407 590 435 regno
605 397 747 433 decidisse,
761 408 841 436 quam
857 398 882 426 in
895 399 993 437 geben-

255 451 317 468 nam
333 440 466 468 incidisse.
484 444 548 468 347.
562 451 586 470 c.

297 483 432 511 (it-benna}
440 483 590 511 meminisse
602 490 703 522 oportet
716 484 913 519 Christianum,
925 490 950 512 ct
962 484 996 512 de

255 526 301 553 illa
315 526 399 564 loqui.
412 533 442 554 V.
458 531 523 558 144.
537 537 563 555 n.
577 527 634 554 1¹1·ae
647 527 732 555 oculis
744 538 849 566 semper
862 527 994 556 habenda.

254 577 274 598 1.
300 574 362 598 171.
383 579 411 597 Ε.
434 569 502 607 Ejus
524 569 650 598 memoria
672 570 755 599 utilis.
778 578 824 599 Ix.
842 575 906 599 828.
926 581 953 599 A.
970 578 995 600 et

251 612 368 641 maxime
378 612 512 640 salutaris.
527 620 548 641 I.
560 618 624 642 894.
638 624 664 640 A.
681 623 705 641 n.
719 613 773 647 Qui
786 613 912 651 gehennoe
925 624 993 642 sem-

252 666 299 694 per
314 656 465 684 meminisse
479 656 599 694 laborat,
618 663 643 684 ct
663 657 709 694 qui
725 657 800 685 illam
815 658 902 693 timet,
920 668 994 686 mor-

252 706 305 727 tem
322 699 474 736 deridebit,
489 707 513 728 et
524 710 671 738 numquam
681 700 707 728 in
719 700 867 739 gehennam
883 701 992 730 incidet.

251 747 441 772 II.75.1³.1x.
455 748 519 771 601.
533 755 560 772 A.
582 743 681 772 Nullus
694 754 726 772 ex
739 744 776 772 eis
787 744 834 783 qui
846 745 993 783 gehennam

250 785 415 824 (lespiciunt,
431 786 540 824 effugiet
553 786 711 825 gehennam.
728 794 775 816 XI.
793 791 860 816 601.
877 799 904 815 A.

294 831 441 859 Gehennae
457 836 548 858 melus
569 831 679 858 malum
695 830 730 858 de
744 830 838 859 medio
853 831 939 860 tollit.
958 839 990 860 V.

252 878 317 901 717.
331 884 357 901 E.

292 916 453 945 Genu-:Lus
469 915 652 954 magistratus.
680 923 726 944 III.
742 921 808 945 765.
829 928 857 946 n.
873 923 938 947 801.
963 929 990 947 Ε.

251 960 419 999 Baptismum
439 966 590 998 susceperat
608 965 726 989 III.816.
741 971 763 988 Β.
775 961 847 989 Vide
860 968 958 990 notam
970 973 993 997 c,

250 1006 301 1032 ubi
317 1004 381 1042 lege
393 1015 401 1030 :
415 1002 535 1042 epistolis
547 1008 600 1038 79,
616 1013 674 1031 non
686 1010 784 1032 autem
799 1009 846 1034 70.
861 1005 901 1033 Ad
914 1005 992 1033 illum

250 1046 345 1074 scribit
366 1046 584 1085 Chrysostomus.
602 1053 646 1075 III.
662 1052 725 1075 765.
748 1058 774 1075 υ.
796 1052 859 1076 801.
882 1059 908 1078 c.
924 1053 987 1077 815,

255 1101 280 1117 E.
297 1095 361 1119 834.
380 1100 409 1118 Ι).

292 1134 430 1162 Gmnrts
444 1132 554 1171 spiritus
567 1132 636 1170 quis.
650 1140 680 1161 V.
696 1137 759 1161 159.
774 1144 800 1161 r..

292 1178 418 1205 Gemmas
436 1186 470 1204 ex
485 1175 538 1204 imo
553 1176 619 1203 mari
634 1176 825 1204 educebantur.
842 1185 886 1205 ιγ.
899 1183 945 1206 79,
960 1188 988 1206 D.

253 1222 427 1249 Gemmarum
453 1219 592 1248 inutilitas.
619 1227 653 1248 II.
679 1224 743 1248 283.
770 1230 796 1248 Β.
823 1225 886 1249 284.
913 1227 992 1259 atque

253 1265 369 1293 vanitas.
386 1271 431 1292 IV.
450 1268 516 1292 759.
536 1274 562 1291 c.
581 1274 609 1293 D.

293 1308 496 1336 GENEALOGLE
509 1307 570 1344 quis
582 1307 677 1335 modus
689 1308 817 1346 optimus.
830 1315 875 1336 tv.
890 1313 953 1337 251.
967 1321 991 1338 Α.

254 1351 478 1389 Genealogiarum
500 1350 582 1379 nimia
602 1351 742 1379 curiositas
756 1362 771 1379 a
786 1351 870 1380 Paulo
891 1352 992 1391 impro-

250 1394 338 1422 batur.
355 1401 402 1424 XI.
420 1399 482 1422 831.
499 1405 525 1422 E.

293 1438 462 1476 Genealogiae
475 1437 576 1466 Christi
586 1438 653 1467 ratio
664 1445 689 1466 et
699 1439 776 1467 ordo.
795 1447 850 1468 VII.
867 1444 911 1468 55.
924 1440 992 1468 Tres

249 1492 323 1521 reges
345 1482 435 1510 omisit
465 1481 610 1510 Matthaeus
637 1482 664 1510 iu
689 1484 841 1522 genealogia
869 1484 987 1512 Domini.

251 1531 409 1555 WdI-52.B.

287 1571 462 1599 Gexeuino
480 1569 607 1605 filiorum,
621 1571 822 1599 resurrectionis
836 1571 935 1610 imago.
946 1579 989 1600 tv.

253 1618 314 1642 184.
332 1624 355 1641 n.

287 1656 430 1685 Generatio
447 1655 548 1684 Christi
567 1656 678 1695 duplex.
700 1664 756 1686 VII.
783 1663 827 1687 25.
845 1670 871 1686 B.
889 1658 990 1687 Divina

249 1701 306 1739 ejus
322 1699 457 1738 generatio
472 1709 524 1728 non
538 1700 640 1728 ratione
654 1700 826 1739 inquirenda.
843 1709 912 1733 VIII.
928 1708 989 1731 177.

252 1756 275 1772 n.
292 1746 379 1780 Quam
393 1743 522 1782 stupenda
537 1750 642 1772 terrena
655 1745 754 1774 Christi
771 1747 915 1785 generatio.
930 1754 987 1776 VII.

254 1795 300 1818 24.
320 1801 347 1817 A.

291 1834 513 1862 Generationem
543 1834 673 1862 diuinam
696 1836 809 1864 Christi
835 1839 990 1866 ratiocinia

251 1879 382 1905 hnmana
395 1887 454 1904 non
466 1879 626 1916 attingunt.
648 1885 718 1907 VIII.
736 1884 800 1908 887.
820 1891 843 1907 e.
862 1881 990 1910 Genera-

252 1923 291 1949 tio
306 1923 337 1948 in
352 1921 468 1957 divinis,
484 1923 515 1949 in
539 1931 595 1960 quo
617 1922 744 1962 disserat
768 1935 786 1951 a
798 1928 989 1962 processione.

253 1972 297 1993 III.
313 1969 376 1993 965.
395 1975 419 1993 Β.

291 2009 436 2037 GENESEos
461 2008 529 2038 liber
552 2020 600 2038 cur
623 2010 738 2050 scriptus
763 2019 821 2050 post
846 2014 943 2042 multas
957 2014 992 2042 ab

254 2051 354 2080 Adamo
377 2052 568 2090 generationes,
579 2063 626 2082 cur
642 2064 691 2093 pro
705 2054 928 2092 Judaeistantmu,
945 2068 991 2086 cur

253 2096 280 2124 in
291 2095 395 2124 deserto
413 2095 487 2125 Sina.
505 2105 537 2126 11.
550 2103 612 2127 105.
625 2109 651 2126 E.
665 2095 726 2138 sq'q.
739 2100 828 2136 Quare
842 2110 916 2131 vocet
931 2113 990 2131 eum

252 2139 392 2178 Scriptura
413 2139 514 2169 librum
537 2143 712 2180 generationis
728 2144 786 2172 eceli
801 2151 825 2172 et
840 2151 926 2174 terrae.
944 2154 989 2175 IV.

255 2189 315 2211 110.
332 2194 355 2213 e,
377 2194 401 2211 c.
420 2183 540 2214 Genesis
566 2186 632 2214 libri
653 2193 756 2215 auctor
770 2189 902 2225 Moyses,
919 2191 991 2229 Spi-

253 2229 312 2254 ritu
329 2234 430 2255 sancto
445 2229 603 2258 revelante.
620 2237 664 2258 VI.
681 2235 744 2259 511.
762 2243 789 2259 A.

293 2271 419 2299 annsxs
444 2282 489 2300 seu
513 2273 733 2311 genethlialogia,
749 2275 824 2312 quid.
849 2283 904 2306 ΠΙ.
927 2282 990 2308 822.

253 2323 281 2341 n.
298 2324 321 2341 n.
334 2315 410 2342 Vana
435 2322 473 2343 est
487 2316 641 2356 disciplina.
655 2323 698 2346 98.
713 2330 738 2349 A.
755 2319 835 2348 Nulla
850 2328 889 2349 est
903 2323 991 2350 omni-

253 2366 286 2384 no
312 2364 365 2385 tam
389 2357 533 2397 depravata
558 2360 690 2391 doctrina.
719 2369 750 2390 II.
774 2367 836 2391 920.
858 2376 883 2391 B.
906 2376 991 2403 neque

253 2400 348 2437 dogma
370 2408 422 2429 tam
440 2403 629 2440 perniciosum.
647 2412 692 2433 XI.
717 2410 781 2434 640.
800 2418 826 2436 c.
845 2409 864 2435 A
879 2409 988 2446 quibus-

253 2442 313 2470 dum
342 2444 503 2474 Christianis
523 2447 713 2477 adhibi-batur.
732 2456 764 2477 X.
783 2455 847 2478 794.
874 2453 989 2482 maxime

255 2487 408 2516 Antiochioe.
423 2491 765 2531 x.36..i.GenethIialogiae
777 2494 885 2532 quidam
901 2497 989 2526 omnia

251 2530 445 2561 adscribebant.
462 2542 480 2562 I.
494 2541 557 2565 700.
574 2547 601 2565 n.
617 2538 803 2576 Impugnatur.
819 2548 875 2570 XII.
890 2547 951 2571 524.
962 2555 986 2573 n.

253 2574 361 2603 Gom->is
373 2582 397 2603 et
411 2577 493 2605 fatum
509 2579 680 2618 blasphemiae
695 2582 771 2621 plcua
787 2591 858 2614 sunt.
879 2593 909 2615 II.
925 2593 987 2617 901.

888 207 990 229 INDEx
1018 208 1143 231 mittum.

1049 280 1074 297 e.
1091 269 1167 298 Nihil
1189 270 1274 308 magis
1290 280 1388 299 vanum
1403 277 1487 309 potest
1501 272 1664 310 excogitari,
1681 279 1727 300 aut
1742 271 1785 299 in-

1043 312 1152 350 justius.
1165 320 1196 343 II.
1208 318 1370 342 911.r..n.c.
1385 314 1600 353 Genethlialogia
1615 316 1636 343 si
1650 322 1700 351 est,
1711 314 1786 355 judi-

1047 357 1118 384 cium
1131 367 1181 385 non
1200 363 1248 392 est,
1260 367 1346 395 neque
1360 357 1439 394 fides,
1456 368 1503 386 nec
1515 359 1587 387 Deus
1600 359 1663 398 ipse.
1674 366 1705 387 II.
1721 363 1785 388 924.

1048 400 1140 438 Neque
1159 401 1275 439 genesis,
1292 411 1376 439 neque
1389 401 1491 435 fatum,
1507 412 1591 440 neque
1605 401 1710 430 fortuiia
1720 425 1727 437 ,
1740 413 1785 431 ne-

1048 453 1099 480 que
1115 454 1208 472 cursus
1227 451 1360 473 astrorum
1382 451 1472 473 nostra
1492 451 1598 483 regunt.
1616 452 1660 473 VI.
1679 450 1741 474 343.
1754 456 1781 474 n.

1048 487 1270 526 Genethlialogioe
1285 488 1453 527 tyrannidem
1472 488 1499 516 in
1523 488 1648 517 Ecclesiae
1660 488 1784 527 dogmata

1047 530 1156 568 quidam
1171 531 1335 560 conabantur
1347 531 1482 561 inducere.
1498 538 1554 560 VII.
1567 536 1629 560 821.
1643 542 1666 561 c.

1086 574 1232 604 Gmrirm
1255 575 1326 604 idola
1345 582 1370 604 et
1391 575 1542 604 simulacra.
1558 582 1589 604 II.
1607 580 1669 604 129.
1688 587 1714 604 A.
1735 582 1779 604 tv.

1046 622 1110 646 749.
1130 629 1154 646 A.
1176 626 1209 647 x.
1236 623 1300 649 304.
1323 630 1352 647 n.
1376 629 1402 646 E.
1428 623 1493 649 305.
1512 618 1623 647 Illarum
1646 619 1783 648 conversio

1046 661 1186 700 praedicta.
1198 669 1255 691 VII.
1272 668 1334 692 165.
1348 674 1372 691 n.
1389 667 1449 691 166.
1463 667 1528 692 756.
1543 673 1572 692 n.
1590 662 1688 690 Gentes
1701 673 1783 701 quare

1045 706 1186 734 haereditas
1202 706 1314 736 Christi.
1330 714 1362 735 V.
1373 711 1437 735 231.
1455 717 1482 734 n.
1497 706 1636 734 Cornelius
1651 707 1780 742 centurio,

1045 750 1164 787 gentium
1179 750 1295 778 initium.
1318 757 1362 779 lx.
1379 754 1440 778 193.
1457 761 1482 778 B.
1499 750 1663 778 Immensum
1685 749 1780 780 discri-

1046 803 1104 821 men
1117 794 1296 823 Samaritauos
1308 794 1376 823 inter
1387 801 1412 823 et
1424 800 1576 833 gentes.Ix.
1594 799 1658 823 208.
1674 805 1700 824 a.

1087 837 1186 866 Gentes
1198 838 1306 877 integrae
1317 838 1458 878 absorptae.
1473 846 1518 867 XI.
1533 843 1575 867 51.
1589 849 1613 868 F.

1086 881 1261 911 Gffinmcm
1275 883 1395 911 doctrina
1409 882 1503 910 futilis.
1521 889 1552 911 lI.
1565 887 1591 911 3.
1604 894 1630 911 Α.
1645 884 1782 918 Quorum-

1044 924 1106 953 dam
1119 925 1287 964 philosophia
1301 934 1326 955 ct
1339 927 1433 955 virtus.
1444 933 1514 955 VIII.
1529 931 1592 956 348.
1608 938 1632 955 n.
1650 938 1676 956 c.
1690 926 1781 955 Inauis

1044 968 1135 1006 gloriae
1149 979 1227 997 causa
1241 970 1314 998 illam
1328 970 1496 1000 exercebant.
1521 975 1583 999 186.
1602 982 1629 1000 Α.
1641 971 1723 999 Multi
1733 970 1779 999 di-

1045 1012 1137 1041 cebant
1148 1013 1300 1042 munduma
1314 1015 1370 1042 Deo
1382 1024 1432 1042 non
1444 1024 1499 1042 esse
1510 1014 1618 1042 factum.
1631 1021 1662 1043 ΙΙ.
1680 1018 1742 1043 136.
1758 1025 1781 1043 Β.

1045 1066 1096 1084 nou
1110 1056 1256 1095 esselegem
1268 1057 1497 1087 naturalem.152.
1506 1062 1600 1085 D.153.
1611 1064 1636 1086 et
1645 1057 1781 1086 materiam

1045 1100 1224 1138 praeexistere.
1237 1108 1282 1129 tv.
1294 1106 1368 1130 15.1³.
1382 1102 1470 1129 Deum
1485 1100 1627 1139 culpabant
1642 1101 1715 1139 quod
1725 1108 1780 1129 tam

1044 1142 1187 1181 pulchrum
1201 1151 1226 1172 et
1243 1154 1372 1181 magnum
1387 1143 1477 1172 fecerit
1495 1143 1636 1172 mundum.
1656 1151 1690 1172 ΙΙ.
1712 1149 1777 1174 129.

1043 1185 1105 1223 quia
1128 1187 1199 1215 hunc
1213 1187 1344 1216 mundum
1360 1187 1410 1226 ipsi
1425 1187 1542 1215 fecerunt
1555 1187 1643 1216 deum.
1659 1188 1703 1217 Ib.
1722 1188 1779 1216 Ne-

1044 1240 1087 1257 mo
1097 1240 1131 1258 ex
1142 1230 1196 1258 illis
1209 1230 1310 1258 divinae
1324 1231 1478 1259 substantiae
1493 1230 1674 1260 definitionem
1686 1231 1780 1260 efferre

1043 1273 1166 1302 tentavit.
1184 1281 1204 1302 Ι.
1220 1279 1284 1303 596.
1300 1286 1324 1302 A.
1339 1275 1458 1303 Gentiles
1470 1284 1531 1302 cum
1544 1274 1645 1304 Judaeis
1657 1282 1683 1304 et
1698 1275 1780 1304 haere-

1044 1317 1103 1345 ticis
1118 1317 1151 1345 de
1167 1318 1260 1346 ultimo
1272 1318 1374 1358 judicio
1387 1319 1562 1347 consentiunt.
1578 1323 1641 1348 927.

1083 1362 1233 1391 Gentilium
1247 1363 1286 1391 dii
1304 1373 1357 1392 non
1371 1370 1432 1392 sunt
1447 1362 1496 1391 dii.
1515 1370 1546 1392 v.
1564 1368 1627 1392 268.
1645 1374 1668 1391 Β.
1680 1363 1778 1392 Genti-

1042 1406 1079 1433 les
1094 1406 1241 1435 adorabant
1251 1418 1337 1436 acrem
1352 1414 1377 1436 et
1391 1407 1485 1438 solem.
1504 1414 1536 1437 v.
1552 1412 1616 1437 571.
1642 1417 1666 1436 c.
1679 1417 1779 1436 necnon

1042 1448 1163 1486 simiam,
1193 1451 1369 1486 crocodilum,
1407 1462 1509 1481 canem.
1538 1458 1571 1480 11.
1597 1456 1660 1479 129.
1680 1462 1706 1479 Α.
1733 1458 1780 1480 IV.

1043 1497 1087 1523 68.
1113 1506 1136 1524 A.
1155 1494 1266 1529 Quantae
1280 1496 1399 1524 stultitiae
1413 1496 1447 1524 sit
1473 1502 1533 1523 ante
1556 1501 1692 1523 creaturas
1710 1505 1774 1534 pro-

1043 1537 1182 1575 cumbere,
1198 1546 1221 1566 et
1236 1539 1263 1567 in
1280 1539 1334 1567 illis
1349 1539 1501 1568 consistere.
1519 1545 1563 1567 IV.
1577 1543 1621 1567 57.
1636 1550 1662 1568 Β.
1676 1543 1740 1567 748.
1752 1550 1778 1567 A.

1043 1583 1159 1611 maxime
1173 1584 1280 1622 quando
1291 1585 1357 1614 vilia
1373 1585 1498 1613 animalia
1513 1591 1537 1612 et
1551 1584 1594 1612 his
1607 1584 1719 1612 foediora
1730 1594 1779 1613 co-

1040 1626 1143 1654 luntur.
1156 1633 1188 1655 V.
1199 1632 1245 1656 68.
1255 1638 1311 1658 A.I3.
1322 1628 1441 1656 Gentiles
1451 1638 1484 1656 ex
1492 1627 1649 1656 hominibus
1659 1626 1722 1656 deos
1733 1627 1776 1655 sa-

1043 1670 1217 1700 ciebant.V1.
1234 1676 1298 1700 249.
1321 1683 1343 1701 n.
1360 1671 1485 1699 Humano
1501 1670 1630 1709 sanguine
1645 1681 1703 1699 aras
1717 1681 1779 1699 suas

1043 1714 1226 1744 cruentabant.
1250 1723 1283 1744 ll.
1307 1720 1372 1746 641.
1391 1726 1417 1743 c,
1435 1719 1500 1744 642.
1520 1714 1694 1743 Daemonibus
1709 1715 1800 1743 filios·

1043 1768 1104 1785 suos
1126 1757 1305 1788 devovebant.
1318 1766 1386 1788 VIII.
1403 1764 1468 1788 572.
1487 1769 1512 1787 c.
1535 1758 1634 1787 Statuae
1649 1759 1777 1796 illorum,

1044 1801 1123 1835 festa,
1140 1802 1244 1841 publici
1261 1810 1419 1839 conventus,
1434 1810 1460 1832 et
1482 1802 1559 1831 initia
1579 1813 1610 1831 ac
1633 1803 1778 1842 mysteria,

1045 1846 1258 1884 turpissimarum
1271 1858 1361 1876 rerum
1374 1847 1474 1876 indicia
1489 1853 1564 1881 sunt,
1581 1853 1606 1875 et
1622 1847 1703 1876 simul
1720 1857 1780 1876 mo-

1045 1888 1162 1918 nimenta
1176 1897 1255 1928 atque
1272 1890 1443 1919 documenta.
1470 1897 1500 1918 v.
1530 1894 1594 1918 357.
1612 1900 1641 1920 D.
1659 1890 1778 1919 Gentiles

1045 1933 1225 1962 confutantur.
1251 1941 1320 1964 VIII.
1344 1940 1407 1964 116.
1443 1946 1468 1963 n.
1503 1933 1610 1963 Similes
1632 1934 1780 1964 infantibus

1044 1984 1117 2006 crant
1134 1990 1140 2005 ε
1158 1977 1217 2007 ideo
1233 1980 1308 2008 venia
1324 1979 1438 2018 indigni.
1451 1987 1508 2009 VII.
1525 1984 1590 2009 621.
1615 1989 1641 2007 c.

1085 2021 1239 2051 Gentilibus
1261 2023 1394 2061 quomodo
1421 2023 1591 2063 probandum
1614 2025 1700 2052 Deum
1723 2035 1779 2053 esse

1045 2065 1192 2095 Christum.
1210 2074 1231 2095 I.
1246 2072 1311 2096 682.
1328 2078 1353 2098 B.
1368 2067 1412 2095 Ex
1432 2067 1463 2095 iis
1478 2067 1602 2096 videlicet
1615 2078 1675 2105 quae
1689 2068 1780 2096 nobis-

1044 2119 1106 2137 cum
1121 2111 1290 2140 confitentur.
1302 2113 1345 2141 lb.
1367 2123 1393 2140 c.
1409 2122 1470 2150 sqq.
1484 2112 1567 2140 Error
1578 2111 1719 2150 gentilium
1731 2123 1780 2151 pet

1044 2164 1071 2181 se
1083 2153 1230 2183 exstinctus
1239 2162 1288 2192 est,
1299 2162 1323 2183 et
1338 2156 1363 2183 in
1377 2166 1405 2184 se
1417 2154 1526 2184 corruit.
1542 2162 1574 2184 II.
1591 2159 1655 2184 645.
1668 2167 1692 2184 Β.
1704 2156 1780 2194 Ipso-

1044 2207 1104 2224 rum
1120 2197 1228 2233 altaria,
1244 2198 1341 2238 templa
1353 2221 1360 2235 ,
1376 2199 1441 2227 festa
1463 2205 1489 2227 et
1511 2199 1613 2238 publici
1632 2206 1779 2229 conventus

1043 2240 1154 2269 abolita.
1169 2248 1202 2270 Υ.
1215 2246 1278 2271 309.
1296 2253 1320 2271 c.
1340 2243 1482 2278 Quomodo
1496 2243 1606 2281 gentiles
1621 2254 1654 2272 ex
1669 2244 1779 2273 canibus

1047 2283 1095 2311 [ilii
1110 2285 1251 2314 evaserint.
1272 2293 1293 2314 1.
1309 2291 1373 2315 718.
1388 2298 1414 2318 A,
1437 2286 1625 2315 promissionis
1648 2288 1699 2316 Dei
1717 2298 1778 2316 cum

1043 2327 1147 2356 Judaeis
1170 2329 1309 2368 participes
1335 2337 1408 2358 erant
1431 2330 1557 2369 gentiles;
1572 2330 1618 2359 sed
1639 2331 1673 2359 ad
1693 2332 1780 2370 majo-

1044 2381 1098 2398 rem
1119 2370 1227 2400 deducti
1242 2380 1304 2401 sunt
1319 2373 1496 2410 nobilitatem,
1520 2384 1598 2412 quam
1613 2374 1712 2405 Judaei.
1730 2382 1777 2404 XI.

1048 2419 1089 2443 Π.
1108 2425 1136 2442 D.
1156 2420 1199 2443 48.
1217 2416 1305 2445 Judaei
1321 2428 1335 2445 a
1350 2417 1495 2456 gentilibus
1515 2417 1697 2453 condemnati,
1714 2418 1777 2456 quia

1045 2458 1087 2486 isti
1110 2459 1144 2486 ad
1168 2470 1234 2496 quos
1254 2470 1304 2489 non
1329 2461 1400 2489 venit
1424 2461 1563 2496 Christus,
1585 2461 1775 2496 crediderunt;

1043 2501 1108 2529 dum
1131 2502 1171 2530 illi
1185 2509 1210 2530 et
1224 2503 1361 2532 Christum
1379 2503 1504 2532 viderunt
1527 2504 1731 2543 audieruntque,
1747 2512 1772 2533 et

1044 2552 1128 2573 tamen
1152 2546 1293 2575 uoluerunt
1318 2547 1434 2577 credere.
1451 2555 1508 2578 VII.
1523 2553 1588 2577 749.
1606 2549 1726 2577 Gentiles
1750 2555 1776 2577 et

1043 2589 1148 2619 Iudaeos
1163 2591 1206 2629 qui
1227 2591 1397 2630 crediderint,
1413 2603 1495 2621 unum
1513 2603 1568 2622 esse
1582 2593 1685 2621 futuros
1701 2603 1771 2632 prae-
