1884 2922
749 199 850 223 INDEX
880 198 1004 221 RERUM.

159 263 329 303 Supplicium
350 273 402 291 non
416 269 455 291 est
469 262 580 291 malum.
603 270 648 292 Ix-
668 267 730 292 568.
747 273 774 292 c.
792 262 861 290 Nam

120 313 142 340 si
157 311 320 350 supplicium
336 311 437 339 malum
453 318 530 346 esset,
546 312 620 339 Deus
634 311 681 349 qui
696 310 786 339 omnia
799 310 862 339 facit

121 363 149 384 ut
166 355 295 383 malitiam
310 354 397 386 tollat,
408 365 460 383 non
475 355 544 383 mala
560 354 637 383 malis
652 354 859 383 addidissetlh.

122 400 194 437 Ergo
209 409 259 427 non
276 406 313 428 est
325 399 427 427 malum
437 398 600 436 delinquenti
614 398 634 426 si
650 397 862 437 suppliciumin-

119 444 228 478 seratur,
240 443 286 471 sed
299 443 386 471 eidem
398 442 499 470 malum
512 449 550 471 est
564 443 585 470 si
602 452 653 470 non
670 441 806 480 puniatur.
817 443 860 469 Ib.

159 487 301 527 Supplicia
317 498 364 515 cur
375 497 427 515 non
441 487 533 514 statim
548 486 687 525 flagitiosis
703 485 860 513 inferantur.

122 537 143 560 I.
162 535 226 559 109.
244 541 270 559 c.
289 541 316 560 D.
336 529 438 558 Eorum
454 529 550 557 dilatio
571 540 606 558 ex
628 528 803 567 intelligentia
821 529 863 557 vel

119 575 292 614 simplicitate
326 574 461 614 peccantis
483 573 642 602 desumitur.
659 580 692 603 V.
717 578 763 601 50.
788 584 811 601 Β.
836 584 862 601 c.

120 619 327 647 consolationem
344 618 439 646 afferre
466 628 518 646 non
542 618 632 646 debet.
660 625 717 646 VII.
742 622 806 645 318.
833 628 860 645 n.

121 663 172 691 Per
196 662 361 701 supplicium
385 668 492 690 arcetur
514 661 683 700 improbitas.
706 668 737 690 V.
763 666 809 690 76.
834 673 859 690 A.

121 707 208 735 Homo
230 717 283 735 non
308 706 406 745 poterit
429 706 525 744 dignas
548 716 638 744 poenas
660 715 780 739 sumere;
804 715 864 733 narn

120 761 198 779 omne
212 750 377 789 supplicium
397 757 503 789 superat
522 749 690 788 improbitas.
706 757 738 778 V.
756 754 822 778 397.
838 760 862 777 e.

120 794 294 834 Supplicium
308 793 432 829 debetur,
451 803 502 821 non
518 793 606 821 solum
621 793 644 821 ei
659 793 705 831 qui
721 793 788 821 mala
800 804 865 832 per-

120 845 225 878 petrat,
241 838 287 866 sed
301 838 380 866 etiam
396 838 419 866 ci
435 838 481 875 qui
499 837 569 866 bona
584 847 636 865 non
653 844 789 876 operatur.
807 844 863 866 VII.

122 887 186 911 851.
215 893 242 911 n.
266 882 332 922 Ejus
351 889 437 910 metus
457 883 584 921 majorem
602 882 657 910 vim
677 882 768 917 habet,
785 892 865 919 quam

123 926 254 955 mercedis
274 927 428 965 promissio.
460 934 504 955 XI.
533 931 597 955 601.
626 936 653 954 ε.
680 925 751 954 Illud
775 936 865 954 secum

125 972 176 999 fert
194 971 324 1008 nequitia.
351 978 396 998 VI.
418 975 464 999 46.

163 1014 304 1052 Supplicia
315 1020 339 1042 et
348 1014 420 1052 leges
435 1014 590 1052 reipublicae
602 1014 759 1042 necessaria.
775 1018 862 1042 1.112.

124 1070 148 1087 Β.
167 1069 192 1087 c.
210 1058 410 1096 Variajudices
424 1058 532 1094 habent,
548 1065 576 1086 ut
587 1057 693 1095 lignum
706 1079 713 1091 ,
729 1057 797 1092 lora,
813 1068 865 1086 un-

124 1113 199 1142 gues,
218 1102 368 1141 plumbata.
386 1110 407 1131 I.
425 1107 488 1131 698.
504 1113 533 1130 n.

162 1147 215 1175 Sus
230 1157 282 1175 non
296 1153 390 1175 natura
404 1157 451 1174 sua
467 1146 633 1179 immundus,
653 1146 731 1183 quasi
747 1145 868 1174 immun-

123 1190 174 1220 dus
198 1191 375 1230 prohibetur,
401 1197 430 1218 ut
454 1191 540 1229 major
559 1190 645 1219 carnis
663 1190 789 1230 voluptas
812 1201 868 1219 am-

124 1241 243 1274 putetur.
263 1242 309 1263 XI.
328 1239 393 1262 810.
410 1245 435 1263 Β.

163 1280 236 1308 Sus*
253 1278 370 1308 Persidis
383 1279 548 1317 metropolis.
567 1285 591 1308 I.
607 1283 672 1307 784.
688 1289 714 1306 r.

165 1324 298 1352 Snus-n
314 1333 383 1351 uxor
397 1323 478 1351 bona.
497 1330 542 1352 VI.
563 1327 625 1351 144.
642 1333 667 1352 B.

164 1369 348 1397 sumemus
369 1367 450 1395 etiam
472 1367 544 1397 salsa}
574 1366 707 1406 episcopis
728 1376 780 1395 non
803 1376 868 1395 con-

128 1412 287 1442 temnendae.
304 1419 326 1441 I.
344 1416 408 1440 524.
426 1422 453 1442 E.

165 1457 342 1486 SrBARi'rch
359 1466 458 1484 mensa.
474 1463 496 1486 Ι.
514 1460 577 1484 539.
592 1468 618 1486 A.
634 1461 698 1484 950.
718 1467 743 1484 B.
761 1459 826 1484 963.
842 1466 865 1485 Β,

126 1508 160 1530 X.
183 1505 248 1529 679.
267 1500 339 1527 Vide
361 1506 460 1528 notam
480 1500 509 1528 b.
537 1500 698 1539 Sybariticae
711 1510 817 1528 mensae.
836 1506 868 1527 11.

127 1549 192 1574 501.
207 1554 236 1572 D.
256 1550 287 1572 V.
300 1547 366 1573 316.
387 1554 415 1571 Ε.

163 1588 365 1617 SrcornfflriA
388 1587 520 1625 patienter
543 1597 591 1626 pro
617 1587 724 1616 Christo
746 1585 867 1616 ferenda.

126 1639 172 1661 XI.
190 1636 258 1660 777.
277 1642 304 1658 A.

165 1676 287 1703 Erzrrol
299 1675 387 1702 etiam
402 1675 512 1711 fratres
532 1675 678 1704 dicuntur.
696 1682 741 1704 VI.
757 1680 820 1704 871.
842 1685 867 1704 Β.

165 1720 325 1748 Srmnonmi
342 1719 470 1746 Jicoenae
491 1720 594 1755 synodi
611 1721 783 1759 profitetur,
798 1728 869 1757 pro-

123 1763 228 1801 phetas
242 1762 366 1798 Spiritus
387 1766 481 1791 sancti
497 1763 605 1802 afflatu
622 1765 733 1793 locutos
747 1774 818 1793 esse.
834 1770 866 1791 v.

127 1811 190 1835 850.
211 1817 238 1835 D.
262 1806 392 1845 Symbola
406 1807 589 1846 superstitiosa
609 1807 682 1848 apud
700 1807 867 1837 Christianos

127 1850 307 1879 Antiochenos
321 1850 347 1878 in
357 1860 420 1878 usu.
438 1858 473 1882 x.
491 1855 538 1879 36.
555 1863 580 1879 n.

166 1895 332 1924 SI'MEONEM
347 1894 374 1922 in
385 1894 491 1923 vincula
507 1896 615 1934 conjicit
625 1895 759 1935 ,Iosephus
774 1895 865 1924 frater.

127 1945 173 1967 IV.
190 1943 254 1966 708.
270 1947 296 1964 Ε.

165 1982 284 2010 Srm-:ON
296 1986 322 2008 et
333 1980 418 2009 Maris
426 1981 578 2020 presbyteri
591 1989 616 2010 et
629 1982 752 2011 monachi
765 1982 792 2010 in
804 1992 868 2020 agro

127 2026 281 2066 Apamensi.
300 2033 346 2054 111.
360 2030 425 2054 750.
443 2038 470 2056 A.
488 2027 525 2056 Iis
538 2027 631 2055 scribit
647 2028 865 2067 Chrysostomus.

165 2067 282 2096 Srmzox
295 2066 439 2103 propheta
453 2073 526 2097 erat.
546 2074 579 2095 II.
594 2073 658 2096 977.
672 2078 700 2098 D.

165 2111 328 2139 SYMMACHO
344 2110 501 2149 presbytero
525 2111 620 2140 scribit
645 2112 864 2150 Chrysostomus.

126 2160 172 2183 III.
186 2159 252 2183 743.
267 2166 292 2183 B.

167 2199 319 2227 SmuAcm
341 2205 369 2227 et
387 2199 509 2236 Aquizae
537 2199 563 2227 in
579 2200 664 2228 Psal.
690 2206 745 2228 CIV
770 2200 865 2227 lectio.

126 2246 192 2270 816.
202 2252 228 2270 c.
242 2242 426 2278 Symmachi,
438 2244 558 2282 Aquila.²
571 2250 598 2272 et
617 2245 826 2272 leeodotionis
841 2244 867 2271 iu

127 2286 209 2314 Psal.
228 2292 333 2314 cxvui
350 2286 444 2314 lectio.
458 2294 489 2315 v.
506 2292 570 2316 859.
590 2298 615 2316 E.
633 2293 698 2316 860.
714 2298 740 2315 E.
757 2292 822 2317 892.
838 2299 864 2316 E.

125 2331 298 2367 Symmachi
324 2338 351 2360 et
380 2333 584 2362 Theodotionis
613 2334 698 2362 lectio
723 2335 754 2362 in
782 2335 864 2363 Psal.

128 2381 245 2403 XCVIII.
256 2382 289 2405 V.
305 2380 368 2404 880.
380 2386 406 2403 ε.
419 2376 586 2414 Symmachi
599 2379 631 2404 in
644 2377 728 2406 Psal.
740 2385 759 2406 L
769 2378 864 2406 lectio.

128 2426 159 2447 V.
180 2423 245 2447 719.
263 2429 287 2448 Β.
306 2420 433 2458 ejusdem
445 2423 475 2447 in
488 2421 571 2448 Psal.
582 2428 623 2450 LI.
639 2428 670 2450 V.
684 2425 748 2450 730.
762 2426 864 2451 n.732.

128 2473 154 2489 E.
177 2466 242 2490 733.
260 2473 288 2490 n.
312 2464 344 2490 in
358 2464 442 2493 Psal.
464 2471 494 2492 CI
522 2464 667 2493 lectiones.
695 2471 728 2493 V.
756 2470 820 2494 793.
839 2478 864 2494 A.

128 2517 151 2533 B.
167 2510 232 2534 794.
251 2509 447 2537 c 799.z.1n
459 2507 540 2535 Psal.
557 2514 611 2536 cu.
628 2514 660 2538 V.
679 2513 742 2538 800.
762 2519 788 2537 E.
803 2514 866 2538 804.

130 2560 156 2579 c.
175 2551 212 2577 In
224 2550 305 2578 Psal.
320 2557 386 2579 CIII.
406 2557 438 2579 V.
455 2556 518 2579 807.
538 2562 563 2580 c.
581 2562 607 2579 n.
632 2556 695 2581 810.
711 2563 737 2580 E.
754 2557 819 2581 811.
839 2564 866 2581 D.

132 2597 194 2621 812.
210 2605 236 2622 c.
252 2598 315 2622 813.
335 2603 357 2622 u.
375 2596 410 2622 In
425 2602 478 2623 CIV
494 2596 578 2623 Psal.
593 2602 624 2623 v.
643 2600 707 2625 818.
727 2607 753 2627 c.
767 2601 830 2625 822.
842 2608 865 2625 c.

1593 186 1655 233 391

916 265 954 292 In
968 270 1009 292 CV
1025 264 1110 293 Psal.
1129 269 1161 291 V.
1176 267 1241 291 833.
1260 273 1285 291 n.
1305 264 1348 290 In
1362 269 1417 292 CVI
1434 263 1519 294 Psal.
1544 271 1575 294 V.
1599 269 1662 293 838.

916 318 943 336 Ε.
957 312 1022 337 844.
1042 318 1071 335 n.
1088 318 1114 335 E.
1128 309 1165 335 In
1179 307 1263 336 Psal.
1278 314 1358 336 CVII.
1374 311 1480 337 v.848.
1491 318 1517 336 e.
1531 310 1568 336 ln
1577 309 1661 337 Psal.

919 358 1036 380 cxviu.
1055 358 1087 379 v.
1100 356 1165 379 871.
1179 362 1207 380 ε.
1224 355 1287 379 874.
1304 361 1330 380 c.
1346 352 1383 379 In
1401 358 1505 380 XCVIII
1521 352 1605 380 Psal.
1629 359 1660 380 v.

918 400 982 423 881.
998 406 1023 424 c.
1046 397 1082 423 In
1098 401 1231 424 LXXXIX
1246 395 1330 423 Psal.
1349 401 1382 422 v.
1400 399 1464 425 904.
1482 406 1508 426 Β.
1529 395 1663 434 Symma-

916 442 963 470 chi
975 448 1001 469 et
1014 441 1081 481 Syr-12
1097 441 1180 469 lectio
1197 443 1228 468 in
1241 447 1349 469 CXVIII
1367 441 1453 470 Psal.
1469 448 1501 470 v.
1517 446 1581 472 866.
1596 453 1622 472 c.

957 485 1109 514 SYNAGOGA
1123 486 1138 514 J
1143 484 1281 512 udzeorum
1302 483 1483 513 diversorium
1497 485 1663 514 daemonum.

919 536 939 557 I.
957 533 1022 557 720.
1041 539 1068 556 E.
1091 533 1156 558 726.
1182 538 1210 556 D.
1233 528 1275 555 Ibi
1299 529 1372 555 Deus
1393 527 1609 567 blasphematur.
1644 537 1662 557 I.

917 577 983 602 727.
1002 582 1027 601 r..
1046 573 1118 600 Inter
1133 581 1298 611 synagogam
1314 571 1470 600 Judaeorum
1481 579 1506 600 et
1529 572 1662 601 theatrum

917 618 1062 647 discrimen
1088 618 1208 646 nullum.
1228 624 1250 647 1.
1268 622 1332 646 520.
1350 628 1376 646 c.
1404 618 1451 646 Est
1472 619 1600 657 spelunca
1620 620 1665 648 la·-

917 669 1024 690 trouum
1047 669 1072 690 et
1099 661 1293 700 prostibulum.
1318 662 1364 689 [11.
1392 661 1497 696 Quovis
1514 662 1663 691 diversorio

918 706 1084 735 inhonestior
1108 712 1156 734 est.
1174 713 1194 734 I.
1210 709 1274 734 722.
1286 716 1312 734 C.
1335 706 1395 734 Non
1416 704 1550 734 latronum
1567 717 1665 746 caupo-

919 760 1037 788 numque
1053 750 1222 789 simplicher,
1233 749 1279 778 sed
1295 749 1446 778 daemonum
1461 757 1500 778 est
1517 750 1662 780 habitatio.

920 795 965 823 lb.
981 795 1123 832 Synogaga
1140 803 1192 821 non
1207 793 1281 822 locus
1301 800 1339 821 est
1352 793 1532 828 venerabilis,
1553 794 1600 822 sed
1615 806 1665 834 po-

919 837 972 866 tius
997 838 1205 866 contemnendus
1227 845 1252 866 et
1272 836 1479 866 abominandus.
1505 845 1526 866 1.
1554 843 1618 867 724.
1633 850 1662 868 A.

919 882 1069 920 Synagogae
1083 881 1239 911 Judaeorum
1261 888 1287 910 et
1306 881 1402 910 animm
1422 892 1515 911 eorum
1536 893 1551 910 a
1563 883 1666 911 daemo-

919 926 999 953 nibus
1013 925 1182 954 habitantur.
1199 933 1219 954 1.
1235 930 1300 954 738.
1316 936 1340 953 Β.
1357 925 1504 965 Synagoga
1519 927 1567 955 etsi
1584 938 1664 956 voce-

920 975 964 997 tur
991 968 1122 1007 lupanar⁷
1150 968 1367 1006 transgressionis
1390 969 1484 1006 locus,
1508 970 1664 1000 doemonum

919 1011 1100 1041 diversorium
1113 1019 1137 1041 et
1151 1013 1400 1052 propugnaculum,
1418 1014 1507 1043 minus
1521 1025 1602 1053 quam
1617 1026 1666 1054 pro

919 1056 1050 1096 dignitate
1073 1057 1188 1086 dicetur.
1208 1065 1226 1086 I.
1245 1063 1308 1086 808.
1321 1069 1348 1087 A.
1364 1068 1388 1087 B.
1405 1058 1472 1087 Eam
1484 1070 1567 1098 prava
1588 1066 1666 1098 pote-

920 1108 972 1129 stas
986 1101 1126 1130 inhabitat.
1143 1109 1162 1130 I.
1178 1106 1242 1130 841.
1263 1102 1414 1140 Synagogae
1428 1103 1495 1131 nihil
1517 1104 1665 1132 sanctitatis

920 1145 1036 1173 afferunt
1050 1145 1114 1173 libri
1125 1145 1219 1173 sancti.
1236 1152 1256 1173 1.
1274 1150 1339 1175 724.
1357 1157 1384 1174 A.
1405 1151 1469 1175 806.
1489 1157 1515 1175 c.
1533 1148 1591 1175 Imo
1604 1147 1663 1176 ideo

919 1190 1003 1228 magis
1015 1189 1078 1217 odio
1089 1188 1221 1217 habenda.
1240 1190 1317 1217 Ibid.
1346 1193 1371 1218 A
1396 1201 1535 1230 synagoga
1551 1191 1661 1221 Judaeo-

921 1246 981 1263 rum
1006 1235 1171 1264 Christianos
1191 1242 1262 1263 arcet
1275 1235 1495 1274 Chrysostomus.
1516 1244 1536 1266 I.
1551 1242 1616 1268 764.
1634 1249 1660 1266 Β.

922 1281 1088 1318 Asynagoga
1102 1278 1269 1317 gravissimis
1285 1280 1369 1318 poenis
1383 1280 1542 1309 arcebantur
1554 1288 1662 1320 gentes:
1688 1310 1692 1314 ,

922 1323 949 1351 in
972 1323 1092 1352 Ecclesia
1106 1333 1170 1351 vero
1192 1333 1283 1351 omues
1295 1331 1486 1352 convocantur.
1505 1332 1550 1353 VI.
1565 1330 1612 1356 25.
1635 1338 1661 1355 A.

961 1369 1139 1402 ErstOIofl,
1155 1368 1322 1396 commixtio.
1338 1375 1384 1396 111.
1407 1373 1471 1397 895.
1492 1380 1520 1397 A.

961 1413 1108 1447 ΣΥΝΑΞΕΙΣ,
1120 1411 1177 1440 sive
1191 1411 1317 1445 collectae.
1331 1411 1358 1440 in
1367 1412 1486 1440 ecclesia.
1500 1419 1546 1441 IX.
1561 1417 1624 1442 251.
1635 1426 1660 1444 c.

959 1455 1092 1494 Synaxim
1105 1455 1276 1494 negligebant
1293 1455 1519 1485 Antiochenorum
1534 1457 1613 1486 multi
1637 1466 1665 1487 ut

919 1498 954 1528 ad
968 1499 1097 1527 circenses
1108 1499 1186 1528 ludos
1200 1506 1349 1538 pergerent.
1368 1507 1388 1528 I.
1405 1505 1469 1529 613,
1484 1512 1507 1529 13.
1521 1512 1579 1530 αι).
1595 1502 1665 1541 Syn-

921 1543 979 1572 axis
1003 1544 1031 1571 in
1055 1543 1176 1572 ecclesia.
1201 1550 1220 1572 Ι.
1246 1548 1311 1572 738.
1333 1554 1359 1572 A.
1381 1544 1502 1583 Synaxis
1513 1545 1592 1574 etiam
1607 1553 1667 1584 post

921 1586 1066 1626 prandium
1088 1586 1243 1615 Antiochiae
1263 1587 1297 1615 ad
1319 1587 1474 1616 concionem
1493 1588 1665 1618 audiendam.

923 1638 954 1660 11.
971 1636 1035 1660 115.
1056 1642 1086 1659 E.

961 1675 1118 1703 Era-Apmffl
1135 1674 1263 1709 οὒσιώδης
1284 1675 1330 1703 καὶ
1352 1674 1421 1712 μίξις
1441 1676 1578 1712 Θεσπεσία,
1600 1687 1668 1706 con-

921 1729 1021 1748 cursus
1039 1719 1256 1754 substantialis,
1279 1725 1306 1748 et
1319 1721 1422 1747 miz-tio
1450 1730 1536 1749 sacra
1559 1721 1666 1750 divini-

923 1765 991 1792 tatis
1018 1769 1046 1790 et
1070 1764 1185 1798 carnis,
1210 1773 1284 1791 error
1311 1763 1591 1802 Apollinaristarum..
1616 1773 1662 1795 III.

924 1811 988 1835 895.
1002 1817 1028 1834 A.

961 1852 1133 1880 SI'NGRAI‘HA
1146 1861 1245 1879 avarus
1260 1861 1364 1890 semper
1379 1852 1535 1881 meditatur.
1552 1860 1582 1881 V.
1599 1858 1663 1883 112.

921 1905 946 1924 c.
966 1899 1026 1923 104.
1041 1905 1067 1923 c.
1084 1894 1245 1934 Syngrapha
1267 1895 1432 1924 debitorum.
1446 1903 1477 1925 v.
1496 1902 1560 1926 341.
1575 1909 1600 1925 c.

962 1940 1070 1968 Sinoni
1093 1938 1229 1968 decretum
1259 1941 1436 1969 necessarium
1461 1941 1496 1969 ad
1529 1941 1663 1971 sedandos

922 1983 1230 2022 Constantinopolitanos
1246 1984 1390 2012 tumultus.
1407 1992 1451 2013 III.
1469 1989 1532 2014 625.
1557 1996 1581 2015 Β.

961 2027 1137 2056 Srimsmsrffi
1163 2028 1359 2067 apollinaristae
1375 2035 1460 2057 erant.
1482 2037 1526 2057 111.
1548 2034 1613 2058 896.
1639 2041 1662 2058 ιι.

962 2072 1098 2100 Smomm
1113 2081 1176 2108 gens
1188 2078 1213 2099 et
1226 2072 1329 2110 lingua.
1344 2080 1363 2100 I.
1378 2077 1442 2101 559.
1453 2084 1477 2102 c.
1490 2079 1549 2103 VII.
1563 2078 1625 2102 121.
1637 2085 1663 2102 A.

923 2115 1035 2143 Illorum
1050 2113 1142 2152 lingua
1157 2115 1213 2143 caeli
1225 2126 1322 2144 nomen
1335 2116 1435 2154 plurali
1449 2117 1557 2145 nomine
1566 2128 1664 2146 vocan-

923 2164 976 2186 tur.
993 2164 1038 2186 IV.
1053 2162 1097 2186 33.
1111 2168 1137 2185 e.
1162 2159 1241 2187 Nunc
1257 2160 1412 2188 Christiana
1426 2160 1661 2200 philosophantur.

924 2209 995 2230 VIII.
1014 2207 1058 2229 11.
1071 2212 1095 2229 Β.

962 2245 1026 2283 Syri
1042 2245 1172 2284 episcopi,
1187 2245 1233 2284 qui
1250 2256 1311 2274 cum
1335 2246 1488 2286 Theophilo
1511 2249 1663 2278 Constanti-

922 2289 1042 2329 nopolim
1065 2297 1207 2325 venerunt,
1232 2290 1341 2319 libellos
1360 2292 1562 2321 accusationum
1573 2293 1663 2333 Chry-

923 2341 1037 2362 sostomo
1052 2333 1115 2361 dare
1128 2341 1317 2365 recusant.111.
1332 2340 1396 2364 618.
1412 2346 1440 2365 n.

962 2378 1028 2407 Sim
1038 2377 1125 2406 lectio.
1140 2384 1172 2408 V.
1188 2382 1252 2407 248.
1272 2390 1296 2405 A.
1314 2378 1378 2418 Syri
1401 2387 1425 2408 et
1446 2379 1553 2409 Hebraei
1574 2382 1661 2410 lectio.

926 2429 969 2450 Vl.
984 2427 1029 2451 99.
1044 2434 1071 2450 Δ.

961 2467 1047 2495 Sum
1059 2465 1093 2493 de
1107 2465 1212 2504 Spiritu
1225 2473 1315 2495 sancto
1326 2468 1438 2506 accepit.
1457 2475 1489 2496 V.
1508 2473 1570 2497 195.
1588 2479 1614 2497 Ε.
1631 2481 1660 2498 A.

961 2511 1184 2539 Smopnowssi
1197 2520 1230 2538 ex
1246 2510 1403 2540 assiduitate
1425 2512 1551 2541 exaudita
1566 2520 1612 2541 est.
1627 2520 1658 2543 V.

922 2558 967 2582 65.
984 2566 1008 2581 A.
1023 2553 1093 2590 Quia
1106 2553 1277 2583 vehementer
1298 2555 1375 2593 petiit
1391 2578 1399 2589 ,
1416 2556 1580 2594 impetravit.
1601 2564 1658 2587 VII.

924 2603 987 2626 1320.
1008 2609 1033 2625 n.
1052 2609 1076 2626 (ς.
