1910 2922
232 181 249 190 ,-

232 192 275 214 32
839 186 994 210 turmntt

229 260 282 282 les.
308 252 424 281 Adesto
438 253 527 290 igitur·
540 272 547 282 .
567 257 659 278 terum
681 249 827 277 adducens
845 248 968 286 Sarapi-

227 310 310 327 onem
334 305 360 326 et
379 299 504 336 Tigrium
525 297 624 335 presby
637 303 710 324 ceros
726 306 733 322 .·
750 296 785 322 iis
799 296 876 322 enim
901 302 970 331 opus
990 294 1007 316 F

226 352 281 374 est.
298 344 381 372 Erant
395 350 484 371 autem
496 343 540 380 qui
553 341 586 370 ad
599 352 659 370 eum
673 346 811 376 venerant,
824 340 970 367 Dioscorus

226 398 253 420 et
270 390 386 425 Paulus,
400 389 448 427 qui
460 400 545 427 nuper
565 389 591 416 in
608 387 695 426 Libya
715 385 831 414 ordinati
847 386 950 413 fuerant
962 406 969 418 ‚

228 439 347 477 juvenes.
364 437 451 466 Lectis
467 436 610 470 chartulis,
633 434 678 472 qui
694 444 755 462 cum
777 433 853 462 beato
868 434 970 462 Joanne

229 491 303 513 erant
322 483 448 522 episcopi,
464 481 657 515 contradicunt,
669 479 855 508 denuntiantes
874 479 969 507 Theo·
983 503 1007 522 29

227 529 302 568 philo
325 540 371 568 per
405 535 456 555 tres
486 527 624 565 episcopos
638 549 644 561 ‚
670 525 833 564 Lupicinum
847 548 854 559 ,
876 526 970 553 Deme·
990 531 1008 552 Α

229 575 309 603 trium
324 581 349 602 et
363 573 521 612 Efflysium,
533 579 557 600 et
571 572 741 611 presbyteros
752 570 837 607 duos,
855 572 970 600 Germa—

228 631 292 648 num
303 627 381 657 atque
395 620 524 647 Severum
536 641 543 654 ,
553 629 644 647 omnes
656 617 766 656 quidem
783 618 854 646 viros
869 624 972 646 sanctos

227 672 252 693 ct
270 665 323 693 lide
337 665 434 703 dignos
447 676 452 691 :
464 664 523 692 Noti
541 675 581 692 res
598 664 722 692 Ecclesia:
738 663 910 699 subvertere,
924 674 971 692 nec

228 710 377 739 Ecclesiam
399 710 491 738 scinde
507 717 617 749 propter
635 721 715 747 quam
731 711 803 738 Deus
819 709 844 737 in
867 720 972 738 carnem

227 755 373 784 descendit.
392 756 421 785 Si
438 762 528 784 autem
544 755 697 784 inordinate
719 755 841 783 Nicaenos
859 766 973 784 canones

227 802 362 831 subvertis
377 809 554 830 trecentorum
567 801 658 830 decem
672 808 697 830 et
708 808 767 830 octo
777 801 973 840 episcoporum,

227 857 253 878 et
271 857 346 879 extra
358 850 457 878 limites
473 850 545 878 litem
557 849 663 888 judicas
679 861 684 876 :
705 856 733 877 tu
746 849 858 878 transito
874 849 907 877 ad
926 860 973 878 nos

229 897 256 925 in
272 897 366 925 urbem
383 896 491 936 optimis
507 896 614 934 legibus
628 895 783 931 fundatam,
802 906 854 924 non
871 906 974 934 provo-

229 954 291 971 cans
316 954 388 971 more
411 942 486 971 Caini
513 942 662 970 Abelemin
684 952 827 980 campum,
844 948 873 969 ut
892 948 974 969 noste

230 990 306 1028 prius
321 988 473 1017 audiamus.
489 988 624 1016 Habemus
636 988 706 1016 enim
720 987 847 1016 adversus
860 995 884 1015 te
900 987 976 1015 libel-

230 1035 271 1064 los
285 1034 451 1074 septuaginta
464 1034 599 1073 capitum
616 1033 751 1061 manifesta
768 1033 872 1072 piacula
889 1033 973 1061 conti-

230 1088 339 1110 nentes·
355 1087 379 1109 et
393 1080 485 1119 plures
502 1090 594 1108 sumus
608 1090 688 1117 quam
701 1086 746 1107 tua
760 1078 885 1108 Svnodus
895 1102 901 1114 ,
924 1080 974 1107 Del

231 1128 314 1166 gratia
329 1127 480 1164 congiegati
497 1136 548 1154 non
560 1125 593 1153 ad
605 1126 768 1154 mersionem
780 1110 938 1161 licetosiae,
930 1125 975 1153 ed

231 1175 256 1202 in
274 1184 347 1213 pace.
370 1173 414 1200 Tu
431 1172 502 1200 enim
523 1171 672 1200 tricesimus
693 1178 784 1200 sextus
798 1182 825 1200 es
843 1182 876 1200 ex
898 1172 973 1200 unica

230 1219 394 1259 provincia;
422 1229 469 1247 nos
494 1229 556 1247 vero
580 1229 672 1246 sumus
694 1217 873 1256 quadraginta
895 1228 909 1246 e
928 1217 974 1246 di-

231 1265 317 1294 versis
343 1264 487 1303 provinciis
499 1286 506 1299 ,
532 1264 600 1291 inter
626 1274 692 1301 quos
714 1274 806 1292 sumus
827 1264 908 1292 etiam
933 1274 974 1291 se-

230 1317 303 1349 ptem
320 1309 499 1349 Metropolitae
515 1317 559 1337 :et
581 1316 787 1337 consentaneum
813 1316 850 1337 est
873 1316 901 1337 ut
919 1310 974 1337 mi—

232 1367 280 1384 nor
296 1366 423 1384 numerus
446 1366 461 1383 a
484 1355 580 1393 majori
602 1362 680 1393 atque
704 1355 802 1394 potiori
826 1355 975 1384 secundum

232 1412 346 1430 canones
364 1401 512 1440 judicetur.
539 1400 675 1428 Habemus
694 1400 766 1428 enim
789 1407 813 1428 et
835 1401 976 1440 epistolam

232 1455 324 1481 tuam,
365 1458 411 1486 per
428 1457 509 1486 quam
529 1457 619 1475 mones
641 1447 827 1485 coepiscopum
853 1454 975 1475 nostrum

231 1494 362 1521 „Ioannem
377 1491 573 1519 accusationem
592 1498 667 1519 extra
691 1491 788 1519 limites
810 1501 860 1518 non
878 1491 975 1520 debere

233 1538 385 1567 admittere.
400 1537 478 1565 Unde
494 1537 599 1575 legibus
613 1537 798 1565 ecclesiasticis
812 1548 917 1576 pareus,
932 1549 972 1566 aer

237 1591 371 1612 cusatoies
383 1590 442 1612 tuos
458 1594 503 1611 ora
515 1606 522 1619 ,
535 1591 564 1611 ut
578 1584 612 1611 ab
627 1583 777 1612 accusando
792 1590 815 1612 te
828 1583 956 1612 desistant
969 1607 975 1619 ‚

233 1637 279 1658 aut
296 1630 330 1658 ab
346 1640 452 1658 accessu
473 1637 499 1657 et
521 1629 642 1668 perfugio
655 1629 689 1657 ad
705 1631 845 1659 Joannem.
863 1630 907 1658 Ad
920 1631 975 1658 haec

232 1683 369 1714 permotus
384 1675 648 1714 Joanncs,episcopis
661 1675 771 1714 quidem
786 1687 895 1704 suarum
913 1687 976 1715 par-

234 1723 301 1751 tium
317 1722 386 1751 dixit
402 1735 408 1750 :
424 1723 491 1758 Vos,
504 1721 577 1760 quod
588 1722 664 1750 vobis
676 1722 799 1758 videtur,
812 1723 974 1761 significate:

234 1776 358 1797 caeterum
377 1779 419 1796 me
430 1775 534 1806 oportet
549 1767 582 1795 ad
597 1778 626 1796 ea
642 1778 700 1806 quae
723 1768 791 1796 mihi
811 1768 898 1797 delata
913 1776 974 1797 suut

234 1814 386 1843 rescribere.
399 1813 544 1852 Theophili
556 1821 643 1841 autem
653 1814 770 1853 partium
776 1814 908 1853 episcopis
918 1814 975 1843 haec

235 1858 372 1897 rescripsit
385 1870 390 1885 :
403 1857 461 1896 Ego
475 1869 508 1886 an
524 1857 583 1896 quis
598 1865 689 1886 contra
706 1868 747 1886 me
759 1857 906 1886 dicendum
920 1859 974 1887 ati-

235 1903 300 1943 quid
316 1904 411 1932 habeat
424 1926 432 1940 ,
447 1903 574 1931 hacteuus
598 1903 707 1932 omnino
731 1904 836 1932 nescius
858 1915 917 1932 sum
933 1915 939 1932 :
953 1905 974 1933 si

235 1951 295 1988 quis
305 1961 368 1979 vero
381 1949 509 1978 adversus
519 1960 561 1977 me
571 1949 678 1985 dixerit,
689 1956 714 1977 et
724 1949 815 1978 adesse
825 1960 867 1979 mc
881 1950 974 1985 vultis,

236 1997 388 2025 manifestos
404 1995 526 2024 inimicos
540 2005 628 2031 meos,
641 1995 685 2033 qui
703 2005 736 2023 ex
750 2006 797 2023 sua
813 1995 973 2034 negligentia

235 2054 298 2082 erga
320 2054 361 2071 me
376 2043 446 2071 male
459 2041 570 2070 animati
584 2048 649 2070 sunt
662 2065 669 2078 ‚
681 2052 714 2070 ex
729 2049 860 2070 conventu
888 2049 975 2071 vestro

234 2089 330 2128 ejicite.
343 2090 435 2126 Neque
449 2088 483 2116 de
500 2088 557 2116 loco
575 2087 718 2123 contendo,
735 2087 760 2116 in
776 2098 829 2126 quo
841 2088 976 2127 judicium

236 2135 326 2163 subire
338 2145 379 2162 me
393 2141 506 2173 oportet,
518 2129 604 2162 etsi'id
620 2134 738 2162 maxime
753 2134 779 2162 in
796 2135 904 2163 civitate
917 2135 976 2163 fieri

235 2181 364 2220 oportuit.
381 2182 449 2209 Sunt
466 2187 554 2208 autem
571 2191 637 2218 quos
661 2180 753 2217 rejicio
765 2203 771 2215 ‚
784 2180 954 2220 Theophilus
967 2205 974 2217 ,

236 2237 315 2264 quem
333 2226 439 2255 revinco
451 2225 552 2253 dixisse
563 2233 588 2254 et
603 2226 769 2255 Alexandriae
784 2234 808 2255 et
823 2227 848 2255 in
866 2228 948 2267 Lycia
966 2239 972 2256 :

236 2271 265 2298 In
279 2269 436 2299 comitatum
452 2270 623 2309 proficiscor,
640 2277 668 2299 ut
684 2272 811 2300 Joannem
831 2270 972 2311 deponam.

236 2315 268 2344 Id
284 2322 373 2344 autem
390 2326 484 2344 verum
499 2322 537 2343 est
554 2326 587 2343 ex
603 2326 632 2343 co
647 2316 719 2354 quod
734 2324 875 2356 postquam
889 2328 977 2346 acces·
996 2322 1014 2345 E

236 2362 281 2397 sit,
294 2372 378 2400 neque
396 2372 438 2390 me
449 2361 603 2399 alloquutus
618 2369 672 2399 est,
688 2373 772 2400 neque
783 2374 886 2392 mecum
901 2375 977 2393 com-

239 2408 402 2436 municavit.
424 2407 478 2443 Qui
494 2407 578 2446 igitur
593 2414 654 2436 aute
667 2408 830 2437 auditionem
846 2409 980 2439 hostiliter

238 2463 266 2481 se
281 2452 371 2491 gessit,
383 2451 447 2490 quid
457 2459 517 2491 post
530 2451 666 2491 judicium
681 2453 800 2482 facturus
815 2454 877 2482 est?
893 2454 979 2483 Simi-

270 2561 280 2571 a
300 2552 420 2585 [Corrig.
433 2555 443 2577 ὃ
457 2551 535 2582 δοκεῖ]

271 2592 284 2611 b
301 2592 310 2623 [
325 2595 377 2621 ἦλθε
387 2590 479 2615 addere
490 2590 624 2623 Georgium
647 2595 718 2614 notat
738 2591 817 2623 Bigot.
834 2590 864 2614 td
882 2599 939 2616 vero
953 2591 996 2616 ssa-

1023 186 1076 207 Du
1084 186 1186 207 Locus

1026 247 1117 281 δήλους
1140 247 1341 287 ἀθεμιτουργίας
1369 247 1494 286 ἔχοντας,
1523 248 1692 284 καὶ”πλειόυς
1712 251 1791 289 ἐσμὲν

1025 295 1072 327 τῆς
1097 294 1145 327 σῆς
1168 293 1293 329 συνόδου,
1320 294 1389 322 Θεοῦ
1409 293 1500 332 χάριτι
1529 296 1716 334 συναχθέντες,
1746 299 1792 326 οὐκ

1025 338 1068 366 ἐπὶ
1081 340 1113 374 τῇ
1137 338 1279 368 καταλύσει
1302 341 1348 374 τῆς
1369 339 1548 397 ’llxxkqoioter‚
1567 341 1624 369 ἀλλ’
1644 343 1670 370 ἐν
1692 342 1791 380 εἰρήνῃ.

1026 383 1063 412 Συ
1080 383 1111 421 pk
1102 396 1125 411 ν
1145 383 1195 422 γὰρ
1215 380 1238 413 εἷ
1251 396 1405 423 τριακοστος
1427 384 1501 417 ἕκτος
1515 385 1540 418 ἐξ
1562 387 1690 425 ἐπαργίας
1710 392 1791 424 μιᾶς·

1025 431 1088 466 ἡνιεῖ
1081 442 1100 462 ς
1113 429 1141 457 δέ
1155 431 1232 467 ἐσμεν
1246 430 1440 469 τεσσαράκοντα
1455 432 1484 459 ἐκ
1499 432 1626 471 διαφόρων
1639 435 1772 472 ἐπαργιυν
1783 455 1789 466 ,

1026 476 1052 503 ἐν
1063 470 1118 508 οῗς’
1108 486 1186 512 εσμεν
1196 487 1239 504 και
1251 476 1316 504 ἑπτὰ
1327 477 1528 516 μητροπολῖται,
1536 489 1581 505 και
1592 478 1748 506 ἀκόλουθόν’
1737 491 1792 507 εστι

1026 520 1069 549 τὸν
1093 521 1221 549 ἐλάσσονα
1243 521 1315 560 παρὰ
1337 533 1387 550 των
1411 522 1536 550 πλειόνων
1558 535 1603 551 και
1618 524 1791 562 διαφερόντων

1027 566 1094 595 κατὰ
1112 566 1170 599 τοὺς
1192 566 1302 599 κανόνας
1323 569 1453 605 κριθῆναι.
1480 567 1597 607 ’Έχομεν
1614 568 1664 607 γάρ
1686 581 1731 597 σου
1747 569 1792 598 καὶ

1026 611 1074 645 τὴν
1093 611 1249 647 ἐπιστολὴν,
1271 613 1303 641 δι’
1326 608 1356 646 ἧς
1375 618 1525 652 παρεγγυᾷς
1542 616 1580 652 τῷ
1601 615 1792 653 συλλειτουργῷ

1027 658 1102 694 ἡμῶν
1121 657 1230 696 Ἰωάννῃ
1244 657 1273 685 τὸ
1289 657 1325 695 μὴ
1343 659 1394 686 δεῖν
1414 659 1556 697 ὑπερορίας
1572 659 1737 698 εἰσδέχεσθαι
1752 660 1794 688 δί-

1028 715 1084 735 κας.
1099 702 1180 731 υΟΟεν
1196 702 1348 740 πειθόμενος
1368 707 1421 736 τοῖς
1441 705 1670 739 ἐκκλησιαστικοῖς
1686 705 1775 743 νόμοις
1785 722 1802 740 ‚⁷

1028 749 1178 787 παρακάλει
1203 760 1248 777 σου
1272 748 1332 781 τοὺς
1353 749 1530 788 κατηγόρους,
1552 750 1568 785 ἢ
1593 751 1724 780 παύεσθαι
1746 753 1794 785 τῆς

1029 795 1098 824 κατὰ
1119 800 1163 824 σοῦ
1178 795 1351 834 κατηγορίας,
1365 795 1382 830 ἢ
1397 798 1443 829 τῆς
1464 797 1528 835 πρὸς
1553 797 1631 827 αὐτὸν
1654 798 1792 836 προσόδου.

1029 842 1100 880 Πρὸς
1114 845 1197 870 ταῦτα
1212 842 1326 877 κινηθεὶς
1340 842 1502 877 ὁἸωάννης,
1517 847 1569 875 τοῖς
1583 843 1629 880 μὲν
1643 843 1795 876 ἐπισκόποις

1030 889 1108 916 αὐτοῦ
1134 888 1221 926 ἔλεγεν
1233 899 1239 904 ·
1255 890 1330 925 ὑμεῖς
1349 887 1384 916 Βὃ
1399 888 1483 916 δοκεῖν
1499 890 1561 926 ὑμῖν
1581 888 1732 925 δηλώσατε,
1749 889 1795 927 ἐμὲ

1031 933 1056 962 δὲ
1070 934 1209 962 ἀκόλουθόν
1224 935 1278 962 ἐστι
1293 934 1356 972 πρὸς
1370 933 1403 961 τὰ
1418 934 1569 969 δηλωθέντα
1585 946 1628 972 μοι
1643 936 1794 973 ἀντισημᾶ-

1031 993 1082 1008 ναι.
1112 981 1174 1012 Τοῖς
1198 979 1225 1008 δὲ
1249 979 1309 1018 περὶ
1332 979 1460 1018 Θεόφιλον
1479 981 1668 1009 ἀνταπέστειλε
1693 984 1777 1010 ταῦτα
1787 991 1794 998 ·

1032 1025 1083 1064 ἐγὼ
1096 1048 1103 1061 ,
1128 1027 1151 1054 εἰ
1174 1025 1220 1063 μὲν
1241 1025 1296 1064 ἔχει
1315 1038 1353 1058 τις
1373 1027 1432 1054 κατ’
1448 1028 1512 1063 ἐμοῦ
1528 1026 1614 1064 λέγειν
1627 1049 1634 1061 ,
1654 1026 1734 1065 μέχρι
1749 1029 1797 1062 τῆς

1032 1072 1106 1110 δεῦρο
1124 1070 1291 1100 οὐδεπώποτε
1316 1071 1395 1107 ἔγνων
1409 1082 1415 1088 ·
1438 1074 1461 1100 εἰ
1481 1072 1508 1100 δέ
1529 1084 1568 1104 τις
1594 1072 1705 1100 κατεὶπέ
1727 1084 1795 1110 μου,

1032 1118 1077 1145 καὶ
1098 1117 1220 1155 βούλεσθέ
1237 1129 1269 1154 με
1284 1117 1477 1156 παραγενέσθαι
1490 1141 1497 1153 ,
1512 1118 1572 1151 τοὺς
1586 1119 1731 1156 προδήλους
1746 1129 1796 1156 μου

1031 1163 1148 1202 ἐχθροὺς,
1167 1162 1259 1195 οἵτινες
1273 1164 1303 1191 ἐκ
1319 1166 1365 1198 τῆς
1378 1163 1503 1201 ἀμελείας
1523 1164 1608 1192 αὐτῶν
1625 1163 1796 1199 ἐκακώθησαν

1030 1209 1095 1247 πρὸς
1109 1208 1155 1246 ἐμὲ
1168 1231 1175 1243 ,
1192 1209 1303 1246 βάλλετε
1319 1209 1423 1241 τούτους
1438 1209 1486 1242 ἔξω
1501 1212 1545 1238 τοῦ
1559 1209 1685 1247 ὓμετέρου
1701 1210 1798 1238 συλλό-

1030 1267 1077 1293 γου
1087 1264 1092 1269 “
1110 1254 1154 1282 καὶ
1165 1254 1224 1283 οὔτε
1235 1254 1314 1283 τόπου
1330 1255 1490 1293 ἀμφισὸητῶ
1505 1254 1570 1283 ὅπου
1587 1266 1619 1292 με
1635 1255 1688 1284 δέοι
1701 1257 1797 1294 κριθῆ-

1032 1312 1090 1335 ναι,
1105 1302 1127 1328 εἰ
1141 1300 1185 1328 καὶ
1200 1300 1232 1328 τὰ
1247 1300 1364 1338 μάλιστα
1379 1300 1430 1329 ἔδει
1445 1301 1472 1328 ἐν
1487 1303 1519 1338 τῇ
1537 1299 1621 1329 πόλει.
1638 1301 1699 1329 Εἰσὶ
1714 1300 1741 1330 δὲ
1757 1300 1798 1334 οὒς

1031 1349 1212 1385 παραιτοῦμαι
1225 1369 1232 1382 ,
1248 1347 1376 1386 Θεόφιλος
1386 1368 1393 1380 ,
1411 1347 1437 1376 ὃν
1453 1347 1553 1386 ἐλέγχω
1569 1347 1693 1386 εἰρηκότα
1709 1348 1753 1376 καὶ
1772 1349 1797 1376 ἓν

1032 1392 1213 1433 Ἀλεξανδρεία
1234 1393 1279 1421 καὶ
1295 1395 1320 1421 ἕν
1340 1393 1427 1432 Λυκίᾳ
1441 1415 1448 1427 ,
1470 1392 1511 1422 ο’τι
1527 1393 1680 1432 ἀπέρχομαι
1700 1395 1736 1426 εἷς
1755 1394 1799 1422 τὸν

1031 1440 1174 1477 κομιτάτον
1186 1438 1338 1475 ,Ἰωάννην
1356 1442 1418 1467 καῦε
1420 1439 1484 1466 λεῖν.
1500 1438 1580 1467 Ἔστι
1600 1438 1626 1467 δὲ
1651 1438 1757 1473 ἀληθὲς,
1774 1438 1799 1472 ἐξ

1032 1488 1066 1513 ὧν
1083 1484 1293 1523 παραγενόμενος
1308 1484 1365 1513 οὔτε
1378 1483 1524 1522 συνέτυχέ
1520 1496 1564 1512 μοι
1579 1507 1586 1520 ,
1611 1484 1670 1513 οὔτε
1690 1484 1800 1513 εκοινύ-

1124 1543 1179 1568 μοι.

1031 1577 1168 1605 ἐπετέλεσε
1181 1599 1189 1613 ,
1206 1576 1231 1604 τί
1258 1577 1287 1604 ἂν
1309 1588 1408 1615 ποιησῃ
1424 1576 1491 1614 μετὰ
1505 1575 1553 1610 τὴν
1567 1575 1642 1611 δίκην

1032 1530 1096 1566 νησέ
1204 1530 1254 1563 ιῸς
1275 1533 1318 1558 οὖν
1342 1543 1393 1585 προ
1407 1533 1453 1566 τῆς
1471 1531 1623 1587 ἀκροάσεως
1645 1529 1677 1558 τὰ
1699 1531 1800 1570 ἐχθρῶν

1655 1575 1800 1613 ,Ὁμοίως

1032 1623 1058 1652 δὲ
1080 1623 1125 1652 καὶ
1147 1623 1266 1652 Ἀκάκιον
1289 1623 1417 1662 διελέγχω
1436 1624 1475 1662 ἐφ’
1497 1618 1519 1662 ᾧ
1544 1618 1633 1651 εἶπεν·

1031 1669 1117 1708 ἀρτύω
1132 1669 1240 1708 χύτραν.
1258 1669 1324 1708 Περὶ
1344 1670 1388 1697 καὶ
1406 1670 1425 1685 ⁸*

1656 1622 1708 1661 ἐγὼ
1728 1624 1799 1662 αὐτῷ

1404 1672 1566 1707 μευηριανοῦ
1587 1668 1631 1697 καὶ
1647 1668 1780 1708 Ἀντιόχου
1790 1691 1799 1705 ,

1032 1716 1073 1749 οὒς
1084 1716 1175 1755 τάχιον
1187 1715 1370 1752 μετελεύσεται
1379 1717 1395 1750 ἠ
1411 1715 1468 1744 θεία
1483 1715 1554 1750 δίκη,
1563 1715 1589 1743 τί
1602 1716 1640 1744 δεῖ
1652 1715 1696 1744 καὶ
1706 1715 1801 1754 λέγειν,

1030 1758 1065 1791 ὧν
1080 1762 1126 1794 τὰς
1140 1762 1338 1800 νεωτεροποιίας
1353 1763 1397 1790 καὶ
1408 1762 1441 1790 τὰ
1454 1761 1570 1799 κοσμικὰ
1581 1762 1674 1801 ᾅδουσι
1685 1761 1799 1801 Oia-5923

1030 1810 1132 1838 Οὐκοῦν
1149 1808 1362 1848 παρακέκλησθε,
1373 1810 1394 1837 εἷ
1405 1808 1473 1837 κατὰ
1490 1808 1614 1843 ἀλήθειαν
1630 1807 1754 1846 βούλεσθέ
1767 1820 1800 1846 με

1030 1856 1112 1884 ἐλθεῖν
1125 1878 1133 1892 ,
1149 1854 1254 1886 τούτους
1266 1854 1325 1887 τοὺς
1340 1854 1485 1893 τέσσαρας·
1503 1856 1526 1883 εἷ
1543 1855 1589 1893 μὲν
1603 1856 1638 1887 ὡς
1654 1854 1780 1887 δικαστὰς
1790 1877 1798 1890 ,

1031 1901 1173 1930 ἐκὸάλλετε
1189 1900 1293 1932 τούτους
1310 1904 1356 1928 τοῦ
1374 1900 1508 1939 συνεδρίου
1521 1912 1527 1918 ·
1547 1900 1570 1928 εἰ
1592 1900 1619 1928 δὲ
1634 1901 1669 1933 ὡς
1685 1900 1801 1938 κατηγό-

1034 1960 1089 1987 ρους
1100 1970 1107 1983 ,
1123 1947 1237 1982 στήσατε
1253 1948 1289 1979 εἷς
1302 1947 1350 1981 τὴν
1363 1947 1448 1986 κρίσιν
1461 1970 1468 1982 ,
1483 1946 1525 1975 ἵνα
1542 1948 1595 1986 γνῶ
1608 1946 1679 1979 ὅπως
1690 1946 1800 1980 κονίζω-

1032 2005 1098 2031 μαι,
1110 1992 1219 2030 πότερον
1234 1994 1269 2025 ὣς
1283 1993 1347 2032 πρὸς
1361 1992 1517 2028 ἀντιδίκους,
1531 1992 1548 2026 ἢ
1563 1994 1598 2025 ὡς
1610 1992 1742 2025 δικαστάς·
1755 1992 1800 2020 καὶ

1032 2039 1136 2072 πάντως
1152 2038 1293 2076 ἐλεύσομαι
1308 2040 1336 2067 οὖ
1351 2039 1428 2076 μόνον
1443 2038 1508 2077 πρὸς
1523 2038 1570 2073 τὴν
1585 2038 1714 2077 ὑμετέραν
1731 2039 1798 2075 ἀγά-

1032 2097 1085 2120 πην
1098 2108 1104 2121 ,
1131 2085 1199 2114 ἀλλὰ
1214 2085 1260 2113 καὶ
1274 2086 1338 2123 πρὸς
1353 2090 1441 2113 πᾶσαν
1456 2087 1503 2119 τῆς
1515 2084 1669 2121 οἰκουμένης
1682 2084 1799 2113 σύνοδον.

1031 2130 1115 2160 ςὨστε
1136 2127 1179 2159 οἶν
1199 2133 1301 2168 γνῶτε,
1331 2130 1374 2159 ἐὰν
1400 2131 1522 2170 μυριάκις
1543 2130 1717 2166 ἀποστείλητε
1738 2130 1802 2170 πρός

1034 2189 1076 2215 με,
1092 2189 1148 2206 ουοε
1150 2189 1162 2205 ν
1182 2177 1258 2205 πλέον
1278 2176 1421 2204 ἀκούσεσθε
1436 2177 1499 2230 παρ’
1513 2177 1585 2213 ἐμοῦ.
1603 2175 1711 2204 Τούτων
1729 2176 1802 2209 ἐξελ-

1034 2224 1093 2252 θόντ
1095 2236 1129 2251 ων
1140 2222 1282 2260 ,νοτάριος
1298 2221 1393 2261 ι’παρὰ
1413 2222 1495 2254 πόδας
1513 2221 1626 2260 γράμμα
1641 2221 1709 2260 εἶ’-[ων
1726 2223 1802 2260 βασι-

1033 2269 1123 2304 λικον,
1143 2270 1168 2296 ἐν
1183 2271 1205 2307 ᾡ
1220 2267 1414 2307 προεοετΟ-τσαν
1436 2267 1534 2296 ἄκοντα
1557 2267 1634 2296 αὐτὸν
1650 2268 1802 2303 ἀπαντῆσαι

1035 2318 1070 2348 εἷς
1084 2315 1131 2350 τὴν
1144 2314 1229 2350 δικην,
1241 2314 1399 2353 κατήπειγεν
1415 2314 1491 2342 αὐτὸν
1505 2316 1541 2347 εἷς
1552 2313 1600 2349 τὴν
1615 2313 1712 2353 κρίσιν.
1724 2314 1802 2344 Μετὰ

1033 2362 1080 2397 τὴν
1093 2362 1233 2400 ἀπόκρισιν
1246 2360 1292 2395 τὴν
1308 2361 1372 2399 πρὸς
1383 2361 1426 2389 τὸν
1442 2359 1745 2399 νοτοίριον,ἐμηνύθησαν
1758 2360 1802 2389 δύο

1034 2407 1207 2448 πρεσὸύτεροι
1222 2409 1266 2435 τοῦ
1284 2406 1420 2441 Ἰωάννου,
1441 2405 1562 2444 Εὐγένιός
1580 2417 1635 2441 τις,
1661 2405 1688 2438 ὃς
1709 2405 1801 2443 μισθὸν

1036 2457 1083 2490 τῆς
1096 2453 1164 2482 κατὰ
1179 2456 1223 2482 τοῦ
1236 2451 1379 2482 ἐπισκόπου
1393 2451 1515 2480 Ἰωάννου
1529 2453 1656 2486 συσκευῆς
1670 2451 1718 2487 τὴν
1735 2463 1800 2491 προ-

1045 2553 1109 2585 gitat
1119 2554 1193 2576 etiam
1203 2550 1317 2584 copulam
1329 2549 1388 2574 addi
1401 2556 1459 2574 ante
1472 2556 1611 2583 κατήπειγεν.
1623 2549 1730 2581 Scripsit
1740 2549 1799 2574 sort.

1048 2591 1174 2617 Palladius
1188 2596 1252 2624 παρὰ
1263 2593 1331 2619 miens
1343 2589 1435 2622 §Metal
