1884 2922
749 196 851 219 INDEX
880 195 990 218 RERUM
1000 210 1006 217 .

101 258 208 287 fectum.
226 264 258 286 II.
278 260 343 286 453.
360 267 383 285 c.
402 257 468 295 Ejus
484 256 576 285 fideles
596 258 740 297 participes
754 259 838 295 liunt,

101 301 247 339 quomodo.
265 309 297 330 II.
316 306 376 330 151.
391 312 417 330 c.
432 306 496 330 455.

140 345 310 373 Sacrificium
330 344 497 373 horrendum
519 351 544 373 et
567 351 687 373 sanctum
701 367 710 380 ,
735 346 762 374 in
789 357 842 384 quo

101 388 225 417 Christus
250 389 404 417 immolatus
426 389 512 428 jacet,
538 388 708 417 Eucharistia
732 396 778 418 est.
807 397 839 418 II⁴

101 437 166 461 465.
193 444 222 461 n.
245 438 311 463 474.
336 444 363 462 ῑ.
384 440 441 462 ΥΠ.
458 438 521 461 889.
540 444 565 460 Β.
582 433 711 471 Mystcria
737 433 843 461 sacrifl-

101 476 174 504 cium
189 484 260 506 sunt.
276 484 308 505 II.
323 481 386 505 4¹03.
397 487 423 505 c.
443 477 612 505 Sacrificium
628 477 684 505 sine
696 477 840 515 sanguine,

101 521 258 559 perfectum.
276 528 308 549 II.
325 525 388 550 723.
405 531 430 549 e.
448 519 618 549 Sacrificium
634 521 661 548 in
678 521 797 549 Ecclesia
820 527 844 548 ct

101 564 135 592 ab
157 564 202 593 illa
227 565 348 593 offertur.
376 571 410 592 II.
435 568 500 592 872.
524 576 548 594 n.
572 565 602 592 In
625 565 739 602 singulis
760 564 844 593 colle-

101 608 152 636 ctis
180 609 299 637 offertur.
316 616 336 637 I.
354 613 421 638 745.
448 619 471 636 n.
488 608 538 637 Est
574 615 663 637 autem
694 608 844 637 remedium

103 653 244 680 vulnerum
255 652 361 682 animae.
384 659 417 681 II.
434 656 498 680 872.
519 663 541 680 B.
555 652 681 690 Corporis
693 652 792 680 Christi
803 663 844 681 sa-

102 695 236 724 crificium
260 707 308 724 nos
323 696 358 725 ad
371 696 539 725 concordiam
553 703 578 724 ct
596 697 732 725 caritatem
755 703 840 726 vocat.

103 746 134 768 X.
152 744 217 769 253.
235 751 262 769 C.

142 783 312 812 Sacrificium
327 784 477 812 maximum
491 784 542 812 Dei
556 783 747 812 beneficiorum
760 795 845 814 recor-

101 827 176 861 dari,
188 827 294 867 ipsique
308 827 341 856 de
355 828 409 856 illis
424 829 524 866 gratias
536 839 622 867 agere.
637 836 683 857 ΙΥ.
708 833 753 858 84.
771 840 797 859 E.
821 842 842 857 x.

104 871 306 900 1³.Sncrificium
322 871 413 900 laudis
428 882 476 910 pro
486 872 622 900 beneficiis
635 883 649 900 a
664 873 720 900 Deo
730 873 845 912 acceptis

103 917 220 945 maxime
234 917 275 946 illi
290 918 427 946 convenit.
447 925 477 946 Υ.
498 923 562 947 276.
593 929 620 946 n.
634 923 698 946 378.
729 929 752 946 ιι.
777 924 841 949 389.

102 973 129 989 ε.
148 972 174 990 A.
191 961 242 990 boc
262 962 333 989 enim
349 969 387 990 est
403 962 580 996 sacrificium,
594 962 650 990 haec
664 961 781 998 oblatio,
794 964 843 991 Dei

101 1004 230 1033 beneficia
245 1012 376 1044 perpetuo
388 1005 488 1034 babere
500 1007 526 1034 in
537 1006 674 1034 memoria.
689 1013 722 1035 Υ.
736 1009 803 1037 298.
816 1019 843 1035 A.

102 1052 166 1078 605.
186 1059 211 1076 Β.
229 1050 296 1085 Qum
307 1056 369 1077 sunt
380 1049 453 1088 justa
464 1050 619 1085 facei·e‚lioc
632 1057 670 1078 est
683 1051 844 1079 sacrificium

99 1091 212 1130 justitiae
229 1092 286 1120 Deo
300 1098 439 1131 acceptum
450 1114 458 1127 ‚
475 1099 499 1121 et
513 1092 616 1121 oblatio
639 1093 689 1132 ipsi
711 1101 795 1132 grata.
810 1102 843 1122 Υ.

102 1140 149 1164 24.
163 1145 186 1163 Β.
202 1135 395 1164 Reconciliatio
410 1146 470 1164 cum
495 1136 576 1164 fratre
595 1147 656 1165 vere
676 1148 782 1175 quoquc
803 1149 846 1166 sa-

103 1179 237 1208 crificium
259 1186 308 1208 est.
325 1187 384 1208 ΥΠ.
400 1184 465 1208 247.
485 1191 514 1208 n.
534 1181 593 1208 Non
616 1181 782 1210 initiatorum
797 1182 846 1210 do-

102 1233 168 1252 num
181 1230 205 1252 et
218 1223 381 1252 sacrificium
394 1230 456 1252 sunt
470 1225 555 1253 oratio
568 1232 593 1253 ct
605 1225 844 1264 eleemosyna.VII.

102 1272 168 1296 248.
183 1277 208 1295 13-
226 1268 365 1297 Sacrilicia
391 1279 454 1297 vero
475 1269 565 1297 omnia
588 1277 678 1298 sancta
694 1269 843 1309 dicuntur3

102 1311 263 1350 proprieque
285 1319 374 1340 sancta
386 1323 444 1350 quae
453 1314 509 1341 Deo
522 1321 671 1342 consecrata
683 1320 753 1342 sunt.
772 1321 842 1344 VIII.

102 1360 167 1383 553.
182 1366 207 1383 B.
221 1356 395 1384 Sacrificium
421 1358 480 1385 Deo
497 1357 575 1385 offert
590 1357 680 1385 David
702 1357 844 1386 immolans

101 1398 180 1427 iram.
200 1406 246 1429 ΙΥ.
269 1404 334 1429 880.
358 1411 381 1427 c.
404 1405 469 1429 881.
485 1401 615 1436 Quaenam
642 1401 697 1439 jam
714 1402 843 1430 sacrificia

102 1442 158 1470 Deo
173 1442 227 1471 sint
246 1443 394 1473 offerenda.
416 1451 476 1473 XII.
502 1449 566 1472 163.
581 1455 609 1474 D.
627 1449 691 1473 164.
707 1456 733 1473 B.
751 1456 775 1473 c.
791 1446 844 1474 Sa-

101 1486 212 1514 orificiis
229 1487 409 1525 sanguinariis
421 1486 568 1523 daemoncs,
588 1494 725 1526 tamquam
743 1499 821 1517 canes
835 1512 842 1523 ,

102 1530 240 1559 lambendi
257 1541 335 1560 causa
349 1531 518 1560 assistebant.
533 1539 567 1560 II.
584 1537 648 1561 066.
659 1543 683 1560 c.
696 1543 724 1560 D.

140 1573 292 1613 Sam-{ficia
306 1575 328 1603 J
329 1575 419 1603 udceis
441 1586 493 1604 cur
506 1577 586 1605 Deus
601 1579 781 1605 concesserit.
799 1584 843 1606 111.

102 1622 167 1646 985.
192 1628 220 1645 n.
247 1622 308 1645 986.
336 1629 364 1649 E.
390 1621 427 1648 In
442 1620 588 1653 sacr-[ficio
603 1631 675 1648 erm⁴
693 1627 843 1660 tamquam

99 1661 218 1700 gladius
232 1670 397 1700 usurpatur.
410 1670 456 1692 III.
478 1668 542 1691 998.
560 1676 586 1694 A,
604 1666 685 1691 Inter
697 1666 843 1704 sacrificia

103 1706 166 1733 alia
181 1706 308 1744 legalia,
324 1707 387 1734 alia
403 1718 475 1735 vet-0
490 1708 674 1736 voluntaria.
691 1715 723 1737 Υ.
738 1714 802 1737 878.
815 1721 841 1738 A.

101 1749 224 1787 legalia,
241 1761 305 1788 quoe
328 1762 364 1778 ex
387 1751 459 1787 legis
478 1754 646 1790 praescripto
673 1753 843 1790 ‹fffereban-

101 1799 170 1825 τιι1’,·
185 1794 360 1822 voluntaria
375 1805 444 1822 vero
459 1817 466 1830 ‚
493 1806 558 1833 quoe
573 1806 608 1823 ex
625 1798 718 1825 animi
733 1797 843 1825 libera-

100 1837 194 1865 litate.
213 1837 255 1866 11).
271 1837 488 1877 Sacrificiorum
504 1840 740 1869 voluntariorum
753 1844 841 1869 varia

101 1891 217 1919 genera.
248 1888 280 1909 Υ.
305 1887 370 1912 774.
391 1894 420 1910 n.
437 1885 583 1912 ηιαίιιίίηα
604 1891 632 1913 et
661 1888 838 1921 vespertina.

102 1935 146 1956 Υ1.
165 1933 229 1958 542.
247 1940 275 1956 A.
288 1939 313 1958 Β.

136 1973 329 2000 §mmmmm
344 1980 473 2011 quantum
488 1974 521 2002 sit
534 1975 635 2003 malum
646 1998 654 2009 ,
669 1986 700 2004 nc
713 1975 838 2014 diciqui-

98 2016 161 2045 dem
188 2024 282 2056 potest.
298 2025 342 2046 XI.
362 2023 426 2047 722.
444 2030 473 2047 n.
490 2020 643 2059 Sacrilegus
666 2020 751 2050 Judas
773 2028 838 2052 erat.

99 2068 146 2091 IX.
162 2067 224 2090 114.
238 2072 266 2091 A.

137 2106 296 2134 SACRORUM
315 2107 477 2145 expilatores
499 2115 617 2148 tempore
642 2108 836 2148 Chrysostomi.

98 2155 144 2176 Ix.
163 2153 263 2177 114.E.

136 2192 293 2221 SADDFCAEI
307 2200 376 2221 secta
395 2194 562 2225 Judaeorum.
585 2204 643 2225 VII.
660 2202 726 2227 777.
744 2208 767 2225 n.
790 2204 836 2226 IX.

99 2239 162 2264 390.
181 2247 206 2264 D.
226 2236 329 2265 Dicunt
343 2248 394 2265 non
409 2249 465 2266 esse
488 2241 622 2278 Angelum
636 2264 643 2277 ,
659 2251 743 2279 neque
753 2241 838 2280 Spiri-

97 2285 154 2306 tum
167 2301 176 2315 ‚
203 2289 287 2317 neque
312 2283 542 2313 resurrectionem.
573 2292 630 2313 VII.
651 2290 716 2314 777.
741 2296 765 2314 n.
793 2292 837 2313 IX.

96 2327 162 2350 413.
179 2333 206 2351 Ε.
234 2323 444 2353 Sadducaeorum
473 2334 498 2354 et
525 2327 722 2357 Pharisaeorum
745 2328 779 2357 ad
805 2329 835 2357 S.

96 2366 226 2395 Joannem
250 2367 400 2406 Baptistam
435 2371 600 2399 venientium
625 2372 746 2401 affectus.
778 2379 834 2402 ΥΠ.

98 2414 161 2440 172.
176 2420 200 2438 Β.
215 2421 241 2439 c.

136 2454 304 2482 Sa-:ctLimA
314 2455 360 2492 qui
375 2455 541 2493 admiratur,
558 2458 709 2487 futurorum
720 2465 836 2487 contem-

96 2497 212 2536 platione
227 2508 373 2537 numquam
397 2500 506 2538 dignus.
525 2509 544 2530 I.
574 2507 636 2531 176.
651 2513 679 2531 n.
698 2513 723 2530 Ε.
741 2502 795 2537 Qui
810 2503 836 2531 in

96 2541 194 2570 sacculo
211 2543 325 2578 vivunt,
343 2542 443 2572 divinis
458 2547 543 2584 magis
564 2553 641 2583 egent
659 2545 791 2575 remediis.
812 2554 832 2575 I.

98 2589 162 2613 904.
179 2597 201 2613 A.
219 2596 242 2614 Β.
262 2587 402 2616 saecularia
416 2589 502 2617 omnia
528 2590 629 2618 umbris
646 2590 793 2619 fallaciora.
813 2598 832 2618 I.

1577 185 1645 232 375

898 263 960 287 924.
987 268 1009 285 ιι,
1036 267 1144 297 prorsus
1162 264 1224 286 suut
1241 258 1394 297 rejicienda.
1408 265 1466 288 ΥΙΙ.
1483 263 1547 290 531.
1565 272 1590 290 c.
1610 273 1637 290 n.

896 302 1040 331 saecularia
1063 301 1195 330 desideria
1218 313 1353 340 quaenam.
1369 310 1413 331 XI.
1428 307 1491 332 822.
1507 315 1533 333 A.
1551 305 1639 334 Stoen-

897 346 994 374 larium
1005 346 1129 374 convivia
1143 356 1223 384 quam
1237 347 1339 386 turpia.
1351 354 1383 376 V.
1399 352 1463 376 158.
1480 360 1507 376 A.

936 389 1117 417 Saecularibus
1132 389 1244 428 perinde
1256 401 1286 418 ac
1302 391 1440 419 monacbis
1454 391 1546 420 eadem
1564 403 1639 421 man-

897 432 959 461 data
980 432 1111 461 servanda
1129 440 1206 469 sunt.
1224 435 1341 473 exceptis
1355 435 1475 475 conjugii
1487 436 1601 473 legibus.
1618 444 1638 467 I.

899 481 962 505 125.
984 488 1011 505 n.
1030 488 1058 507 Ε.
1072 484 1131 506 XII.
1150 482 1214 508 113.
1229 490 1254 506 A.
1270 489 1295 505 Β.
1311 479 1457 508 Saeculares
1471 481 1567 519 majori
1578 492 1641 510 cum

897 524 1057 553 difficultate
1071 524 1141 553 salvi
1155 524 1262 553 fiunt.1.
1276 530 1339 556 128.

936 568 1070 597 Saeculare
1089 575 1209 597 sanctum
1230 569 1256 596 in
1278 569 1377 608 templo
1397 570 1480 598 veteri
1502 570 1569 608 quid
1594 571 1636 601 sit.

900 619 957 640 XII.
973 617 1037 641 213.
1053 623 1080 640 A.
1098 623 1123 640 Β.

938 656 1086 684 SAECL'LL'M
1101 655 1152 684 boc
1166 665 1219 683 non
1237 655 1417 690 retributioni,
1432 657 1477 685 sed
1493 657 1578 686 labori
1593 669 1639 687 re-

898 694 1002 723 lictum.
1017 703 1049 724 11.
1063 700 1108 724 21.
1127 705 1152 723 ε.
1170 695 1199 723 In
1214 695 1264 723 hoc
1279 695 1376 724 saeculo
1399 697 1541 727 retributio
1561 698 1641 738 justis

898 748 951 766 non
965 737 1038 775 data,
1052 738 1137 767 sedin
1149 739 1251 767 futuro.
1265 746 1297 767 II.
1313 743 1378 768 515.
1389 750 1417 769 c.

938 782 1076 811 Saeculum
1090 782 1190 810 malum
1206 782 1272 820 quid
1287 782 1332 812 sit.
1347 790 1382 812 X.
1397 788 1463 813 787.
1478 795 1507 812 n.
1522 796 1551 814 ε.

938 827 1076 855 Sat-‚mis
1088 827 1114 855 in
1126 826 1232 855 Psalmo
1250 833 1341 861 XLIV,
1353 827 1427 856 verbi
1440 828 1496 856 vim
1505 829 1640 859 efficacem

898 869 1116 909 interpretantur.
1134 877 1167 900 Υ.
1185 875 1249 899 205.
1265 882 1291 898 A.

939 915 1087 942 §aramma
1112 914 1139 942 in
1167 915 1258 953 Cypro
1282 915 1462 944 Marcionistae
1484 924 1567 946 erant.
1592 925 1639 948 III.

899 961 963 986 872.

938 1001 1039 1029 sium
1051 1000 1121 1029 idem
1133 1000 1205 1039 quod
1219 1012 1272 1041 pax
1284 1008 1333 1030 est.
1350 1009 1396 1033 IV.
1410 1008 1475 1033 413.
1488 1015 1518 1034 Ε.

938 1045 1075 1074 5ΑιοΜοΝ
1098 1055 1181 1074 annos
1203 1052 1281 1074 natus
1296 1045 1440 1076 duodecim
1453 1059 1501 1078 rex
1515 1050 1639 1080 declara-

898 1094 941 1117 tus
952 1096 1144 1127 coronatusque
1159 1097 1208 1120 est.
1222 1096 1268 1119 VI.
1285 1094 1330 1118 41.
1343 1101 1372 1119 D.
1389 1092 1563 1130 Loquebatur
1576 1106 1639 1124 cum

897 1135 972 1161 Deo:
988 1139 1113 1171 tantaque
1129 1134 1258 1173 sapientia
1273 1134 1368 1173 plenus
1391 1143 1457 1172 erat,
1472 1143 1502 1165 nt
1516 1138 1638 1173 barbari,

898 1183 956 1205 tum
975 1187 1050 1215 reges
1072 1184 1128 1205 tum
1144 1178 1242 1216 reginae
1255 1200 1262 1213 ,
1279 1178 1314 1206 ad
1327 1176 1406 1207 illuin
1427 1181 1592 1212 audiendum
1603 1194 1637 1212 ex

898 1220 1053 1259 longinquis
1067 1221 1222 1259 regionibus
1237 1222 1368 1251 venirent.
1383 1225 1427 1252 lh.

935 1265 1062 1294 Salomon
1083 1275 1117 1293 ex
1132 1265 1212 1294 modo
1230 1267 1367 1304 petitionis
1379 1269 1522 1299 exauditus
1536 1278 1585 1301 est.
1603 1279 1636 1300 Υ.

899 1313 943 1337 65.
958 1321 984 1336 A.
1010 1310 1104 1337 Petens
1123 1309 1290 1348 spiritualia,
1315 1310 1360 1339 illa
1383 1314 1483 1352 accepit
1502 1326 1561 1352 quae
1585 1326 1638 1344 non

898 1352 984 1391 petiit.
999 1359 1030 1380 Υ.
1049 1357 1110 1381 Iso.
1125 1353 1194 1389 Quia
1212 1353 1288 1392 petiit
1303 1364 1362 1391 quae
1376 1362 1465 1393 petere
1481 1359 1637 1396 oportebat,

897 1396 949 1425 cito
964 1396 1074 1434 accepit.
1091 1404 1148 1425 VII.
1167 1401 1232 1425 328.
1251 1409 1275 1425 A.

937 1440 1064 1468 Salomon
1085 1440 1110 1468 in
1129 1441 1274 1469 mulierum
1293 1443 1406 1480 gratiam
1421 1454 1436 1472 a
1452 1445 1508 1473 Deo
1528 1453 1639 1485 paterno

898 1483 1014 1513 recessit.
1034 1491 1055 1511 I.
1072 1488 1116 1512 45.
1130 1495 1156 1512 A.
1169 1490 1194 1512 et
1216 1491 1275 1523 post
1285 1493 1422 1524 peccatum
1435 1498 1526 1525 suum,
1541 1489 1576 1517 ob
1593 1501 1639 1528 pa—

900 1527 947 1556 tris
962 1527 1100 1562 virtutem,
1121 1534 1222 1556 sextam
1241 1529 1317 1567 regni
1338 1538 1440 1568 partein
1455 1531 1552 1562 hahere
1568 1535 1641 1563 Deus

899 1571 1080 1610 pcrmisit.lh.
1093 1571 1275 1608 Salomonem,
1288 1574 1335 1611 qni
1347 1581 1419 1604 tanta
1433 1584 1539 1614 peccata
1552 1577 1641 1607 admi-

897 1615 942 1649 sit,
959 1614 985 1642 in
1000 1614 1112 1643 Davidis
1127 1615 1243 1653 gratiam
1257 1627 1270 1644 e
1282 1628 1362 1655 regno
1376 1620 1501 1649 excidere
1515 1632 1566 1650 non
1579 1633 1640 1661 per-

898 1659 971 1687 misit
986 1659 1067 1686 Deus.
1083 1666 1141 1687 ΥΙΙ.
1158 1664 1221 1687 367.
1239 1671 1267 1689 D.
1283 1661 1430 1700 Voluptate
1447 1664 1552 1694 illectus
1565 1677 1580 1694 a
1597 1677 1639 1695 sa-

898 1703 996 1741 pientia
1013 1703 1125 1739 excidit,
1139 1703 1185 1731 sed
1205 1711 1293 1742 postca
1308 1706 1428 1745 resipuit.
1449 1715 1468 1736 I.
1486 1713 1550 1737 301.
1564 1721 1592 1738 E.
1610 1722 1636 1738 A.

897 1747 1023 1776 Salomon
1040 1747 1224 1786 improbarum
1239 1759 1354 1778 uxorum
1367 1753 1561 1782 consuetudine
1576 1765 1638 1793 per-

898 1791 940 1821 iit.
954 1798 986 1819 v.
1005 1796 1050 1819 33.
1066 1802 1091 1819 E.
1110 1799 1142 1820 x.
1160 1797 1262 1821 716.13.

936 1834 1062 1863 Salomon
1077 1834 1236 1864 deliciarum
1258 1836 1471 1877 divitiarumque
1490 1848 1636 1874 accusator,

900 1889 963 1907 rere
981 1878 1035 1906 fide
1048 1878 1147 1917 dignus
1161 1886 1208 1909 est.
1223 1887 1257 1910 II.
1274 1885 1338 1909 721.
1357 1893 1382 1910 c.
1401 1893 1428 1911 D.
1447 1884 1572 1914 Salomon
1591 1887 1639 1924 qui

895 1922 1014 1951 maxime
1028 1923 1149 1951 omnium
1163 1923 1262 1953 sciebat
1279 1925 1346 1963 quid
1361 1933 1428 1955 esset
1440 1928 1563 1968 voluptas
1573 1952 1580 1966 ,
1592 1931 1637 1960 lu-

895 1973 968 1995 ctum
984 1968 1089 2006 praefert
1102 1967 1177 1996 risui.
1195 1975 1253 1997 VII.
1271 1974 1335 1998 500.
1350 1981 1374 1998 n.
1392 1981 1416 1999 c.

934 2011 1059 2040 Salomon
1082 2011 1145 2040 libri
1166 2013 1219 2041 Job
1238 2020 1374 2042 auctorem
1396 2026 1451 2045 esse
1466 2017 1578 2055 quidam
1592 2018 1635 2047 di-

894 2054 1000 2089 cebant,
1017 2055 1064 2083 alii
1081 2057 1204 2094 Moysen.
1224 2064 1269 2085 VI.
1284 2062 1348 2086 429.
1365 2068 1389 2088 Β.

934 2097 1072 2126 Salomon
1084 2100 1125 2127 ad
1139 2101 1289 2138 exemplar
1300 2104 1485 2132 tabernaculi
1498 2106 1613 2145 stonsis
1623 2130 1632 2144 ‚

894 2142 1031 2179 templum
1048 2142 1213 2181 aedt'ficavit.
1234 2151 1267 2172 II.
1283 2149 1345 2173 947.
1364 2156 1393 2175 A.

933 2188 1127 2214 SALTATIONEs
1148 2193 1172 2214 et
1192 2187 1312 2225 tripudia
1328 2188 1354 2216 in
1374 2188 1507 2220 kalendis.
1527 2199 1548 2221 I.
1565 2198 1631 2223 866.

893 2238 917 2256 Β.
934 2240 960 2258 c.
984 2229 1096 2257 saltatio
1111 2230 1158 2258 ubi
1173 2237 1229 2267 est,
1246 2231 1284 2259 ibi
1300 2231 1433 2262 diabolus.
1448 2241 1505 2264 VII.
1522 2241 1587 2266 560.
1603 2251 1630 2268 A.

892 2273 1050 2302 Saltationes
1070 2281 1095 2302 et
1109 2285 1236 2314 pompam
1251 2276 1397 2305 satanicam
1417 2277 1444 2306 in
1459 2279 1571 2309 domum
1594 2282 1635 2311 in·

892 2316 1039 2351 troducere‚
1065 2318 1174 2347 omnino
1198 2325 1275 2358 turpe
1295 2327 1332 2348 est
1356 2328 1381 2349 et
1401 2321 1566 2354 indecorum.
1586 2333 1632 2355 XI.

892 2366 954 2390 484.
974 2373 999 2391 B.
1016 2362 1174 2392 saltationes
1189 2371 1213 2392 et
1226 2365 1329 2394 cantica
1340 2365 1479 2405 impudica
1500 2380 1514 2397 a
1530 2372 1633 2410 nuptiis

890 2405 1044 2434 auferenda.
1058 2413 1103 2434 XI.
1119 2411 1180 2435 176.
1196 2419 1221 2437 A.
1236 2419 1262 2437 B.

930 2454 1078 2482 SALvATon
1109 2455 1201 2482 multis
1221 2455 1247 2483 in
1274 2457 1380 2486 ruinam
1399 2466 1425 2487 01
1449 2463 1631 2492 ressurrectio·

891 2508 950 2526 nem
965 2504 1015 2532 est,
1029 2504 1054 2526 ct
1069 2504 1156 2527 tamon
1169 2499 1291 2529 Salvator
1304 2509 1403 2539 manet,
1418 2505 1541 2541 quamvis
1553 2507 1631 2535 multi

891 2548 1008 2580 pereant.
1028 2549 1061 2570 X.
1079 2546 1143 2572 546.
1160 2552 1186 2570 E.
1203 2544 1275 2573 Wde
1287 2545 1430 2575 Cnmsrrs.

932 2591 1066 2619 SALvioxi
1082 2601 1125 2619 seu
1139 2591 1268 2621 Galbioni
1291 2596 1379 2625 (nam
1394 2597 1544 2635 sicferunt
1558 2599 1629 2628 ᾹῙςς.
