1884 2922
997 204 1027 237 xi
1028 217 1041 249 J

263 286 389 315 operum
411 277 572 306 relatorum
596 276 672 306 locos
695 287 729 304 ex
758 276 888 305 editione
904 277 964 315 ipsa
983 276 1136 306 addendos
1158 277 1367 316 judicavimus,
1397 278 1485 315 Quod
1506 279 1590 309 nobis
1613 281 1642 309 iu
1666 289 1795 311 mentem

262 334 347 356 vocat
362 327 438 362 illos,
455 328 507 365 qui
521 333 550 355 et
562 326 634 355 olim
645 333 673 354 et
689 336 783 364 nuper
793 325 849 355 sibi
863 332 1077 365 persuaserunt
1090 325 1195 354 eodem
1208 336 1266 354 usu
1281 336 1341 354 csse
1352 325 1475 355 possidii
1487 327 1656 366 catalogum
1671 339 1796 367 operum

263 374 422 412 Augustini
436 397 443 409 ,
466 375 548 402 brevi
571 380 637 412 post
655 373 773 402 obitum
796 376 889 403 sancti
904 375 960 403 viri
979 385 996 403 a
1011 373 1158 411 discipulo
1170 379 1197 402 et
1211 374 1306 402 amico
1325 375 1390 412 ejus
1407 374 1586 405 consectum.
1603 376 1701 414 Hujus
1715 379 1796 405 enim

260 422 382 459 catalogi
397 422 485 460 plane
499 422 646 450 contraria
660 423 704 450 vis
718 429 761 451 est
774 434 782 450 z
798 433 868 450 nam
879 422 1015 461 plerique
1035 431 1141 450 eorum
1157 421 1210 459 qui
1225 420 1430 459 Augustintnn
1450 423 1572 452 mentiri
1589 423 1740 461 volebant,
1761 435 1796 454 ex

263 468 314 497 illo
329 469 515 507 perditorum
531 480 657 507 operum
669 469 770 498 titulos
782 475 811 498 et
824 477 1001 508 argumenta
1016 468 1168 498 tractanda
1182 468 1330 507 petebant.

300 549 409 578 Curam
418 549 608 580 ecclesiastico
623 550 725 579 lectori
738 550 821 580 haud
838 550 930 580 dubie
943 550 1139 589 gratissimam
1154 550 1184 577 in
1197 559 1226 578 se
1240 550 1350 587 recepit
1363 549 1440 580 Rev.
1455 549 1546 579 abbas
1556 549 1693 586 Simiam,
1708 562 1797 590 opera

262 604 461 642 Chrysostomi
474 604 686 643 perlustrandi,
699 606 775 634 utin
791 605 862 634 locis
884 605 1025 634 omnibus
1041 615 1077 633 ex
1093 604 1226 633 interiori
1241 604 1408 642 cognitione
1423 604 1596 643 dogmatum
1610 604 1641 635 S.
1664 605 1797 635 Ecclesia*

261 656 470 694 dijudicandis,
483 658 506 686 si
519 657 593 696 quid
608 657 730 687 liaberet
742 659 849 687 rectius
861 657 1067 695 statuendum,
1083 656 1224 685 doctrinae
1240 666 1296 686 suae
1311 667 1366 695 ope
1379 656 1505 686 editores
1519 657 1681 696 adjuvaret.

299 735 366 764 Jam
384 736 514 765 breviter
527 737 671 775 persecuti
686 737 798 775 quibus
813 737 900 766 rebus
915 742 1015 765 nostra
1030 735 1136 770 editio,
1151 735 1357 763 emendatioris
1380 743 1405 763 σι
1430 739 1568 765 auctioris
1591 737 1716 766 titulum
1739 748 1797 776 pra·

260 793 290 813 se
301 783 406 820 serens,
423 795 439 812 a
455 791 553 813 vetere
568 785 833 814 Montfauconiana
846 784 972 820 differat,
986 785 1076 812 finem
1087 783 1230 822 praefandi
1242 783 1335 812 facere
1346 791 1528 822 poteramus,
1545 785 1601 813 nisi
1613 785 1797 814 absolvendo

260 832 340 860 intra
355 832 498 861 terminos
515 833 689 862 constitutos
706 834 787 871 operi
802 843 885 862 mora
905 833 1020 871 objecta
1041 838 1114 861 esset
1129 841 1250 870 prorsus
1265 832 1474 870 inexspectata.
1500 832 1655 862 Nimirum
1669 841 1796 863 exeunte

260 889 341 907 anno
357 879 433 907 1835
447 879 577 908 fasciculi
592 879 744 914 undecim,
757 880 818 909 sive
832 879 985 908 volumina
999 879 1134 917 quinque
1144 885 1173 906 et
1189 878 1362 916 dimidium,
1375 879 1427 908 illo
1442 887 1576 919 tempore
1588 880 1735 917 absoluta,
1750 882 1798 910 in-

260 926 365 955 cendio
387 927 506 964 penitus
526 926 663 956 absumta
678 934 763 963 sunt,
792 929 832 956 ita
847 934 881 956 ut
903 927 1054 956 undecimi
1078 925 1209 954 fasciculi
1234 927 1373 956 nondum
1388 929 1485 957 emissi
1501 939 1539 957 ne
1561 939 1658 957 unum
1673 928 1796 967 quidem

260 973 431 1012 exemplum
447 982 625 1003 servaretur.
657 975 783 1004 Librarii
797 975 985 1013 aliquamdiu
1006 974 1136 1013 graviter
1156 975 1256 1002 afflicti
1270 997 1278 1009 ,
1292 975 1412 1004 tandem
1427 982 1455 1004 et
1470 977 1571 1005 innata
1595 976 1745 1006 alacritate
1766 984 1793 1005 et

260 1028 412 1050 emtorum
432 1023 554 1050 uomina
569 1022 711 1051 dantium
724 1022 941 1061 promtitudine
964 1022 1063 1057 erecti,
1087 1022 1233 1059 jacturam
1253 1023 1419 1051 instaurare
1433 1030 1462 1051 et
1477 1034 1551 1061 opus
1565 1024 1603 1052 ad
1619 1024 1708 1052 finem
1728 1035 1795 1063 per-

260 1069 369 1098 ducere
384 1069 591 1099 decreverunt.
610 1070 668 1099 Sed
685 1071 751 1100 finis
765 1072 826 1109 jam
841 1081 898 1098 non
916 1076 1032 1108 poterat
1045 1070 1150 1108 attingi
1165 1080 1246 1098 anno
1262 1070 1353 1107 1837,
1377 1071 1506 1099 termino
1521 1071 1593 1099 olim
1619 1072 1795 1105 constituto,

259 1119 331 1155 quia
346 1128 427 1155 parne
448 1117 572 1146 dimidia
586 1128 654 1156 pars
676 1118 868 1147 voluminum
889 1118 927 1146 ad
942 1116 1110 1156 typothetas
1131 1117 1226 1146 redire
1240 1118 1375 1147 debebat.
1396 1120 1474 1147 Hinc
1494 1120 1586 1157 igitur
1603 1119 1724 1148 alternis
1739 1119 1798 1148 fere

262 1165 374 1194 vicibus
388 1165 517 1194 fasciculi
531 1166 717 1194 instaurandi
726 1173 755 1195 et
768 1167 837 1195 novi
851 1165 934 1204 prelo
945 1165 1106 1200 dabantur,
1119 1175 1216 1203 usque
1229 1165 1304 1194 dum
1319 1166 1418 1194 medio
1432 1177 1512 1195 anno
1523 1168 1686 1205 superiore,
1707 1168 1795 1203 1839,

261 1220 357 1241 totum
371 1223 445 1251 opus
460 1212 632 1241 absolutum
647 1219 730 1242 esset.
745 1214 782 1241 At
796 1212 968 1251 scrupulosa
982 1222 1053 1241 cura
1066 1213 1158 1241 Revv.
1170 1212 1295 1241 Patrum
1311 1214 1575 1243 Benedictinorum
1589 1216 1619 1243 in
1635 1215 1798 1244 condendis=

260 1260 423 1294 indicibus,
439 1271 515 1298 quos
529 1271 582 1289 sua
596 1271 689 1289 manu
703 1261 879 1299 scripserant
891 1283 898 1295 ,
916 1266 944 1289 et
961 1261 991 1288 in
1005 1260 1218 1299 speciminibus
1232 1260 1464 1300 typographicis,
1482 1262 1534 1290 ubi
1558 1273 1698 1291 numeros
1712 1264 1796 1301 pagi-

260 1319 367 1337 narum
379 1319 483 1337 omnes
497 1319 566 1337 cum
582 1308 711 1338 editione
726 1310 836 1338 iterum
848 1309 1072 1347 comparabant,
1095 1309 1292 1348 perlegendis,
1308 1310 1450 1348 postremi
1465 1309 1594 1339 fasciculi
1607 1311 1796 1340 emissionem

258 1356 296 1385 ad
310 1356 391 1384 hunc
408 1356 488 1385 diem
504 1357 642 1386 extraxit.

299 1436 342 1465 De
356 1436 486 1474 repetitis
503 1436 708 1465 voluminibus
721 1436 775 1465 hoc
789 1436 964 1466 addendum
976 1443 1019 1465 est
1033 1459 1040 1472 ,
1057 1446 1125 1465 cum
1140 1436 1236 1475 primo
1259 1443 1287 1465 ct
1301 1436 1443 1474 secundo,
1462 1448 1528 1476 quae
1541 1444 1607 1476 post
1622 1438 1736 1477 reliqua
1752 1445 1797 1478 ty-

259 1483 387 1523 pothetis
404 1483 609 1519 tradebantur,
625 1483 807 1513 Savilianam
819 1484 981 1513 editionem
996 1484 1033 1513 ad
1047 1484 1173 1513 verbum
1188 1484 1225 1512 ab
1238 1484 1324 1513 nobis
1339 1496 1399 1515 esse
1409 1485 1548 1514 collatam
1561 1499 1567 1520 3
1586 1496 1645 1524 qua
1662 1496 1749 1514 causa
1767 1493 1796 1515 ct

259 1532 340 1571 quali
352 1532 464 1569 fructu,
487 1542 522 1560 ex
540 1543 627 1571 supra
643 1532 728 1562 dictis
746 1532 866 1562 abunde
887 1532 1075 1571 intelligitur.
1097 1531 1236 1571 Denique
1253 1534 1427 1562 universum
1443 1542 1520 1572 opus
1534 1544 1551 1561 a
1574 1534 1668 1572 capite
1683 1533 1719 1562 ad
1736 1534 1795 1561 cal-

258 1593 322 1611 cem
344 1593 451 1622 magna
472 1583 626 1622 diligentia
648 1583 813 1622 perlectum
826 1591 867 1613 est
885 1595 900 1613 a
916 1585 967 1611 Fr.
992 1584 1127 1611 Dz'ibnero
1139 1605 1146 1618 ‚
1162 1584 1215 1622 qui
1230 1581 1343 1620 ubique
1364 1582 1393 1609 in
1415 1581 1525 1619 quihus
1537 1580 1698 1610 offenderet
1711 1580 1796 1609 nobis

260 1630 413 1660 indicavit.

300 1710 417 1749 Paginae
434 1721 485 1749 per
506 1717 602 1740 totum
619 1721 705 1749 opus,
721 1711 803 1750 qnod
816 1712 877 1740 fieri
892 1711 976 1740 aliter
1000 1721 1060 1740 non
1076 1717 1191 1750 poterat
1202 1733 1209 1746 ,
1233 1716 1304 1738 sunt
1316 1710 1420 1738 veteris
1441 1708 1579 1737 editionis
1600 1707 1794 1737 Montsauco—

259 1764 364 1800 nianae,
381 1764 410 1791 in
426 1762 578 1792 Indicibus
593 1763 717 1793 demum
736 1763 853 1793 duobus
867 1775 966 1793 reruni
983 1770 1010 1793 et
1026 1763 1183 1802 Scripturae
1205 1772 1291 1792 sacrae
1313 1762 1447 1791 locorum
1469 1760 1506 1790 ad
1521 1771 1630 1789 novam
1654 1760 1729 1789 lianc
1748 1772 1794 1790 re-

260 1816 335 1845 latae.

298 1894 384 1933 Vale,
400 1896 515 1931 Lector,
531 1902 559 1924 et
571 1905 691 1934 operam
702 1919 709 1932 ,
730 1896 849 1935 qualem
863 1907 918 1935 pro
933 1907 1033 1925 rerum
1049 1895 1220 1926 conditione
1231 1896 1261 1924 in
1288 1894 1497 1933 Chrysostomo
1521 1903 1631 1932 ponere
1642 1893 1735 1929 licuit,
1759 1905 1792 1923 ca

258 1955 319 1983 qua
330 1944 413 1974 dccet
425 1945 564 1982 aequitate
576 1944 712 1982 excipito.

383 2074 530 2105 scripsimus
544 2075 650 2102 Parisiis,

381 2118 458 2143 Nonis
467 2118 558 2147 Juniis,
571 2119 739 2144 MDCCCXL.
1279 2122 1497 2142 umanum!
1507 2122 1526 2140 s
1547 2122 1619 2141 nx.
