1884 2922
772 215 874 239 INDEX
903 215 1030 238 RERUM.

128 275 240 305 litatem.
256 283 301 305 xl.
317 281 396 309 657⁰.
413 288 440 305 n.
465 277 634 317 Principatus
648 287 721 306 amor
738 288 770 306 cx
789 288 864 307 arro·

127 321 218 358 gantia
241 320 354 359 paritur.
374 329 421 352 Xl.
442 326 506 351 593.
528 333 554 350 c.
579 333 608 352 ι).
629 321 864 356 Quemadmodum

126 364 238 400 divitiae,
253 365 291 393 sic
307 364 474 404 principatus
485 366 604 394 incautos
620 366 731 404 perdere
754 376 865 394 consue-

126 414 177 438 vit.
196 414 265 436 vm.
282 413 345 437 452.
359 420 387 438 c.

166 452 338 492 Principatus
353 454 513 493 incorporeae
525 461 634 482 naturae.
647 461 667 483 Ι.
681 458 777 482 5591).
787 453 864 481 Prin-

125 496 229 535 cipatus
253 503 279 525 et
300 498 445 526 Potestatcs
468 498 537 526 inter
559 498 693 527 dzcmonas
721 499 799 526 etiam
816 497 867 526 ha-

126 539 263 570 bentur.l.
281 545 345 569 580.
361 553 386 569 A.
405 552 427 569 Β.

165 584 316 613 Pm-xcmns
328 585 444 614 revereri
458 593 561 625 oportet
571 587 597 614 in
612 594 741 624 quantum
753 586 865 614 christos

128 628 248 656 Domini.
266 635 311 656 lv.
328 634 392 657 877.
409 640 435 660 E.
457 631 516 658 Non
542 630 755 659 intervertendus
778 630 844 659 ordo
857 653 864 665 ‚

126 681 176 700 nec
191 682 252 700 cum
267 673 324 701 Deo
336 673 512 712 pugnandum
525 681 574 702 est.
593 681 638 702 lv.
654 679 718 704 877.
731 687 755 703 A.
775 675 866 703 David

125 715 300 744 reverebatur
321 717 477 756 improbum
507 718 631 753 Saulem,
653 729 732 756 quem
757 719 870 756 elegerat

125 759 217 788 Deus:
232 759 351 788 nondum
363 760 432 788 enim
442 782 449 794 ,
465 761 616 798 inquiebat,
631 761 766 790 abdicavit
788 762 867 790 illum

125 803 294 842 principatu,
309 803 427 833 nondum
449 805 510 833 fecit
534 815 567 833 ex
583 816 643 843 rege
657 805 804 844 privatum.
821 807 866 834 [ὑ.

125 846 243 875 Potestas
258 848 344 876 omnis
359 859 373 876 a
388 849 444 876 Deo
461 855 518 883 est,
540 849 586 877 sed
610 859 661 877 non
687 849 774 877 omnis
789 850 865 888 prin-

125 902 195 930 ceps.
216 899 264 921 lx.
281 897 345 921 752.
373 903 398 920 c.
422 903 450 922 n.
478 893 635 931 Principum
656 894 774 932 ipsorum
791 893 865 933 prin-

125 935 197 974 cipes
209 942 272 963 sunt
285 936 366 974 leges.
380 942 425 964 lV.
443 940 509 964 767.
528 947 556 964 Α.
573 937 710 976 Principes
723 937 864 975 injudicio

125 990 216 1018 poenas
233 980 369 1018 graviores
383 979 473 1007 daturi
497 987 557 1008 sunt
583 991 664 1018 quam
684 980 797 1008 subditi.
817 988 862 1010 VI.

124 1027 170 1052 47.
198 1034 224 1052 A.
252 1028 298 1052 148.
324 1034 350 1052 n.
371 1024 401 1051 In
425 1023 594 1063 principibus
622 1035 680 1063 spes
696 1035 747 1052 non
762 1031 800 1053 est
813 1035 863 1064 po-

124 1067 225 1102 nenda;
248 1078 312 1096 nam
341 1078 388 1096 nec
411 1074 449 1095 cst
475 1068 501 1096 in
522 1069 560 1096 eis
581 1069 661 1097 salus.
679 1075 709 1097 V.
729 1073 794 1097 574.
816 1079 863 1098 nec

123 1118 185 1140 sunt
198 1111 310 1140 divers-'n
323 1111 483 1140 conditionis
498 1123 528 1140 ac
543 1113 642 1151 vulgus
655 1113 805 1141 hominum.
815 1115 861 1142 Ib.

123 1165 152 1184 D.
169 1166 232 1195 sqq.
250 1156 402 1195 Principem
417 1157 551 1193 quomodo
565 1157 697 1195 corripere
711 1156 805 1185 debeat
820 1168 862 1186 sa-

123 1199 226 1228 cerdos.
250 1207 295 1229 Vl.
312 1205 375 1229 154.
392 1211 420 1229 1)v
437 1211 501 1240 sqq.
519 1202 644 1240 Princeps
658 1201 862 1230 sacerdotalium

121 1244 225 1282 jurium
238 1244 353 1272 violator
368 1255 382 1272 e
396 1245 504 1283 proprio
519 1244 602 1284 gradu
619 1245 861 1274 exciditxiffrn.

123 1288 249 1327 Principe
263 1288 440 1317 sacerdotium
453 1289 592 1317 affectante
606 1296 686 1317 cessat
712 1289 859 1327 prophetia.

124 1338 169 1361 W.
188 1337 233 1360 74.
249 1343 275 1360 Ε,
292 1333 419 1372 Princeps
433 1332 571 1361 sacerdotii
593 1333 700 1361 invasor
722 1344 772 1361 non
799 1344 861 1361 am-

122 1376 195 1414 plius
210 1387 258 1405 rex
270 1377 419 1416 appellatus
433 1399 440 1412 ‚
458 1388 542 1415 neque
559 1378 665 1416 imperii
690 1377 768 1405 titulo
790 1377 861 1405 desi-

122 1426 218 1457 gnatus
230 1442 237 1454 ,
254 1421 317 1458 quia
331 1420 388 1459 ipse
405 1421 570 1459 praeveniens
592 1431 646 1449 sese
661 1420 792 1459 dignitate
813 1421 859 1449 de—

119 1463 193 1502 jecit.
210 1471 255 1493 Vt.
270 1468 333 1492 155.
350 1474 378 1492 n.
395 1465 428 1491 V.
447 1464 601 1493 Sacennos.

161 1507 318 1546 Principum
332 1507 493 1547 negligentia
513 1518 581 1547 srepe
595 1508 713 1537 nascitur
733 1520 766 1537 ex
781 1510 860 1549 culpa

119 1551 225 1590 populi.
240 1558 284 1580 VI.
302 1557 367 1580 118.
384 1562 408 1580 Β.
434 1563 459 1579 c..
475 1552 608 1591 Principis
629 1553 733 1591 justitia
748 1561 859 1591 quanta-

121 1605 235 1633 cumque
247 1595 345 1633 fucrit,
364 1606 415 1624 non
429 1596 485 1624 sola
502 1597 601 1624 valebit
617 1597 745 1625 immensa
767 1597 860 1626 subdi-

119 1646 207 1667 torum
222 1647 328 1678 peccata
343 1639 477 1678 obtegere.
497 1642 543 1669 lh.
559 1651 586 1668 n.
605 1640 743 1680 Principes
766 1648 859 1680 optant

120 1683 557 1722 improbos1habere'successores‚
566 1695 657 1722 quare.
666 1692 710 1713 111.
723 1690 787 1714 355.
798 1697 822 1713 Α.
832 1697 856 1714 Β.

160 1728 330 1756 ΡΒιΝοιΡιωι
345 1734 369 1756 et
383 1728 444 1756 finis
461 1728 567 1756 virtutis
585 1728 703 1758 dilectio.
720 1736 766 1757 lx.
789 1734 853 1758 757.

120 1771 264 1810 Principiis
277 1772 446 1800 obstandum.
467 1779 524 1801 vn.
546 1777 610 1801 919.
634 1784 659 1802 B.
681 1783 743 1812 sqq.
770 1774 858 1802 Prin·

116 1818 195 1854 pium
209 1817 359 1844 verborum
376 1817 601 1854 pollicitationes
611 1818 740 1845 Abrahoe
748 1818 853 1856 factoe.

120 1868 154 1888 v.
168 1865 231 1889 890,
244 1871 271 1890 E.

159 1905 254 1933 Pmsm
269 1904 390 1933 homines
413 1904 438 1932 in
462 1905 553 1933 Yetcri
568 1905 739 1933 Testamento
754 1915 800 1934 nec
819 1905 852 1934 de

118 1949 308 1978 resurrectione
319 1948 467 1986 quidquam
479 1949 613 1984 sciebant,
626 1959 711 1986 neque
722 1948 757 1977 ad
768 1960 856 1978 exem-

118 1993 164 2032 pla
192 2000 314 2032 poterant
341 1993 487 2031 respicere,
505 1999 529 2021 ct
552 1999 637 2021 tamen
667 1993 740 2021 fuere
762 1994 856 2022 sancti.

120 2044 179 2066 ΧΠ.
197 2042 262 2065 293.
842 2062 845 2065 .

160 2081 315 2109 anscmrffi
342 2080 442 2108 laudes.
469 2087 516 2109 IX.
534 2085 599 2108 817.
627 2091 651 2108 B.
677 2090 700 2107 c.
718 2087 776 2108 ΧΠ.
792 2085 857 2110 498.

119 2124 241 2153 Priscilla
256 2124 409 2163 apostolicis
427 2124 616 2152 certaminibus
629 2135 655 2152 se
664 2123 857 2153 dediditxut.

120 2173 184 2198 420.
199 2179 225 2197 C.
242 2169 365 2197 Priscilla
391 2175 415 2196 ct
438 2168 535 2206 Aquila
561 2168 671 2206 quinam
699 2175 794 2196 essent.
813 2175 856 2196 111.

120 2216 184 2242 208.
206 2223 234 2240 D.
252 2223 316 2251 sqq.
334 2212 457 2240 Priscilla
474 2222 523 2240 cur
536 2212 642 2249 Aquilae
665 2212 761 2240 marito
782 2219 859 2240 antc-

119 2255 239 2294 ponitur.
253 2263 300 2285 111.
318 2261 380 2285 212.
393 2256 480 2284 Ambo
492 2255 625 2294 adjutores
639 2256 726 2284 Pauli.
745 2260 858 2284 111211.

121 2307 169 2328 lx.
186 2305 251 2329 816.
265 2300 445 2328 Inessabilium
456 2300 577 2328 taborum
590 2308 614 2328 et
624 2300 804 2339 periculorum
816 2310 860 2328 eos

121 2344 264 2382 participes
290 2344 371 2372 fuisse
392 2344 507 2372 ostendit
532 2345 641 2373 Paulus.
659 2351 704 2373 IX.
720 2349 783 2372 816.
804 2346 861 2372 Do-

120 2398 196 2416 mum
211 2398 286 2416 suam
303 2388 441 2416 ecclesiam
467 2388 559 2416 secere.
586 2390 629 2415 ΙΙ).
657 2399 681 2416 c.
697 2387 820 2416 Priscilla
835 2394 860 2415 et

118 2432 217 2469 Aquila
233 2442 313 2469 quam
327 2431 396 2460 bene
410 2432 543 2460 viverent.
558 2438 614 2460 VH.
631 2436 694 2459 635.
708 2442 735 2458 n.
752 2442 806 2469 prce
821 2441 859 2459 re-

116 2475 196 2513 gibus
209 2475 289 2503 beati.
309 2482 354 2503 111.
369 2479 434 2503 217.
444 2475 603 2503 E.Prisciila
617 2475 750 2503 adscitum
764 2475 860 2514 Apollo

118 2529 167 2558 per
181 2530 286 2548 omnem
310 2519 430 2547 veritatis
457 2519 529 2548 viam
550 2518 679 2555 deduxit,
693 2525 717 2547 et
733 2519 857 2547 instituit.

122 2570 143 2591 1.
162 2568 226 2592 375.
244 2575 269 2592 n.
293 2570 339 2592 lx.
356 2567 421 2591 822.
442 2573 466 2591 r.
487 2571 512 2591 et
535 2564 680 2603 perfectum
703 2563 859 2601 magistrum

122 2608 249 2637 reddidit.
269 2615 314 2637 111.
331 2612 393 2636 212.
413 2618 438 2635 c..

1596 206 1664 242 363

965 279 1098 306 vasrlo
1109 275 1242 304 bonorum
1253 285 1358 304 sensum
1366 285 1458 304 eorum
1467 275 1549 305 efficit
1560 299 1569 315 ‚
1582 288 1667 316 quem

920 322 1086 350 ususfructus
1099 330 1151 349 non
1166 319 1308 348 efficiebat.
1326 326 1359 349 v.
1374 324 1438 349 406.
1451 329 1476 349 Ε.

960 365 1062 394 l'nonffi
1077 371 1203 392 matronae
1230 364 1322 392 Romae
1343 363 1451 402 degenti
1467 364 1561 393 scribit
1575 366 1667 406 Chry-

918 416 1059 438 sostomus.
1072 407 1306 437 111.8.¹40.Pr0bam
1321 407 1422 436 laudat.
1433 408 1479 435 ΙΙ).
1495 409 1583 447 Rogat
1594 420 1666 446 eam,

919 462 948 483 ut
973 456 1102 484 Joannem
1121 453 1305 491 presbyterum
1326 459 1351 481 et
1376 453 1492 482 Paulum
1520 453 1666 484 diaconum

918 498 1033 537 benigne
1047 497 1174 535 excipiat.
1189 498 1235 524 ΙΙ).
1253 507 1281 526 E.

960 543 1148 571 Pnossrmxim
1161 540 1324 578 loquebatur
1341 540 1479 569 Christus.
1497 548 1530 572 V.
1552 547 1618 572 248.
1638 554 1664 572 c.

919 586 1062 615 Problema
1075 584 1160 612 oratio
1176 584 1288 612 obscura
1303 591 1327 612 et
1340 583 1518 622 aenigmatica.
1531 587 1577 616 ΙΙ).

959 631 1046 658 Puom
1063 628 1194 667 improbis
1209 628 1355 667 permixti,
1371 639 1461 666 quare.
1477 636 1533 658 VH.
1551 634 1618 659 875.
1635 642 1661 659 Β.

918 674 1027 712 Duplex
1047 672 1109 700 hinc
1123 672 1264 711 praemium
1277 672 1409 707 reserunt;
1436 679 1493 701 tum
1519 673 1582 712 quia
1601 674 1664 703 boni

918 723 995 753 sunt,
1011 723 1069 745 tum
1095 716 1158 753 quia
1173 716 1242 744 nihil
1257 716 1365 744 fuerunt
1387 716 1421 744 ab
1448 717 1580 756 improbis
1594 718 1661 747 laesi.

920 767 979 789 Vll.
997 764 1062 789 876.
1093 770 1120 787 e.
1147 760 1200 788 Sed
1217 766 1245 788 ut
1264 766 1335 788 recte
1355 760 1466 797 vivant,
1480 760 1580 790 debent
1595 762 1664 790 nulli

920 804 987 833 vitio
1002 814 1057 832 esse
1069 803 1183 831 addicti.
1202 811 1274 833 vul.
1293 808 1356 832 187.
1372 814 1401 834 D.
1419 804 1525 833 Probus
1550 805 1610 843 quis
1635 806 1665 834 fit

919 858 953 876 ex
966 848 1099 876 consortio
1112 847 1268 886 proborum.
1287 855 1320 876 V.
1335 852 1380 876 87.
1394 859 1422 877 Δ.
1437 847 1534 877 Probis
1545 848 1664 887 improbi

919 901 972 919 non
986 897 1097 930 possunt
1108 901 1164 919 esse
1176 891 1339 929 propinqui,
1355 901 1402 918 nee
1419 891 1532 929 proinde
1544 892 1611 921 Deo.
1628 899 1662 921 V.

919 939 964 964 39.
979 946 1005 963 c.
1025 940 1071 965 40.
1086 936 1155 963 Nam
1172 935 1207 963 ob
1222 945 1327 962 morum
1347 934 1555 973 discrepantiam
1569 946 1662 965 eorum

916 986 1052 1018 aspectum
1069 988 1119 1006 non
1133 979 1228 1006 ferunt.
1243 979 1289 1006 Ib.
1312 977 1393 1007 Probi
1407 979 1513 1018 cognati
1529 980 1661 1019 improbis

917 1033 967 1051 non
993 1030 1114 1062 prosunt.
1136 1029 1207 1051 Vlll.
1227 1026 1291 1051 123.
1316 1033 1341 1053 n.
1358 1022 1447 1050 Probo
1463 1023 1553 1052 nullus
1576 1031 1662 1062 potest

919 1077 1021 1095 nocere.
1046 1073 1102 1094 vu.
1122 1070 1186 1094 343.
1210 1076 1236 1094 Α.
1256 1076 1281 1093 Β.
1303 1067 1343 1094 De
1365 1066 1510 1104 proborum
1535 1069 1661 1096 aerumnis

916 1121 994 1139 nemo
1009 1110 1087 1138 debet
1112 1108 1300 1138 scandalizari.
1318 1116 1351 1139 11.
1370 1115 1415 1138 17.
1430 1121 1457 1139 E.
1471 1122 1496 1139 A.
1512 1111 1552 1139 De
1567 1121 1662 1140 eorum

916 1162 1001 1184 morte
1027 1154 1217 1192 gaudendum,
1234 1163 1326 1191 quare.
1346 1160 1367 1182 1.
1393 1158 1457 1182 938.
1474 1155 1553 1184 Vana
1576 1155 1660 1194 gloria

916 1199 997 1226 etiam
1011 1198 1108 1236 probos
1124 1197 1238 1225 invadit.
1254 1203 1312 1226 Vll.
1330 1201 1394 1226 278.
1411 1207 1436 1226 B.
1452 1207 1516 1235 sqq.

955 1244 1064 1271 Pnonns
1081 1241 1126 1279 qui
1138 1240 1268 1279 patienter
1288 1241 1402 1280 excipit,
1417 1241 1467 1270 boc
1482 1241 1540 1281 ipso
1553 1249 1660 1281 peccata

915 1286 1043 1326 deponit,
1060 1293 1161 1314 etcum
1188 1285 1285 1313 humili
1312 1285 1457 1324 publicano
1480 1287 1656 1325 justificatur.

917 1339 936 1360 l.
955 1336 1019 1359 600.
1038 1341 1063 1358 Β.

956 1376 1097 1403 Pnoctnes
1111 1372 1220 1401 honoris
1235 1379 1258 1400 et
1275 1372 1402 1410 potentiae
1425 1373 1532 1401 nomina
1554 1380 1659 1402 tantum

914 1418 1021 1446 habent.
1042 1424 1100 1445 vu.
1121 1421 1186 1445 666.
1204 1429 1229 1445 Δ.
1252 1420 1315 1444 667.
1333 1417 1406 1452 Quot
1421 1416 1526 1445 daumis
1539 1424 1565 1445 et
1580 1417 1657 1446 mulis

914 1461 1024 1490 obnoxii
1039 1462 1100 1490 sint.
1113 1463 1155 1489 lh.
1168 1460 1269 1489 Gloriae
1285 1470 1378 1488 eorum
1389 1460 1531 1488 vanissima
1544 1462 1656 1499 species,

913 1514 938 1536 et
954 1508 1110 1547 plerumque
1125 1507 1246 1535 exitiosa.
1262 1513 1320 1534 vu.
1336 1510 1401 1534 667,

953 1553 1102 1580 Processio
1114 1555 1143 1579 ἰιι
1157 1561 1213 1590 quo
1227 1551 1354 1590 disserat
1368 1560 1385 1578 a
1396 1553 1591 1589 generatione.
1606 1558 1655 1580 111.

916 1601 981 1625 966.
1000 1608 1025 1624 c.
1044 1607 1073 1626 n.
1090 1606 1118 1626 Ε.

951 1643 1098 1670 Ρκοεοῐηο
1112 1639 1205 1668 scribit
1220 1638 1439 1677 chrysostomus.
1458 1646 1503 1668 111.
1520 1644 1584 1669 850.
1601 1651 1626 1668 A.

951 1688 1072 1713 Paomm
1084 1695 1093 1711 i
1106 1690 1183 1711 vocat
1194 1682 1293 1721 psaltes
1311 1692 1379 1719 quas
1391 1683 1464 1710 Deus
1480 1682 1607 1711 victorias
1620 1694 1659 1712 re-

911 1728 974 1757 tulit
987 1729 1044 1768 ipse
1066 1737 1114 1766 pro
1132 1726 1233 1765 populo
1247 1736 1311 1761 suo;
1332 1725 1389 1754 haec
1409 1726 1480 1753 enim
1496 1726 1656 1764 operabatur

911 1782 1022 1811 prorsus
1036 1778 1112 1800 extra
1127 1775 1284 1798 consuetum
1302 1768 1435 1798 ordinem.
1456 1776 1485 1797 V.
1499 1774 1563 1801 222.
1581 1780 1607 1797 E.
1625 1781 1653 1798 A.

951 1817 1098 1846 Pronior-s
1114 1814 1187 1842 filius
1201 1823 1253 1842 non
1265 1812 1432 1852 desperavit;
1445 1813 1505 1842 ideo
1519 1814 1656 1842 restitutus

912 1866 959 1889 cst.
974 1867 1006 1888 11.
1019 1864 1084 1887 335.
1103 1870 1128 1886 Α.
1140 1858 1173 1886 Et
1187 1857 1224 1885 sic
1237 1857 1397 1896 proponitur
1414 1857 1439 1885 in
1452 1857 1590 1897 exemplar
1600 1869 1653 1897 poe-

918 1903 1074 1933 nitentibus,
1093 1910 1113 1931 1.
1134 1907 1177 1930 11.
1197 1912 1226 1930 n.
1242 1911 1269 1928 E.

955 1948 1112 1976 Pnormun
1132 1953 1156 1973 et
1172 1945 1309 1983 impurum
1323 1951 1488 1973 sacrosancta
1512 1951 1586 1984 septa
1610 1945 1655 1973 in-

916 1991 990 2029 gredi
1004 1991 1086 2020 nefas.
1105 1997 1136 2018 v.
1159 1994 1223 2018 457.
1245 1999 1273 2018 D.
1293 1988 1413 2017 profanis
1424 1999 1518 2017 arcana
1540 1989 1590 2017 Dei
1604 2000 1655 2018 non

917 2035 1076 2073 detegenda.
1089 2041 1121 2062 V.
1136 2038 1200 2062 486.
1214 2044 1241 2063 D.

956 2080 1119 2107 Pnoracws
1135 2084 1224 2106 noster
1238 2087 1251 2105 a
1267 2077 1345 2105 nobis
1359 2087 1412 2105 non
1433 2076 1654 2115 considerandus,

915 2135 948 2152 ne
965 2123 1090 2162 superbia
1105 2129 1239 2151 nascatur.
1259 2128 1289 2150 V.
1309 2126 1374 2150 395.
1397 2132 1422 2149 B.

954 2168 1168 2196 Pizoomirones
1184 2165 1262 2205 probi
1283 2165 1321 2192 nil
1336 2172 1449 2204 prosunt
1463 2166 1615 2204 nepotibus,
1631 2167 1652 2195 si

915 2211 1037 2250 improbe
1050 2210 1177 2238 vixerint.
1193 2217 1250 2238 Vll.
1268 2213 1332 2239 527.
1350 2219 1377 2237 A.

954 2256 1103 2283 Paomis-515
1127 2253 1175 2281 Dei
1198 2251 1371 2281 credendum.
1398 2260 1419 2281 Ι.
1447 2257 1509 2281 206.
1534 2264 1562 2281 n.
1587 2257 1652 2283 207.

915 2309 994 2336 quam
1012 2298 1088 2326 firma
1105 2297 1166 2325 sint.
1183 2304 1216 2325 Χ.
1233 2301 1296 2324 521.
1314 2307 1337 2326 Β.
1353 2296 1442 2324 Multo
1456 2296 1579 2325 certiores
1595 2304 1656 2325 sunt

917 2343 1105 2382 promissiones
1119 2341 1168 2369 Dei
1185 2351 1265 2378 quam
1286 2351 1344 2378 quie
1365 2340 1391 2368 in
1407 2341 1504 2369 nostris
1519 2347 1581 2369 sunt
1596 2352 1657 2370 ma-

915 2387 1004 2415 nibus.
1024 2392 1070 2414 tv.
1083 2389 1147 2413 802.
1166 2395 1191 2413 Α.
1209 2388 1274 2413 803.
1294 2385 1367 2411 Dona
1388 2383 1517 2422 promissa
1537 2393 1655 2422 sequun-

915 2438 959 2459 tur
971 2436 1095 2458 nuturam
1108 2429 1164 2467 ejus
1178 2428 1224 2465 qui
1244 2427 1377 2467 promisit.
1397 2434 1442 2456 [v.
1456 2431 1520 2456 803.
1539 2438 1567 2455 A.
1589 2432 1652 2457 804.

916 2474 969 2504 Sed
979 2484 1048 2513 saepe
1060 2473 1150 2501 differt
1162 2474 1232 2501 Deus
1240 2471 1368 2500 exhibere
1381 2471 1568 2509 promissiones
1580 2482 1653 2507 suas,

916 2529 1008 2557 quare.
1024 2525 1083 2546 xit.
1100 2521 1159 2545 158.
1172 2527 1196 2545 n.
1211 2526 1236 2544 c.
1252 2520 1314 2543 159.
1330 2514 1470 2549 Quomodo
1481 2515 1652 2554 impleantur.

918 2570 950 2590 v.
968 2567 1033 2590 437.
1058 2572 1085 2589 D.
1109 2571 1135 2590 E.
1153 2559 1303 2598 indignitas
1324 2559 1440 2587 sacimas
1461 2560 1591 2590 revocari.
1611 2563 1654 2590 ΙΙ).

920 2606 1108 2646 operationem
1123 2611 1240 2633 nostram
1251 2610 1387 2642 expetunt.
1405 2610 1437 2632 v.
1458 2608 1519 2632 455.
1533 2614 1561 2633 D.
