1884 2922
253 206 320 248 204
887 219 990 242 isnex

250 281 399 320 optimam,
421 280 473 308 sibi
498 279 607 308 attrabit
620 279 742 316 gratiam.
773 285 829 307 vn.
849 284 912 308 546.
936 282 989 317 Qui

251 335 313 353 vero
328 324 439 363 gratiam
454 323 569 362 accipit,
585 322 643 351 ideo
657 322 764 361 accipit,
781 329 810 351 ut
824 323 939 352 aliorum
949 325 991 352 vi-

250 375 305 396 tam
327 367 457 396 emendet.
476 368 521 396 lb.

291 411 391 440 Gratiae
404 420 456 438 non
472 409 559 437 omnia
575 408 697 437 Christus
713 408 988 440 tribruit.x·11.439.a.

250 458 309 485 Non
326 456 414 484 omnia
428 466 459 483 cx
473 454 558 493 gratia
572 454 788 493 proficiscuntur.
807 459 870 483 428.
883 467 907 486 n.
920 457 987 486 Gra-

249 500 293 528 tiae
308 506 427 527 nostrum
451 498 573 526 studium
587 497 753 526 addendum.
768 505 811 527 tx.
830 504 892 528 123.
908 512 932 527 A.
949 507 989 528 at-

248 554 298 581 que
325 543 403 570 labor
433 548 530 570 noster.
546 548 602 570 vn.
621 546 685 569 491.
709 551 734 572 n.
763 542 798 570 Et
824 553 857 571 ex
876 554 989 582 superna

247 586 333 624 giatia
349 593 374 614 ct
403 596 438 613 ex
463 583 553 613 studio
577 591 666 612 nostro
694 585 780 613 virtus
805 586 908 624 pendet.
929 594 986 617 VH.

249 634 315 658 286.
341 640 367 657 c.
396 633 460 658 252.
488 638 512 655 E.
546 638 574 657 A.
601 629 661 656 Non
681 638 714 656 ex
738 628 793 657 sola
820 630 871 658 Dei
894 631 989 669 gratia,

247 673 295 701 sed
317 673 396 701 etiam
417 683 450 700 ex
471 671 655 700 accedentium
678 672 816 701 voluntate
839 675 989 713 apprehen-

247 716 321 745 ditur
341 716 457 755 justitia.
476 723 520 744 IX.
542 721 606 744 701.
630 726 659 744 D.
675 717 742 745 Cum
764 718 848 755 gratia
866 719 924 754 Dei,
941 730 988 747 sua

247 761 358 799 quisque
373 761 490 788 conferre
503 759 591 788 debet.
611 767 656 788 IX.
674 765 736 789 104.
756 772 779 789 n.
799 762 859 790 Post
875 763 988 799 gratiam

247 804 315 840 Dei,
332 815 380 832 suo
401 803 489 832 studio
507 804 690 841 unusquisque
710 804 776 832 bene
791 815 868 843 agere
892 811 986 844 potest.

249 855 294 876 lv.
315 852 379 876 252.
396 858 422 876 E.
442 848 500 876 Non
516 847 720 886 multumjuvat
736 849 819 886 gratia
836 850 884 877 Dei
900 849 933 877 ad
948 862 988 879 sa-

247 893 342 930 lutem,
354 894 376 922 si
390 893 494 932 impure
508 893 640 921 vivamus.
655 901 688 922 x.
701 898 765 922 612.
780 905 808 923 D.
824 895 873 923 Dei
886 897 988 924 auxilio

248 937 337 966 omnia
350 937 420 965 bona
435 937 548 975 agimus.
571 944 629 965 ΥΙΙ.
647 942 708 965 316.
729 949 755 966 D.
768 939 908 974 Quomodo
925 950 988 977 gra-

249 982 286 1009 tia
299 981 437 1009 nobiscum
458 981 501 1009 sit.
521 988 580 1010 th.
595 986 658 1009 449.
680 993 703 1010 B.
719 982 748 1010 ln
767 982 844 1010 bonis
860 984 986 1022 operibus

250 1025 324 1053 Deus
351 1024 418 1063 agit,
435 1031 459 1053 et
481 1035 528 1053 nos
549 1035 610 1053 cum
634 1026 701 1056 Deo,
732 1033 779 1055 XI.
807 1021 870 1057 ἐπ,
906 1039 930 1055 f.
958 1040 984 1056 Α,

247 1069 307 1097 Non
332 1068 416 1106 gratia
438 1069 536 1104 solum,
547 1068 595 1096 sed
609 1076 634 1097 et
649 1070 773 1108 operibus
796 1071 893 1100 nostris
917 1072 987 1100 filios

247 1112 299 1140 Dei
313 1121 367 1139 esse
386 1119 499 1151 oportet.
520 1119 577 1141 vn.
602 1117 666 1141 290.
683 1122 709 1142 Α.
726 1115 855 1152 Magnum
868 1114 964 1153 dogma
978 1127 984 1143 z

248 1165 300 1183 non
328 1155 427 1183 suffieit
457 1155 573 1183 hominis
598 1156 705 1192 servor,
725 1157 776 1184 nisi
791 1168 905 1196 superna
919 1158 988 1186 adsit

247 1198 348 1236 gratia;
364 1199 478 1236 itemque
505 1198 574 1226 nihil
593 1209 641 1227 nos
655 1210 669 1227 a
685 1210 798 1238 superna
814 1202 898 1238 gratia
908 1203 987 1240 juva-

248 1254 310 1271 mur
322 1265 331 1280 ,
350 1243 402 1272 nisi
418 1244 564 1272 voluntatis
575 1243 693 1272 studium
711 1245 787 1274 adsit.
803 1252 860 1274 ΠΙ.
883 1251 945 1275 888.
960 1259 985 1276 B.

248 1287 342 1316 Gratia
353 1297 405 1315 non
414 1286 534 1315 excludit
544 1287 690 1316 mercedem
702 1299 733 1317 ex
745 1290 881 1328 proposito
892 1290 972 1319 volun
980 1307 988 1313 -

247 1331 308 1359 tatis
319 1337 435 1370 partam.
448 1338 494 1359 lx.
509 1335 575 1359 478.
587 1342 610 1359 B.
622 1331 763 1371 Cooperari
775 1343 822 1361 nos
833 1333 891 1362 vult
905 1334 986 1362 auxi-

247 1375 284 1404 lio
298 1386 356 1405 suo.
373 1382 418 1404 IV.
433 1380 497 1404 596.
512 1387 537 1403 A.

291 1419 385 1448 Gratia
403 1430 518 1458 superna
537 1430 604 1458 opus
621 1426 659 1448 est
680 1427 708 1449 ut
728 1420 882 1450 incedamus
900 1421 927 1450 in
944 1422 986 1450 via

246 1473 306 1501 quae
325 1462 400 1491 ducit
417 1463 451 1491 ad
473 1463 600 1491 virtutem
612 1485 620 1498 ,
646 1464 720 1492 nobis
735 1475 794 1502 quae
819 1473 880 1494 sunt
898 1473 986 1494 nostra

247 1506 454 1535 conferentibus.
478 1514 510 1535 V.
540 1511 604 1535 551.
627 1518 655 1537 D.
679 1509 708 1536 In
725 1516 795 1538 rccte
809 1510 884 1538 factis
902 1511 987 1538 multa

246 1560 355 1589 egemus
370 1561 484 1589 superna
507 1551 602 1589 gratia.
618 1559 664 1580 Ix.
678 1557 742 1580 478.
763 1564 785 1582 Β.
808 1554 899 1591 Neque
915 1556 986 1582 enim

248 1594 378 1633 possibile
393 1601 430 1622 est
446 1595 545 1623 bonum
565 1595 675 1633 aliquod
691 1607 738 1624 nos
753 1604 821 1625 recte
836 1609 922 1636 agere,
935 1609 986 1626 non

248 1637 355 1676 adjutos
367 1648 481 1677 superna
495 1639 591 1677 gratia.
607 1647 652 1668 lv.
666 1644 729 1669 282.
744 1651 770 1669 n.
782 1642 818 1669 [t
834 1642 921 1670 Deum
933 1653 989 1670 ore-

247 1691 316 1715 ma5‚
332 1681 379 1709 Dei
394 1681 498 1710 auxilio
512 1692 630 1720 egemus.
646 1690 691 1711 lx.
706 1688 769 1712 646.
785 1695 813 1713 D.
829 1685 922 1713 Gratia
935 1686 988 1714 sal-

247 1735 296 1752 ros
311 1735 357 1752 nos
371 1725 499 1754 facirrx.
513 1730 578 1754 377.
592 1737 617 1754 c.
632 1727 784 1766 Supernum
794 1728 928 1757 auxilium
939 1740 987 1758 no-

246 1768 288 1796 bis
304 1769 485 1798 necessarium
502 1769 529 1797 in
557 1770 628 1798 bello
641 1771 770 1800 adversus
793 1771 935 1802 daemonas.
953 1781 984 1802 V.

248 1817 312 1841 553.
328 1823 353 1840 E.
371 1813 486 1841 Dilectio
500 1814 555 1842 sine
568 1814 652 1852 gratia
664 1815 731 1843 nihil
743 1822 791 1843 est.
807 1823 876 1844 vm.
890 1822 983 1846 491.c.

247 1855 341 1884 Grazia
355 1856 431 1885 nobis
443 1867 511 1895 opus
524 1864 562 1886 est
578 1864 606 1886 ut
620 1857 654 1886 ad
669 1858 784 1887 caelestia
800 1860 984 1890 ascendamus.

249 1906 306 1929 VlL
325 1904 411 1929 33.A.

288 1943 381 1971 Gratia
402 1943 554 1982 safficiens
575 1945 673 1975 invicte
702 1946 908 1976 demonstratur.
938 1955 983 1977 111.

249 1989 311 2013 316.
341 1997 368 2014 D.
395 1993 440 2014 lv.
461 1991 523 2015 252.
545 1999 571 2017 Δ.
597 1995 654 2017 vn.
669 1994 733 2019 334.
748 2002 773 2019 13.
796 1996 857 2019 888.
873 2002 896 2019 Β.
914 1999 984 2021 Vttt.

249 2034 311 2057 324.
327 2040 355 2058 c.
375 2037 420 2059 IX.
443 2036 487 2059 11.
507 2042 532 2059 A.
551 2032 703 2069 Doctrinam
728 2034 820 2072 gratioe
840 2035 988 2074 sufficien-

249 2076 284 2100 [ῖς
311 2083 436 2112 magnum
470 2074 567 2113 dogma
597 2083 673 2104 vocat
695 2077 910 2116 Chrysostomus.
927 2086 985 2108 vlt.

249 2121 311 2144 888.
332 2129 355 2146 B.
373 2119 402 2146 In
420 2125 509 2146 nostro
529 2119 579 2147 sita
602 2126 640 2147 est
659 2120 770 2148 arbitrio
785 2121 830 2149 vel
857 2123 928 2151 salus
943 2123 987 2152 vel

248 2160 361 2198 perditio
387 2169 485 2190 nostra.
501 2169 570 2191 vm.
591 2167 654 2192 324.
681 2174 706 2192 c.
731 2163 864 2194 Pernicies
888 2177 921 2194 ex
945 2177 986 2195 so-

248 2203 272 2232 la
294 2205 405 2242 segnitie
437 2213 525 2234 nostra
544 2207 683 2245 procedit:
700 2208 791 2246 gratiae
815 2209 886 2237 enim
911 2211 987 2239 nobis

248 2257 299 2276 non
323 2248 416 2277 dosunt
435 2249 470 2278 ad
491 2258 559 2279 recte
581 2251 735 2280 vivendum.
756 2259 776 2281 1.
794 2257 856 2283 167.
872 2264 897 2282 Ε.
914 2255 986 2283 Deus

248 2301 299 2319 non
326 2292 380 2320 vim
404 2293 669 2332 i11fertnolcntibus,
685 2295 730 2323 sed
754 2295 872 2326 volentes
895 2298 985 2327 trahit.

249 2342 547 2370 lH.153.D.E.15K

288 2382 410 2410 Gratiam
424 2383 500 2411 nobis
512 2384 642 2412 attrahere
659 2395 742 2413 unum
757 2385 834 2415 nobis
849 2397 919 2415 curae
933 2388 985 2425 sit,

248 2431 272 2452 et
297 2425 366 2454 illud
383 2426 460 2454 nobis
479 2427 612 2456 auxilium
634 2429 785 2457 conciliare.
804 2437 848 2458 ΙΧ.
868 2436 932 2459 143.
956 2443 982 2460 n.

249 2468 326 2506 Apud
342 2479 388 2497 nos
414 2470 529 2499 manebit
544 2472 627 2509 gratia
639 2495 646 2507 ,
666 2473 686 2500 si
715 2484 761 2512 per
775 2473 842 2502 bona
866 2485 944 2514 opera
961 2483 986 2504 et

247 2511 374 2548 optimam
383 2513 478 2550 agendi
489 2513 618 2542 rationem
626 2526 682 2543 eam
692 2516 803 2544 retinere
812 2517 984 2548 volucrimus.

250 2561 293 2583 111.
314 2560 376 2583 316.
393 2567 420 2584 f..
439 2560 460 2585 A
475 2557 551 2586 bonis
568 2559 659 2596 gratiae
673 2560 795 2590 excidere
809 2570 937 2600 quantum
950 2565 985 2593 sit

248 2598 356 2626 malum.
383 2606 438 2628 vit.
458 2605 519 2630 334.
537 2613 558 2629 n.
586 2603 694 2640 Ignavia
714 2612 801 2634 nostra
829 2607 874 2635 Dei
899 2609 983 2645 gratia

1022 220 1146 242 RERUM.

1047 292 1093 310 nos
1103 281 1256 320 spoliamus.
1274 288 1319 311 tv.
1335 286 1398 311 252.
1413 293 1437 310 Α.
1453 282 1557 317 Quanta
1571 283 1603 312 sit
1619 289 1718 311 naturae
1736 283 1775 311 iu-

1044 325 1171 361 firmitas,
1187 325 1294 363 quando
1317 336 1364 354 nos
1376 327 1449 354 Deus
1467 326 1573 355 deserit.
1589 334 1656 356 vm.
1670 332 1733 356 562.
1749 338 1777 355 n.

1045 369 1138 397 Gratia
1151 369 1248 397 deserit
1263 369 1339 398 illum
1353 370 1398 407 qui
1415 392 1422 406 ,
1437 380 1498 398 cum
1513 370 1591 399 debet
1602 393 1609 403 ‚
1630 370 1778 400 doctrinam

1043 423 1095 441 non
1111 413 1240 452 impertit.
1258 420 1277 441 1.
1292 418 1356 442 648.
1376 424 1401 442 1³.

1084 456 1177 484 Gratia
1198 456 1246 484 Dei
1268 455 1416 493 quaerenda,
1441 466 1491 484 non
1501 456 1652 485 hominum.
1666 464 1699 486 x.
1715 462 1740 485 6.
1751 468 1778 486 E.

1043 499 1185 534 Quomodo
1195 499 1255 538 quis
1265 500 1376 537 gratiam
1390 500 1507 528 inveniat
1517 500 1590 539 apud
1601 501 1696 529 Deum.
1704 503 1746 529 Ib.
1755 512 1779 529 A.

1084 544 1179 571 Gratia
1206 543 1397 571 miraculorum
1421 550 1554 572 contracta
1576 551 1631 572 erat
1663 551 1781 584 tempore

1044 587 1227 626 Clirysostomi
1258 594 1277 615 1.
1296 592 1357 615 167.
1383 599 1408 615 Α.
1434 587 1584 625 Proplietiae
1596 589 1657 627 jure
1669 595 1791 627 postp0-.

1044 637 1144 658 nuntur
1157 630 1248 668 gratiae
1270 630 1447 658 curationum.
1471 637 1504 659 x.
1522 635 1586 661 334.
1602 643 1626 661 A.
1650 632 1705 659 Cur
1718 642 1781 660 vero

1043 673 1123 702 etiam
1138 674 1274 702 doctrinm.
1293 675 1334 701 Ib.

1085 718 1190 746 Gratia
1206 718 1345 755 baptismi
1358 725 1482 756 quanta.
1503 725 1536 746 Υ.
1552 723 1616 747 814.
1636 729 1663 747 Ε.

1085 761 1196 790 Gratim
1218 762 1265 789 hic
1281 771 1341 790 mos
1356 768 1397 790 est
1412 785 1419 797 ‚
1435 769 1588 800 egestatem
1603 763 1644 791 ad
1657 773 1779 800 magnas

1042 805 1159 833 divitias
1169 806 1336 844 perducere.
1354 813 1400 834 ΙΙΙ.
1418 811 1481 835 997.
1496 816 1521 834 13.

1086 849 1219 877 Gratiam
1237 849 1359 888 Spiritus
1377 852 1474 878 sancti
1493 851 1625 888 spiritum
1639 851 1712 879 solet
1727 860 1779 879 ὐο-

1042 903 1111 921 care
1123 903 1208 921 sacra
1219 894 1379 930 Scriptura.
1398 900 1466 922 vlit.
1480 898 1544 922 865.
1557 905 1585 922 n.
1604 904 1629 921 E.

1082 937 1201 965 Gmnffi
1222 940 1278 965 Deo
1289 936 1408 974 agendce.
1424 945 1445 965 11
1472 942 1517 965 20.
1531 944 1564 966 x.
1582 942 1608 966 9.
1622 948 1646 966 c.
1666 947 1778 977 semper.

1042 986 1062 1008 t.
1080 984 1143 1008 206.
1166 992 1192 1009 Α.
1208 991 1231 1008 Β.
1266 981 1382 1008 maxime
1397 981 1423 1008 in
1439 981 1572 1019 precibuS.
1592 988 1638 1010 ΧΙ.
1662 986 1726 1009 350.
1747 993 1774 1011 n.

1042 1021 1118 1052 657⁶.
1131 1035 1157 1052 A.
1168 1023 1322 1052 Gratiarum
1335 1024 1465 1052 actionem
1473 1036 1486 1052 a
1496 1025 1572 1053 nobis
1582 1025 1654 1053 Deus
1663 1025 1779 1053 maxime

1040 1067 1162 1104 requirit.
1191 1075 1236 1096 lv.
1256 1073 1300 1096 84.
1318 1078 1342 1098 Ε,
1362 1072 1426 1097 295.
1445 1080 1471 1098 Α.
1489 1073 1552 1097 588.
1570 1079 1595 1097 c.
1614 1076 1645 1097 V.
1669 1073 1732 1097 317.
1751 1079 1774 1099 Β.

1041 1111 1141 1138 Omnes
1166 1111 1264 1149 gratias
1278 1122 1356 1149 agere
1369 1111 1466 1140 debent
1480 1134 1487 1147 ,
1511 1112 1609 1140 divites
1623 1119 1648 1140 et
1663 1113 1754 1152 inopes
1768 1136 1776 1149 Ι

1040 1154 1096 1181 sani
1112 1160 1136 1181 et
1156 1154 1246 1191 aegroti
1259 1177 1266 1189 ‚
1285 1154 1332 1191 qui
1349 1154 1375 1182 in
1395 1156 1528 1193 prosperis
1550 1156 1634 1184 vitam
1649 1163 1732 1195 agunt
1753 1164 1778 1185 et

1041 1195 1086 1233 qui
1104 1196 1129 1223 iu
1145 1196 1273 1225 adversis.
1290 1204 1335 1225 lx.
1354 1202 1415 1225 474.
1432 1208 1458 1228 c,

1082 1239 1183 1267 Gratiae
1207 1240 1314 1278 agendae
1336 1251 1384 1279 pro
1399 1241 1534 1269 omuibus.
1550 1249 1596 1271 XI.
1621 1247 1684 1272 161.
1703 1257 1728 1273 Δ.
1752 1251 1777 1273 et

1041 1282 1066 1310 in
1083 1282 1218 1313 omnibus.
1237 1291 1258 1313 1.
1276 1289 1339 1312 206.
1362 1295 1386 1311 R.
1411 1295 1460 1323 pro
1482 1284 1559 1313 bonis
1583 1286 1662 1315 totius
1682 1287 1754 1316 orbis
1768 1310 1775 1322 ‚

1039 1327 1163 1365 exemplo
1184 1327 1270 1356 Pauli.
1298 1335 1357 1356 ΠΙ.
1381 1333 1445 1357 353.
1469 1339 1495 1357 c.
1520 1339 1569 1367 pro
1590 1331 1707 1367 nostris,
1729 1342 1776 1370 pro

1039 1371 1132 1399 alicnis
1141 1394 1148 1407 ‚
1159 1382 1208 1410 pro
1221 1372 1321 1411 parvis,
1336 1383 1385 1411 pro
1396 1373 1509 1410 magniS.
1522 1375 1566 1401 Ib.
1580 1375 1659 1402 etiam
1672 1386 1720 1414 pro
1728 1376 1778 1404 mi-

1040 1415 1188 1443 nimissu.
1202 1420 1266 1444 634.
1284 1426 1331 1454 pro
1339 1416 1474 1444 beneficiis
1483 1418 1669 1447 communibus
1683 1426 1708 1447 et
1722 1420 1778 1458 pri-

1039 1459 1107 1486 vatis
1120 1482 1127 1493 ,
1145 1469 1194 1498 pro
1208 1459 1345 1487 beneficiis
1364 1460 1510 1488 manifestis
1526 1468 1550 1488 et
1562 1472 1610 1499 pro
1622 1461 1775 1491 latentibus.

1040 1509 1059 1530 1.
1082 1507 1144 1531 206.
1163 1515 1188 1531 Λ.
1204 1510 1248 1531 [Υ.
1266 1507 1311 1531 St.
1329 1515 1355 1532 A.
1373 1508 1438 1532 295.
1461 1515 1488 1532 Α.
1507 1515 1522 1531 Β
1551 1509 1613 1533 296.
1636 1510 1699 1534 297.
1726 1517 1776 1535 non

1039 1546 1124 1574 solum
1139 1557 1186 1585 pro
1201 1546 1267 1582 suis,
1280 1546 1328 1575 sed
1340 1554 1364 1575 et
1381 1558 1428 1586 pro
1441 1548 1534 1576 alienis
1549 1556 1617 1578 recte
1628 1550 1712 1579 factis.
1728 1558 1775 1581 IX.

1039 1596 1102 1620 474.
1119 1599 1152 1620 x.
1173 1596 1237 1620 505.
1261 1603 1287 1622 c.
1310 1604 1338 1621 n.
1365 1596 1503 1622 now.
1526 1592 1643 1623 1:435st
1667 1596 1736 1624 sicut
1751 1603 1778 1625 et

1040 1646 1088 1674 pro
1103 1635 1180 1663 bonis
1192 1646 1250 1673 quae
1261 1647 1309 1675 per
1320 1636 1386 1664 alios
1397 1637 1473 1665 nobis
1483 1637 1636 1667 adveniunt.
1645 1646 1678 1668 V.
1691 1645 1735 1669 63.
1749 1653 1773 1672 B.

1041 1680 1195 1708 Gratiarum
1211 1680 1326 1708 actiones
1340 1680 1490 1709 emittendae
1504 1682 1584 1710 etiam
1600 1683 1627 1711 in
1645 1683 1775 1714 adversis.

1042 1730 1113 1752 viu.
1131 1728 1195 1752 249.
1213 1730 1301 1753 A.X1-
1321 1728 1385 1752 157.
1404 1729 1468 1754 350.
1483 1736 1510 1753 E.
1537 1732 1562 1754 et
1574 1727 1673 1765 asperis
1685 1728 1774 1757 rebus.

1041 1774 1071 1795 v.
1087 1773 1148 1796 111.
1164 1778 1188 1795 c.
1206 1774 1252 1795 tx.
1270 1772 1333 1796 474.
1356 1779 1381 1797 c.
1406 1778 1434 1796 n.
1464 1779 1511 1797 nec
1532 1780 1583 1798 non
1606 1771 1711 1808 quando
1726 1783 1778 1801 non

1039 1812 1211 1840 exaudimur.
1225 1818 1257 1839 v.
1271 1816 1336 1841 641.
1351 1823 1380 1843 D.
1396 1820 1442 1841 tx.
1458 1817 1522 1841 477.
1535 1824 1562 1842 n.
1579 1814 1623 1842 vel
1637 1823 1778 1854 antequam

1039 1855 1237 1891 exaudiamur,
1250 1863 1295 1885 aut
1312 1856 1484 1895 impetremus
1507 1858 1580 1895 quod
1600 1860 1776 1898 postulamus.

1040 1907 1073 1928 Υ.
1102 1905 1165 1928 151.
1191 1910 1219 1928 E.
1252 1900 1360 1929 tandem
1383 1901 1410 1929 in
1426 1902 1536 1931 morbis.
1564 1910 1584 1931 1.
1605 1908 1668 1932 914.
1695 1915 1722 1934 c.
1747 1916 1777 1934 n.

1040 1948 1104 1972 915.
1131 1950 1156 1972 et
1180 1943 1206 1971 in
1235 1944 1352 1972 insidiis.
1376 1950 1440 1973 915.
1467 1946 1707 1986 tentationibusque
1720 1948 1778 1977 dia-

1038 1987 1102 2015 boli.
1117 1993 1240 2018 1v.701.
1250 1998 1279 2016 D.
1294 1995 1372 2026 atque
1391 1996 1450 2018 ante
1462 2000 1589 2019 mensam.
1603 1998 1659 2020 VH.
1672 1996 1735 2021 569.
1749 2004 1774 2020 Β.

1039 2037 1064 2059 et
1079 2038 1139 2070 post
1155 2042 1283 2060 mensam.
1311 2039 1331 2060 1.
1350 2037 1413 2061 881.
1435 2045 1461 2061 B.
1488 2041 1533 2062 lv.
1550 2039 1614 2062 833.
1632 2046 1656 2064 a.
1671 2047 1697 2065 c.
1723 2036 1777 2065 Sed

1038 2074 1142 2103 ebrium
1155 2086 1206 2103 non
1224 2075 1317 2104 decent
1329 2077 1474 2114 gratiarum
1488 2077 1613 2106 actiones.
1635 2080 1680 2107 Ib.
1698 2080 1776 2108 Faci-

1038 2118 1118 2146 liores
1132 2118 1298 2158 blasphemia
1314 2120 1460 2158 gratiarum
1480 2121 1606 2150 actiones.
1628 2129 1649 2150 1.
1664 2127 1728 2152 914.
1745 2134 1774 2152 D.

1040 2166 1104 2190 915.
1135 2163 1166 2190 In
1181 2162 1299 2191 adversis
1316 2163 1414 2201 gratias
1429 2173 1506 2202 agere
1518 2165 1604 2195 multo
1618 2167 1706 2206 majus
1718 2174 1755 2196 est
1767 2190 1774 2204 ‚

1037 2216 1117 2243 quam
1133 2206 1155 2234 si
1171 2217 1232 2234 cum
1250 2206 1353 2236 divitiis
1368 2207 1465 2236 multas
1477 2209 1657 2249 eleemosynas
1670 2211 1776 2252 impen-

1038 2249 1110 2277 deret
1121 2249 1190 2287 quis.
1207 2257 1241 2279 tt.
1257 2256 1300 2279 18.
1319 2262 1344 2278 Δ.
1358 2256 1402 2279 19.

1078 2297 1180 2326 Gratim
1193 2299 1249 2326 Deo
1259 2309 1311 2336 quo
1325 2299 1404 2328 modo
1418 2301 1536 2339 agendae.
1555 2309 1612 2331 ΠΙ.
1628 2308 1674 2332 47.
1688 2316 1712 2333 B.
1729 2311 1774 2336 48.

1038 2341 1097 2368 Non
1116 2341 1204 2370 verbis
1225 2348 1340 2377 tautum,
1361 2343 1504 2374 sederam
1526 2347 1652 2385 operibus
1666 2350 1775 2388 agendae

1037 2392 1106 2413 sunt.
1121 2392 1152 2414 V.
1169 2390 1231 2416 600.
1244 2397 1269 2415 c.
1284 2393 1330 2415 lx.
1348 2392 1413 2416 706.
1428 2401 1454 2418 Α.

1078 2436 1235 2465 Gratiarum
1256 2438 1324 2466 actio
1347 2449 1441 2477 magna
1467 2450 1507 2468 res
1528 2448 1576 2469 cst.
1601 2448 1632 2472 V.
1657 2447 1722 2472 433.
1744 2454 1771 2472 e.

1038 2490 1150 2518 magnus
1177 2481 1326 2511 thesaurus.
1346 2490 1379 2511 11.
1393 2488 1439 2513 21.
1456 2495 1482 2512 c.
1500 2485 1643 2523 pulchrum
1665 2497 1772 2517 munus.

1039 2530 1072 2553 V.
1091 2528 1154 2553 589.
1172 2536 1197 2555 B.
1225 2533 1249 2554 et
1264 2526 1411 2555 maximum
1426 2528 1598 2557 sacrificium.
1618 2537 1663 2558 lv.
1681 2535 1727 2559 84.
1743 2543 1770 2560 Α.

1040 2574 1071 2596 V.
1089 2572 1154 2596 378.
1171 2579 1195 2596 Β.
1213 2573 1276 2598 389.
1296 2580 1323 2598 a.
1344 2581 1513 2609 summopere
1527 2572 1583 2601 Deo
1597 2580 1712 2611 gratum.
1737 2581 1769 2603 Υ.

1039 2615 1101 2640 276.
1118 2622 1141 2640 n.
1162 2613 1246 2641 Nemo
1261 2620 1343 2652 potest
1358 2615 1415 2643 Deo
1427 2615 1525 2653 gratias
1540 2626 1617 2653 agere
1625 2617 1771 2647 secundum
