1884 2922
698 236 884 260 semerom.
910 236 1034 259 SACRI-3.
1587 226 1631 261 63

94 308 156 326 mn.
200 308 281 326 vnns.

95 341 128 369 3.
165 343 269 380 2.sqq.
288 339 356 370 vidi
378 340 508 369 visionem
521 346 546 369 et
558 340 683 370 sedebam
701 343 728 371 in
744 342 814 371 Ubal
826 365 834 380 ,

335 391 385 413 etc.
400 392 419 412 I.
434 390 536 413 780.1:.

232 430 280 457 27.
299 427 333 456 Et
347 438 395 466 ego
408 429 504 457 Daniel
519 429 648 458 faciebam
659 440 739 470 opera
753 431 832 470 regis.

338 480 356 500 I.
373 478 441 501 777.
456 484 481 502 Β.

301 517 471 545 Enarratur
486 517 519 545 T.
535 524 578 545 YI.
599 522 734 546 284-288.

217 563 279 591 ’2.3.
297 561 331 589 Et
343 560 463 590 intellexi
474 562 501 589 in
513 561 590 589 libris
602 572 744 590 numerum
756 572 835 591 anno·

336 616 408 640 rum,
429 613 479 635 etc.
492 612 510 633 1.
526 611 592 636 777,
615 617 638 633 Β.

249 648 275 677 4.
295 648 797 686 Confessnssumcnim,ctdixi.1577.
810 660 836 678 D.

214 693 278 722 56.
296 693 480 729 Peccavimus,
498 693 590 731 inique
612 693 726 732 egimus,
745 701 794 722 etc.
814 702 833 723 I.

336 743 400 766 777.
421 748 446 765 E.

247 781 276 809 ὃ.
295 781 380 809 Nobis
395 781 516 810 confusio
531 781 616 809 faciei.
632 789 652 812 I.
670 786 732 811 269.
745 793 774 812 D.

232 828 276 853 11.
296 825 330 854 Et
358 826 431 854 venit
455 836 534 865 super
555 836 602 854 nos
623 826 785 855 maledictio.
812 833 832 854 1.

336 875 399 898 778.
411 882 434 899 Β.

234 915 278 942 12.
297 915 435 943 Venerunt
449 924 530 952 super
541 923 588 942 nos
602 914 681 942 mala.
696 921 715 943 I.
732 919 797 942 778.
812 926 833 943 ιι,

233 959 278 986 15.
296 959 330 986 Et
354 968 425 986 nunc
450 957 579 993 Domine,
594 958 667 986 Deus
693 965 790 987 noster.
816 965 834 987 I.

334 1006 401 1030 779.
414 1012 444 1030 E.

181 1046 280 1074 17.18.
299 1045 417 1074 Ostende
429 1045 521 1074 faciem
532 1052 606 1074 tuam
620 1057 701 1085 super
711 1053 836 1075 sanctua-

337 1090 408 1118 rium
419 1096 507 1124 tuum,
521 1097 570 1118 etc.
591 1097 612 1119 1.
630 1096 694 1120 779.
711 1102 736 1119 A.

232 1134 279 1162 18.
297 1133 355 1161 Non
371 1133 398 1161 in
410 1134 523 1172 justitiis
535 1134 631 1163 nostris
643 1134 838 1174 prosternimus

336 1177 533 1206 miserationem
545 1185 674 1206 nostram.
690 1185 722 1207 v.
736 1182 796 1206 182.
810 1189 836 1206 A.

230 1220 277 1248 24.
295 1220 471 1259 Septuaginta
484 1221 665 1250 hebdomades
675 1222 838 1251 abbreviatae

337 1272 407 1293 sunt.
422 1272 441 1294 I.
458 1270 522 1294 786.
537 1276 564 1294 c.
581 1273 624 1294 III.
643 1271 706 1295 931.
722 1278 748 1294 A.

231 1310 278 1337 25.
296 1309 330 1337 Et
345 1319 487 1347 cognosces
504 1316 529 1337 et
550 1309 684 1348 intelliges
709 1310 742 1338 ab
762 1309 837 1338 exitu

335 1353 475 1382 sermonis.
494 1361 514 1382 1.
529 1358 595 1382 787.

228 1398 276 1426 26.
298 1397 359 1425 Post
374 1397 555 1426 hebdomades
575 1404 663 1426 autem
682 1398 837 1436 septuagin-

336 1448 372 1469 ta.
391 1449 412 1470 I.
429 1447 445 1470 7
467 1447 493 1471 7.
506 1453 534 1470 D.

228 1487 275 1514 27.
294 1485 362 1513 Cum
378 1486 450 1514 enim
464 1486 588 1515 videritis
599 1486 834 1516 abominationem.

335 1537 379 1558 VI.
394 1535 437 1558 33.
453 1541 481 1560 E.
500 1535 564 1559 519.
579 1541 604 1558 A.
623 1537 678 1558 Vll.
695 1535 758 1558 819.
774 1541 798 1557 B.

232 1573 278 1609 (3‘)
294 1574 427 1602 pauculos
438 1584 485 1603 nos
497 1574 583 1602 fecisti
595 1574 665 1602 ultra
675 1584 765 1602 onmes
778 1584 836 1613 gen-

332 1624 380 1646 teS.
400 1625 444 1646 IV.
459 1623 522 1647 329.
541 1629 568 1647 D.

97 1657 155 1688 10.
293 1662 461 1690 Enarratur
474 1663 508 1691 T.
530 1669 574 1693 VI.
594 1667 725 1691 289-292.

98 515 120 545 Φ

890 309 953 327 CAP.
995 308 1076 327 vtes.

894 342 952 373 10.
1014 342 1077 372 2-4.
1096 342 1126 370 ln
1140 340 1236 370 diebus
1250 341 1305 369 illis
1319 351 1390 371 eram
1409 352 1458 381 ego
1474 342 1570 371 Daniel
1588 343 1634 371 lu-

1131 395 1205 424 gens,
1219 392 1268 414 etc.
1286 392 1304 414 1.
1319 390 1385 414 760.
1402 397 1430 416 E.
1448 393 1507 417 XII.
1522 391 1587 416 754.
1603 398 1632 415 D.

1011 431 1073 460 5-8.
1093 429 1196 458 Levavi
1211 429 1303 458 oculos
1318 440 1391 458 meos
1409 435 1434 458 et
1451 429 1521 465 vidi,
1540 437 1590 459 etc.
1612 438 1633 459 I.

1133 478 1196 502 570.
1214 484 1238 502 c.

1026 521 1073 547 11.
1090 517 1205 553 Daniel,
1227 517 1270 546 vir
1284 517 1478 547 desideriorum
1489 540 1497 556 ‚
1513 519 1634 558 intellige

1131 562 1221 590 verba.
1234 569 1252 590 I.
1269 567 1334 591 571.
1351 573 1380 592 E.

977 607 1071 635 16.17.
1089 605 1190 634 Eversa
1205 612 1266 634 sunt
1280 606 1405 635 interiora
1417 617 1475 635 mea
1489 606 1516 635 in
1528 606 1633 635 visione

1131 659 1198 685 meay
1213 656 1263 678 etc.
1283 656 1305 677 1.
1323 655 1385 678 571.
1406 662 1432 680 Β,
1449 657 1505 679 XII.
1522 655 1587 679 754.
1607 661 1634 681 Γ.

1028 694 1074 722 19.
1094 693 1151 721 Pax
1186 693 1253 729 tibi,
1281 694 1324 722 vir
1356 693 1562 723 desideriorum.
1587 701 1632 723 III.

1132 741 1197 765 916.
1217 748 1241 766 n.

1025 783 1075 810 21.
1092 780 1200 809 Etenim
1220 791 1272 809 non
1291 789 1328 810 est
1348 792 1416 810 unus
1430 782 1477 820 qui
1496 793 1511 811 a
1527 793 1569 812 me
1583 791 1632 812 stet

1135 824 1169 853 de
1181 825 1234 855 his.
1254 832 1297 854 VI.
1314 830 1376 854 293.
1392 837 1417 854 c.

894 868 912 898 1
922 868 953 898 1.
1095 869 1265 898 Enarratur
1275 870 1308 898 T.
1321 876 1365 900 VI.
1382 874 1444 898 293.

951 913 1076 951 31.sqq.
1094 912 1209 940 Brachia
1231 923 1265 942 ex
1281 913 1340 951 ipso
1361 913 1527 951 exorientur,
1545 920 1593 943 etc.
1617 921 1634 942 Ι.

1130 961 1193 985 781.
1208 967 1236 984 D.

894 998 951 1029 12.
1091 1000 1262 1028 Enarratzcr
1276 1000 1310 1028 T.
1324 1007 1369 1029 VI.
1386 1005 1453 1029 293.

1046 1047 1071 1072 1.
1092 1044 1124 1072 ln
1145 1051 1262 1083 tempore
1281 1044 1353 1073 enim
1371 1044 1418 1073 illo
1433 1051 1557 1084 exsurget
1578 1046 1635 1074 Mi-

1131 1088 1219 1117 chael.
1235 1095 1255 1117 I.
1270 1093 1334 1117 782.
1350 1099 1375 1117 c.

977 1134 1005 1161 8.
1017 1141 1082 1172 sqq.
1099 1133 1222 1168 Domine,
1238 1133 1297 1171 quis
1314 1140 1352 1162 est
1367 1132 1479 1162 istorum
1494 1133 1565 1171 finis,
1581 1141 1632 1163 etc.

1137 1184 1157 1204 1.
1170 1181 1233 1205 789..
1246 1187 1274 1205 D.

1042 1221 1071 1249 9.
1092 1221 1161 1249 Ecce
1174 1231 1307 1249 sermones
1318 1221 1424 1259 signati.
1441 1229 1487 1252 VI.
1499 1226 1561 1252 280.
1577 1229 1634 1252 XII.

1135 1270 1199 1294 564.
1217 1275 1242 1294 C.

893 1309 950 1340 15.
1024 1311 1072 1340 2-2.
1090 1309 1229 1347 Angustiae
1250 1309 1317 1337 mihi
1345 1316 1407 1338 sunt
1433 1309 1560 1348 undique.
1586 1317 1631 1338 III.

1134 1358 1196 1381 130.
1214 1364 1238 1381 Β.

1023 1398 1072 1426 52.
1099 1397 1247 1425 Inveterate
1279 1396 1386 1425 dierum
1422 1397 1563 1426 malorum.
1599 1404 1632 1427 Χ.

1134 1445 1198 1469 153.
1216 1452 1240 1470 n.

1022 1484 1071 1513 56.
1087 1484 1183 1513 Semen
1210 1484 1336 1513 Chanaau
1360 1491 1385 1512 et
1407 1494 1459 1513 non
1481 1484 1561 1514 Juda.
1586 1491 1632 1513 IV.

1135 1533 1204 1557 339.
1218 1539 1245 1556 A.

894 1572 953 1603 14.
1090 1574 1204 1601 Partim
1217 1579 1381 1601 enarratur.
1395 1572 1428 1600 T.
1446 1579 1492 1601 VI.
1507 1576 1572 1600 295.

1021 1620 1069 1647 37.
1087 1617 1252 1646 Recordatus
1267 1624 1305 1646 est
1325 1617 1375 1646 mei
1395 1618 1476 1646 Deus.
1498 1624 1544 1646 XI.
1567 1621 1632 1645 855.

1132 1674 1156 1691 A.
1174 1669 1232 1691 xtl.
1251 1666 1315 1692 3⁷⁸5.
1332 1672 1359 1690 c.

818 1799 924 1829 OSEE.

93 1931 158 1949 CAP.
200 1929 278 1948 vens.

95 1964 128 1994 1.
183 1963 275 1994 169.
292 1961 423 1996 Jezralwl,
434 1973 485 1991 non
501 1961 714 1991 misericordiam
739 1972 836 1990 conse-

330 2013 441 2044 quutam
452 2029 460 2042 ‚
474 2014 523 2036 etc.
537 2014 581 2035 VI.
598 2011 661 2035 455.
675 2016 699 2034 c.

93 2051 128 2084 2.
228 2054 274 2081 IS.
293 2051 444 2089 Disponam
460 2057 649 2080 testamentum
667 2060 729 2078 cum
744 2049 837 2078 bestiis

335 2094 401 2133 agri.
416 2100 536 2124 x·1.455.
553 2106 580 2123 c.

229 2139 277 2169 24.
295 2140 405 2169 Vocabo
431 2150 483 2168 non
508 2139 639 2179 populum
664 2149 762 2168 meum.
789 2145 836 2167 lx.

336 2188 401 2214 683.
423 2196 449 2212 A.
644 2211 650 2214 .

94 2228 128 2259 4.
246 2230 274 2257 2.
291 2226 410 2255 Exsecro
431 2234 456 2255 et
475 2227 645 2255 mendacium
675 2233 700 2254 et
722 2226 834 2254 furtum.

335 2278 355 2299 l.
373 2276 436 2300 267.
459 2282 483 2299 c.
498 2278 542 2299 III.
558 2275 621 2301 2⁷26.
641 2282 665 2300 Β.
680 2277 714 2299 V.
737 2275 797 2298 100.
814 2280 836 2297 Β.

337 2322 381 2343 VI.
396 2319 460 2344 302.
483 2326 508 2343 c.
524 2321 582 2343 YII.
598 2318 663 2343 755.
682 2325 709 2342 E.
728 2318 790 2341 809.
807 2324 835 2341 D.

244 2361 273 2389 6.
291 2358 384 2387 Oblita
398 2369 424 2386 es
436 2358 502 2396 legis
516 2358 566 2385 Dei
581 2357 630 2386 tui.
645 2365 712 2386 VIII.
726 2362 789 2386 4137.
808 2367 835 2386 D.

245 2405 273 2432 8.
291 2403 401 2431 Peccata
420 2402 514 2441 populi
536 2400 587 2429 mei
613 2400 766 2431 comedunt.
790 2407 834 2429 XI.

332 2445 409 2475 675⁶.
423 2457 448 2472 A.

226 2490 272 2521 14.
290 2491 348 2518 Non
361 2488 475 2518 visitabo
487 2488 556 2517 filias
568 2495 676 2518 vestras.
692 2497 712 2518 I.
727 2492 790 2517 810.
803 2500 830 2517 A.

335 2537 397 2561 811.
413 2543 440 2560 D.

229 2578 275 2607 16.
292 2576 368 2605 Sicut
393 2575 478 2604 vitula
501 2582 580 2605 oestro
601 2577 710 2616 percita,
725 2577 831 2606 insaniit

332 2618 423 2649 Israel.
438 2626 456 2647 I.
472 2624 536 2649 719,
552 2631 579 2649 Ε.

888 1927 952 1946 CAP.
997 1928 1076 1947 VERS.

888 1960 921 1991 5.
1044 1964 1073 1991 9.
1090 1961 1221 2000 Ephraim
1236 1962 1263 1990 in
1277 1961 1414 1990 interitum
1429 1961 1561 1992 abierunt.
1585 1970 1628 1991 VI.

1132 2011 1176 2034 list.
1193 2016 1222 2035 D.

888 2048 922 2079 6.
1040 2052 1068 2078 2.
1085 2050 1145 2089 Ipse
1160 2049 1313 2078 verberavit
1330 2060 1378 2078 nos
1388 2072 1395 2086 ‚
1410 2057 1435 2078 et
1450 2050 1506 2089 ipse
1528 2052 1632 2081 sanabit

1128 2104 1185 2122 nos.
1199 2099 1218 2121 I.
1233 2098 1294 2122 414.
1307 2104 1336 2123 A.

1042 2139 1070 2167 3.
1087 2137 1163 2166 Sicut
1174 2136 1328 2166 diluculum
1338 2145 1459 2176 paratum
1467 2138 1632 2169 inveniemus

1132 2192 1204 2210 eum.
1221 2188 1280 2209 VII.
1298 2186 1361 2210 321.
1374 2193 1399 2210 Β.

1044 2226 1070 2255 4.
1089 2225 1274 2254 Misericordia
1295 2233 1384 2255 autem
1410 2238 1466 2256 mea
1492 2235 1522 2257 ut
1547 2229 1631 2258 nubes

1126 2269 1266 2298 matutina.
1279 2276 1336 2299 VII.
1355 2275 1418 2300 321.
1432 2282 1458 2300 B.

1040 2316 1067 2343 5.
1085 2313 1223 2343 ,Iudicium
1234 2313 1307 2342 itlius
1319 2315 1395 2351 quusi
1407 2315 1456 2344 lux
1468 2317 1627 2355 egredictur.

1128 2364 1172 2386 VI.
1188 2362 1250 2385 276.
1267 2368 1294 2385 A.

1041 2403 1069 2431 6.
1087 2401 1301 2431 Misericordiam
1316 2402 1391 2437 volo,
1410 2410 1435 2432 et
1457 2414 1509 2433 non
1525 2405 1630 2433 sacrifi-

1124 2446 1206 2474 cium.
1224 2453 1242 2474 1.
1255 2450 1318 2474 206.
1338 2457 1363 2476 B.
1386 2454 1429 2477 111.
1446 2453 1510 2478 460.
1527 2459 1553 2478 E.
1570 2456 1628 2477 vu.

1126 2493 1190 2518 396.
1205 2500 1228 2518 B.
1243 2500 1274 2518 D.
1292 2494 1356 2518 489.
1368 2501 1395 2519 c.
1412 2496 1474 2520 502.
1487 2503 1513 2522 A.
1531 2497 1594 2522 584.
1605 2503 1631 2521 E.

1126 2537 1188 2562 856.
1202 2544 1230 2561 D.
1249 2537 1313 2562 865.
1331 2544 1357 2561 c.
1382 2540 1449 2563 VIII.
1474 2540 1519 2566 88.
1539 2547 1564 2564 E.
1578 2544 1624 2566 XI.

1122 2581 1188 2605 751.
1203 2588 1229 2606 c.
1247 2583 1304 2605 XII.
1321 2581 1384 2608 164.
1403 2589 1426 2606 B.
1441 2583 1505 2608 601.
1523 2591 1548 2608 A.

883 2621 915 2651 8.
1034 2621 1061 2650 4.
1081 2622 1279 2660 Regnaverunt,
1294 2627 1318 2650 et
1331 2631 1381 2651 non
1395 2629 1627 2662 pe1·111c·.11.4'a.A.
