1884 2922
273 253 283 273 1
292 242 338 284 44
879 247 981 269 inni-:x
1010 246 1166 269 Locorum

267 324 328 343 cmv.
373 323 451 341 vens.
1067 318 1126 337 mr.
1173 317 1253 336 vzns.

267 357 300 387 4,
399 357 447 385 20.
465 353 613 391 Cupieham
640 361 710 381 nunc
732 362 786 381 esse
804 351 876 392 apud
895 361 952 381 vos.
970 359 1003 381 Χ.
1300 349 1452 389 judicium,
1472 351 1593 390 quisquis
1619 352 1665 381 ille
1692 352 1736 381 sit.
1764 359 1797 382 Χ.

506 402 571 425 781.
586 407 609 424 B.
1301 398 1365 423 445.
1380 404 1408 423 D.

400 444 447 471 21.
465 440 554 468 Dicite
567 439 645 475 mihi,
657 439 703 478 qui
717 440 834 478 sublege
844 438 928 468 vultis
939 449 1004 467 essc.
1063 441 1098 472 5,
1196 444 1242 471 12.
1260 440 1370 470 Utinam
1393 439 1584 469 abscindantur
1604 442 1650 480 qui
1673 453 1721 472 vos
1735 452 1803 471 con·

507 491 539 512 11.
559 488 622 512 381.
640 495 666 511 A.
1303 483 1422 512 turbant.
1440 490 1497 512 vu.
1512 488 1577 513 702.
1595 495 1621 513 c.

347 531 446 559 2122.
465 527 553 556 Dicite
572 527 688 555 milii....
702 527 785 563 legem
801 537 853 555 non
875 526 1008 555 audistis?
1146 528 1245 560 1344.
1262 527 1456 556 Pei-caritatem
1468 528 1564 556 servite
1575 528 1803 557 invicem.0mnis

506 570 580 608 quod
608 570 742 598 Abraham
768 569 835 598 duos
858 571 929 598 filios
957 569 1008 598 ha—
1300 571 1370 599 enim
1386 571 1442 607 lex,
1455 577 1505 599 etc.
1523 578 1568 600 VI.
1585 576 1647 600 342.
1665 582 1691 600 n.

506 614 574 642 buit.
591 621 637 642 III.
654 619 718 643 327.
735 624 761 642 Α.
779 621 825 643 ΙΧ.
841 619 904 643 528.
1200 616 1247 646 14.
1264 615 1367 653 Diliges
1386 614 1541 653 proximum
1568 622 1644 644 tuum
1667 615 1736 644 sicut
1759 622 1802 644 te-

347 660 449 690 21-24.
469 658 504 686 T.
523 665 556 687 11.
573 663 636 687 381.
651 669 676 686 B.
1304 659 1404 698 ipsum.
1422 666 1466 687 VI.
1485 662 1548 687 341.
1562 669 1589 687 1⁷..

347 703 448 733 2224.
467 702 604 730 Abraham
618 702 738 730 cnim....
756 701 813 730 11.-ec
838 709 926 730 autem
948 709 1010 730 sunt
1200 704 1246 734 15.
1264 701 1345 739 Quod
1360 703 1382 730 si
1397 701 1513 730 invicem
1528 701 1667 736 mordetis,
1679 709 1704 730 et
1716 711 1803 730 comc-

506 745 560 773 duo
573 752 739 773 testamenta.
759 752 816 774 VII.
836 750 899 774 244.
914 756 939 774 c.
1301 745 1365 774 ditis
1377 767 1384 781 ,
1398 745 1488 774 videte
1503 756 1535 774 ne
1550 746 1584 774 ab
1601 746 1717 774 invicem
1740 755 1802 781 con-

402 790 450 820 24.
468 789 531 817 Haec
549 795 637 816 autem
658 795 719 817 sunt
737 799 782 826 per
794 789 950 827 allegoriam
963 789 1011 817 di-
1299 789 1454 818 sumamiui.
1473 797 1494 819 I.
1513 793 1578 819 740.
1605 800 1630 819 Β.
1656 796 1689 818 II.
1711 794 1756 818 49.
1774 801 1800 817 Α.

509 839 560 860 cta.
580 839 624 860 Ill.
643 837 706 860 327.
725 843 749 860 13.
1198 837 1245 865 18.
1263 834 1294 864 Si
1315 833 1419 873 Spiritu
1441 833 1588 871 ducimini,
1604 843 1656 862 non
1671 833 1732 862 estis
1753 832 1803 861 sub

406 878 449 905 Ib.
468 876 530 904 Haec
543 876 612 904 enim
636 882 697 905 sunt
710 875 763 904 duo
778 882 941 904 testamenta.
961 883 1006 905 III.
1302 877 1369 915 lege.
1388 883 1457 906 VIII.
1478 881 1541 905 528.
1557 887 1581 906 Β.

512 925 577 949 328.
589 931 617 948 n.
1144 924 1243 953 1921.
1260 921 1403 950 Manifesta
1429 927 1491 949 sunt
1515 931 1595 960 opera
1621 919 1708 949 carnis
1721 931 1728 946 ε
1743 929 1804 958 qnae

403 966 448 993 ΙΙ).
466 964 526 992 Una
539 963 647 1002 quidem
667 963 694 991 in
709 963 865 992 servitutem
886 964 1005 1003 gignens.
1303 970 1365 992 sunt
1388 963 1543 1000 fornicatio,
1559 963 1720 992 adulterium
1731 984 1739 999 ‚
1751 969 1801 991 etc.

452 1031 455 1032 ⁷
509 1014 555 1036 lll.
568 1011 632 1035 328.
648 1018 675 1035 E.
1301 1014 1322 1037 I.
1342 1011 1405 1036 456.

351 1052 452 1082 2426.
471 1052 505 1079 T·
520 1058 565 1080 III.
581 1055 646 1080 426.
659 1061 685 1079 C·
1199 1055 1247 1083 22.
1263 1052 1378 1081 Fructus
1389 1057 1478 1079 autem
1493 1050 1610 1090 Spiritus
1631 1057 1670 1078 est
1694 1050 1804 1086 caritas,

401 1096 450 1126 26.
469 1094 517 1122 Illa
530 1095 600 1122 enim
613 1105 673 1132 quae
683 1105 789 1123 sursum
803 1102 841 1124 cst
852 1097 1010 1132 Jerusalem,
1303 1094 1444 1133 gaudium,
1460 1105 1525 1134 pax.
1556 1101 1588 1123 II.
1615 1098 1678 1122 560.
1704 1105 1731 1121 A.
1758 1100 1803 1122 Iv.

511 1138 594 1166 libera
607 1145 698 1167 est.II.
714 1142 778 1167 631.
796 1150 821 1168 c.
836 1146 868 1168 V.
885 1145 947 1169 587.
1303 1143 1348 1166 39.
1374 1148 1399 1165 c.
1427 1145 1459 1166 v.
1480 1143 1545 1167 210.
1569 1149 1594 1166 Α.
1618 1144 1675 1166 VII.
1695 1140 1803 1165 633.1›.

403 1185 451 1213 28.
468 1181 620 1211 Secundum
645 1183 719 1210 Isaac
752 1183 935 1221 promissionis
962 1185 1011 1213 filii
1305 1186 1455 1210 x·111.539.
1473 1192 1498 1209 Α.
1522 1188 1567 1211 ΙΧ.
1592 1185 1637 1209 16-
1650 1192 1676 1208 Α.
1696 1183 1761 1209 473-
1774 1190 1801 1208 Ε·

506 1236 608 1254 sumus.
623 1233 668 1255 III.
685 1231 748 1255 138.
765 1238 788 1255 is.
806 1231 870 1256 426.
885 1238 910 1256 13.
1145 1228 1247 1257 2223.
1264 1226 1479 1255 Fructusautem
1489 1224 1608 1264 Spiritus
1620 1230 1657 1252 cst
1674 1223 1806 1262 gaudium

402 1272 450 1301 31.
466 1270 522 1298 Nos
543 1276 632 1297 autem
653 1281 746 1298 sumus
770 1270 861 1299 liberae
885 1271 946 1299 filii.
964 1279 1008 1300 111.
1302 1279 1372 1307 pax,
1408 1267 1484 1306 fides,
1518 1267 1702 1297 mansuetudo.
1732 1273 1802 1296 VIII.

507 1318 571 1342 426.
585 1324 610 1341 Β.
1305 1316 1368 1340 509.
1385 1323 1412 1341 Α.

271 1359 304 1388 5.
470 1359 637 1396 Exponitur
651 1357 686 1385 T.
705 1364 738 1386 X.
755 1362 808 1387 845
825 1362 888 1387 857.
1200 1356 1248 1387 24.
1266 1356 1321 1391 Qui
1335 1366 1399 1384 vero
1419 1362 1481 1384 sunt
1495 1354 1607 1386 Christi.
1622 1364 1727 1383 carnem
1748 1364 1807 1382 cru-

423 1406 451 1433 2.
468 1402 537 1430 Ecce
558 1412 607 1440 ego
628 1401 727 1430 Paulus
746 1402 807 1430 dico
828 1402 905 1431 vobis
920 1414 925 1429 ε
941 1413 1011 1441 quo·
1303 1399 1447 1428 cinxerunt
1480 1410 1541 1428 cum
1575 1398 1726 1427 affectibus.
1755 1404 1802 1427 lv.

509 1446 581 1474 niam
596 1445 617 1474 si
630 1445 870 1481 circumcidamini,
885 1446 1012 1475 Christus
1305 1448 1368 1472 157.
1387 1454 1414 1471 Ε.
1436 1447 1500 1472 403.
1518 1449 1551 1471 V.
1569 1446 1632 1471 182.
1649 1452 1677 1471 1).
1697 1444 1762 1471 236.
1777 1452 1793 1469 Α

507 1489 583 1518 vobis
607 1489 674 1517 nihil
696 1489 825 1528 proderit.
849 1498 869 1518 I.
895 1494 960 1518 734.
983 1502 1009 1519 Α.
1303 1495 1362 1517 VII.
1389 1493 1455 1518 779.
1484 1499 1509 1517 n.
1540 1494 1587 1517 lx.
1617 1492 1681 1517 590.
1706 1498 1732 1515 Α.
1756 1493 1802 1516 XI-

509 1538 575 1562 735.
590 1544 617 1561 Ε.
631 1537 695 1562 745.
719 1537 783 1561 833.
799 1541 885 1563 13.111.
906 1538 968 1562 104.
985 1544 1008 1562 Β.
1305 1537 1370 1561 665.
1388 1542 1413 1560 c.

511 1582 574 1606 129.
589 1582 652 1605 161.
673 1588 698 1605 A.
722 1581 785 1606 288.
803 1584 887 1606 A.1V.
906 1581 969 1606 406.
986 1588 1009 1605 Β.
1066 1579 1099 1610 6.
1265 1578 1432 1615 Exponisur
1444 1576 1480 1604 T.
1498 1583 1531 1605 x.
1553 1578 1687 1603 858-866.

511 1628 556 1649 VI.
574 1625 619 1649 28.
637 1633 663 1649 A.
682 1628 740 1650 VII.
757 1625 819 1650 159.
838 1628 884 1649 lx.
901 1625 964 1650 826.
984 1632 1009 1649 A.
1218 1625 1246 1651 1.
1263 1621 1388 1655 Fratres,
1404 1627 1431 1649 et
1449 1620 1472 1648 si
1496 1625 1698 1658 praeoccupatus
1725 1618 1807 1648 fuerit

510 1671 543 1693 X.
557 1669 621 1693 402.
639 1675 664 1692 c.
682 1669 745 1694 689.
762 1675 788 1692 c.
805 1669 868 1694 808.
883 1676 909 1694 E.
1307 1664 1389 1693 homo
1409 1666 1435 1692 in
1455 1664 1546 1701 aliquo
1567 1663 1664 1691 delicto
1676 1685 1684 1698 ‚
1696 1672 1743 1691 vos
1759 1663 1806 1701 qui

392 1710 454 1739 24.
473 1709 507 1737 T.
524 1716 544 1737 Ι.
564 1713 608 1737 13.
625 1720 652 1737 E.
1305 1708 1457 1748 spirituales
1480 1708 1553 1742 estis,
1579 1706 1806 1745 hujusmodi,in-

426 1754 454 1782 3.
472 1752 614 1780 Testisscor
625 1759 712 1780 autem
723 1763 815 1781 rursus
826 1753 897 1781 omni
912 1752 1013 1782 homini
1305 1752 1407 1781 struite.
1423 1760 1443 1781 I.
1461 1756 1506 1780 94.
1522 1762 1547 1779 Β.
1562 1758 1606 1780 IV.
1624 1755 1689 1779 797.
1711 1761 1739 1779 1).
1758 1757 1803 1780 IX.

512 1795 712 1824 circumcidenti
739 1806 782 1833 se,
796 1797 939 1835 quoniam,
960 1807 1011 1830 etc,
1306 1801 1372 1824 791.
1390 1807 1414 1824 n.
1428 1803 1487 1825 XII.
1503 1799 1567 1823 467.
1585 1805 1610 1822 c.

510 1846 532 1868 1.
549 1844 614 1869 736.
631 1850 647 1867 c
662 1846 686 1868 et
703 1850 732 1868 1).
1206 1843 1252 1869 ΙΙ).
1266 1840 1444 1869 considerans
1460 1839 1573 1877 teipsum
1594 1849 1627 1866 ne
1640 1843 1665 1866 et
1684 1845 1713 1866 tu
1728 1844 1809 1866 tente-

426 1883 454 1912 4.
472 1883 606 1918 Quoniam
623 1883 777 1912 debitorest
789 1885 869 1914 totius
887 1886 953 1925 legis
965 1887 1015 1916 im·
1307 1884 1353 1912 ris·
1368 1891 1414 1913 IV·
1431 1888 1494 1912 510-
1510 1893 1538 1911 1).

511 1928 624 1967 plcndze.
643 1935 688 1957 XI.
706 1933 770 1957 429.
786 1940 811 1957 F.
1222 1932 1252 1958 2.
1272 1927 1348 1956 Alter
1374 1927 1484 1955 alterius
1511 1936 1590 1954 onera
1607 1930 1720 1964 portate.
1735 1930 1805 1952 VIII.

412 1974 457 2001 Ib.
475 1972 530 2007 Qui
551 1973 577 2000 in
600 1972 657 2010 lege
672 1973 878 2011 justificamini,
893 1985 907 2002 a
931 1975 1015 2013 gratia
1310 1977 1374 2000 537.
1391 1983 1417 2000 Α.
1434 1978 1480 2000 XI.
1494 1975 1558 1999 446.
1572 1976 1630 1999 xu.
1650 1973 1714 1997 405.

510 2016 657 2044 excidistis.
689 2023 708 2044 I.
737 2021 802 2045 735.
831 2029 858 2045 Α.
884 2022 948 2047 739.
986 2030 1012 2047 ε.
1222 2016 1249 2045 4.
1267 2016 1343 2055 Opus
1363 2026 1443 2044 suum
1458 2014 1552 2054 probet
1571 2012 1751 2050 unusquisque
1764 2022 1770 2038 ε
1785 2018 1811 2039 et

510 2065 576 2089 807.
592 2072 620 2089 1).
638 2064 702 2089 833.
721 2071 744 2088 13.
766 2068 811 2089 III.
837 2066 900 2090 103.
917 2074 943 2090 Α.
967 2069 1012 2091 lv.
1310 2063 1347 2089 sic
1362 2061 1389 2089 in
1408 2059 1549 2098 semetipso
1562 2058 1673 2096 gloriam
1686 2056 1808 2092 habebit,

511 2109 576 2133 466.
595 2116 619 2133 B.
643 2112 689 2133 Ix.
714 2109 778 2134 772.
802 2116 826 2134 Β.
844 2113 877 2134 Χ.
898 2110 961 2134 283.
986 2118 1012 2135 E.
1310 2111 1334 2132 et
1349 2114 1400 2132 non
1416 2104 1441 2131 in
1454 2103 1546 2131 altero.
1562 2108 1608 2130 III.
1632 2105 1695 2129 359.
1717 2111 1743 2128 Α.
1760 2106 1806 2128 VI.

511 2153 575 2176 826.
590 2158 618 2176 D.
635 2155 681 2177 XI.
700 2153 763 2177 253.
780 2161 806 2177 Α.
822 2156 880 2178 XII.
898 2154 962 2179 409.
987 2161 1012 2178 c.
1310 2152 1374 2176 224.
1391 2158 1414 2176 Β.
1433 2153 1491 2175 VII.
1506 2150 1570 2174 886.
1586 2155 1610 2173 Β.
1635 2151 1679 2172 XI.
1694 2147 1758 2172 722.
1779 2153 1806 2171 B.

427 2193 455 2221 G.
472 2193 564 2230 Neque
584 2193 753 2221 circumcisio
773 2193 923 2231 quidquam
945 2194 1015 2223 valet
1221 2194 1249 2222 5.
1267 2191 1459 2228 Unusquisque
1472 2190 1545 2218 euim
1556 2199 1624 2217 onus
1647 2198 1726 2216 suum
1747 2197 1811 2226 por-

512 2246 596 2273 neque
610 2236 782 2275 praeputium.
802 2244 834 2265 Χ.
855 2241 919 2265 812.
1307 2235 1384 2262 tabit.
1403 2241 1435 2263 X.
1454 2238 1518 2262 479.
1530 2243 1555 2261 Β.

426 2281 454 2307 7.
472 2279 627 2308 Currebatis
640 2279 719 2308 benc:
730 2279 790 2317 quis
799 2290 844 2308 vos
855 2279 1016 2319 impedivit?
1222 2284 1250 2311 8.
1269 2281 1323 2316 Qui
1342 2280 1455 2309 seminat
1469 2279 1494 2307 in
1516 2289 1595 2307 earne
1607 2288 1653 2305 sua
1663 2300 1670 2313 ‚
1684 2276 1717 2305 de
1732 2286 1810 2305 carne

513 2330 572 2351 XII.
591 2327 654 2351 121.
671 2333 700 2352 D.
722 2327 785 2352 150.
803 2333 831 2352 1).
1307 2335 1355 2353 sua
1386 2330 1467 2352 metet
1493 2322 1698 2361 corruptionem.
1736 2326 1808 2349 VIII.

426 2369 455 2396 9.
472 2366 612 2396 Modicum
649 2367 720 2395 enim
750 2367 908 2396 sei-mentum
932 2374 1015 2397 totam
1308 2373 1372 2397 345.
1391 2378 1416 2395 c.
1432 2374 1465 2396 x.
1481 2371 1546 2396 461.
1561 2377 1585 2394 13.

512 2421 625 2438 mssSSflm
644 2411 792 2438 fermentat·
810 2418 830 2439 1.
845 2416 909 2440 740-
927 2423 952 2440 A·
1220 2416 1249 2443 9.
1269 2413 1310 2442 Ne
1330 2423 1392 2450 ergo
1407 2411 1584 2449 defatigemur
1608 2407 1684 2446 quod
1707 2407 1809 2436 bonum

412 2458 458 2483 10.
476 2454 589 2482 Confido
605 2454 631 2482 in
651 2454 728 2482 vobis
739 2476 746 2488 7
761 2454 833 2492 quod
849 2455 916 2482 nihil
938 2454 1015 2483 aliud
1306 2464 1344 2485 est
1356 2456 1487 2484 facientes.
1504 2462 1550 2484 XI.
1566 2458 1629 2483 204.
1644 2462 1671 2480 1).

511 2497 639 2526 sentiatis.
656 2505 701 2527 lv.
719 2503 783 2527 885.
799 2509 826 2526 E.
844 2506 889 2527 lx.
908 2504 971 2528 803.
987 2510 1011 2527 c.
1169 2504 1251 2531 9.]0.
1267 2501 1301 2529 Τ.
1319 2507 1339 2530 Ι.
1357 2506 1421 2528 900.
1438 2510 1466 2528 ι’..

513 2548 546 2569 X.
564 2545 629 2570 409-
644 2552 671 2570 D·
690 2546 755 2570 791-
779 2551 803 2569 1³·
827 2548 885 2571 XII.
904 2547 967 2571 121·
987 2555 1011 2570 A-
1203 2550 1249 2576 10.
1267 2545 1372 2574 Bonum
1384 2544 1460 2572 facite
1470 2542 1612 2571 adomnes.
1627 2546 1685 2569 XII.
1702 2543 1763 2568 15³.
1777 2549 1806 2567 n.

305 2612 321 2629 0
515 2590 578 2614 159·
597 2596 621 2613 ¹³-
1203 2593 1249 2620 11.
1268 2588 1365 2618 Videte
1380 2587 1504 2626 qualibus
1519 2584 1602 2613 literis
1615 2583 1711 2621 scripsi
1731 2582 1809 2610 vobis

418 2629 458 2655 lb.
477 2628 530 2662 Qui
545 2636 631 2657 autem
650 2640 696 2658 vos
718 2631 877 2665 conturbat,
898 2632 1013 2670 portabit
1307 2641 1386 2660 manu
1401 2630 1805 2659 mea,1x.837.n.XII.879.n.
