1884 2922
688 221 790 244 INDEX

84 287 115 316 S.
131 286 276 315 Bamums
299 285 381 324 filius
403 285 619 320 consolationis,
643 294 677 313 ex
701 284 786 323 reipsa

44 331 82 359 sic
107 337 225 359 vocatus.
238 337 286 358 tx.
312 334 372 357 105.
401 340 422 356 1.
449 328 584 357 Barnabas
606 328 648 356 vir
670 328 742 356 mitis
761 334 787 355 et

45 381 208 403 mansuetus.
228 381 274 402 lx.
294 379 357 402 Iso.
375 383 399 400 c.
417 372 554 400 Barnabas
567 371 685 410 optimus
702 372 744 400 vir
761 378 786 399 et

43 418 171 457 simplex.
186 425 232 446 lx.
248 422 312 446 217.
324 427 350 446 e.
369 416 504 445 Barnabas
518 415 627 444 cedebat
643 415 742 451 Paulo,
756 422 785 443 ut

43 468 68 490 et
79 463 194 491 Joannes
206 463 292 491 Petro.
310 468 355 489 Ix.
367 465 432 490 2413.
448 471 473 488 n.
486 459 616 488 Barnabae
627 470 687 487 cum
701 459 784 487 Paulo

42 505 174 534 dissensio
200 505 267 533 nihil
294 505 374 541 mali,
399 503 515 532 multum
535 502 598 530 boni
619 502 719 530 attulit.
735 509 780 530 IX.

44 555 108 579 283.
125 561 150 578 Β.
166 560 230 588 sqq.
246 548 381 577 Barnabas
402 554 492 586 postea
507 546 600 574 multis
624 545 752 574 laudibus
769 557 783 574 a

44 594 130 622 Paulo
155 594 305 622 celebratur
321 593 346 620 in
370 591 508 631 epistolis:
523 590 601 619 amici
623 597 784 619 recesserunt

43 638 77 666 ab
97 638 222 666 invicem.
240 644 286 665 IX.
306 641 370 665 289.
386 647 411 663 ,1.
431 640 495 664 290.
516 644 542 662 c.
559 634 708 663 Barnabam
725 634 784 672 opi-

43 688 123 710 natur
137 681 345 720 Chrysostomus
370 690 425 708 esse
448 679 554 707 fratrem
581 678 660 706 illum
678 677 711 706 de
731 688 783 715 quo

43 724 154 759 dicitnr,
172 726 253 763 cujus
276 724 342 751 laus
365 729 407 750 est
428 724 459 749 in
476 722 651 760 Evangelio.
666 729 698 750 X.
717 726 780 749 667.

43 779 72 799 n.
101 768 251 797 Barnabam
275 766 398 795 dicebant
426 764 536 803 quidam
564 775 620 793 esse
647 771 782 793 auctorem

43 815 162 841 Actuum
179 811 378 851 Apostolorum.
392 816 438 838 III.
457 814 521 839 922.
539 819 568 837 n.

85 857 114 885 S.
132 857 377 885 anrnormtffius
391 855 549 890 Lycaonas
564 853 605 881 ad
624 860 784 891 temperan-

43 903 115 928 tiam
131 901 262 928 instituit.
280 906 350 927 vni.
369 902 432 925 (322.
447 907 474 926 c.

84 942 214 975 Βασιλεὺς
227 941 386 980 Ἀρμενίων.
405 947 438 968 Υ.
456 943 518 968 193.
532 950 559 967 1-2.

82 987 231 1015 Bismmzs
244 985 366 1014 veritatis
379 983 561 1012 adversarius.
583 990 653 1011 ΥΙΙΙ.
671 988 736 1012 709.
753 994 780 1012 A.

82 1031 212 1059 Risimus
239 1029 364 1058 omnibus
384 1027 572 1067 Chrysostomi
597 1027 690 1056 amicis
712 1034 784 1055 ante-

44 1074 147 1103 celluit.
162 1081 183 1102 1.
200 1078 263 1102 442.
277 1085 304 1101 A.
320 1073 388 1112 Ejus
401 1072 478 1101 lateri
488 1078 616 1111 perpetuo
627 1071 782 1106 adhaerens,

43 1118 254 1158 condiscipulus.
270 1120 315 1147 lb.
334 1122 400 1146 443.
419 1128 444 1146 Β.
468 1117 596 1145 Extrema
613 1115 784 1155 premebatur

43 1163 144 1202 inopia.
174 1164 219 1190 lb.
243 1163 315 1190 Inter
344 1161 437 1189 ambos
465 1160 615 1189 communis
642 1160 712 1189 circa
742 1169 784 1187 res

44 1217 136 1235 omnes
159 1206 323 1245 disquisitio.
339 1207 383 1234 lb.
408 1204 501 1233 Basilii
516 1214 577 1232 cum
592 1204 784 1243 Chrysostomo

44 1251 161 1280 amicitia
176 1262 256 1289 quam
269 1257 349 1279 arcta.
363 1257 382 1278 1.
392 1254 455 1278 448.
466 1259 492 1276 Α.
502 1260 524 1277 Β.
538 1248 655 1278 Basilius
665 1247 785 1286 Chryso-

45 1295 125 1323 stomi
141 1295 345 1323 contubernium
361 1293 500 1322 ambierat.
516 1297 580 1322 443.
600 1303 625 1320 B.
645 1302 671 1320 c.
692 1290 785 1320 Basilii

45 1340 149 1367 dictum
173 1339 283 1368 caritate
307 1338 426 1377 plenum.
443 1344 462 1365 I.
485 1341 550 1366 461.
572 1347 598 1364 A.
615 1346 640 1363 13.
670 1334 786 1364 Basilius

45 1383 122 1411 libris
147 1382 254 1412 deditus
278 1383 303 1411 in
333 1383 421 1410 sorum
441 1390 586 1419 numquam
615 1379 748 1407 veniebat.
763 1385 784 1406 I.

47 1432 115 1456 443.
133 1438 159 1456 13.
176 1427 293 1455 Basilius
317 1424 488 1454 monasticam
511 1425 591 1453 vitam
612 1424 672 1452 vult
686 1423 787 1462 ample-

49 1471 94 1500 cti.
117 1479 138 1501 1.
159 1476 223 1500 443.
242 1483 268 1499 A.
290 1470 407 1499 Basilius
421 1475 446 1497 et
461 1469 668 1508 Clirysostomus
679 1467 714 1496 ad
729 1466 787 1506 epi-

48 1515 179 1555 scopalem
200 1515 359 1553 dIgnitatem
380 1512 556 1552 promovendi
581 1518 750 1550 quaeruntur.
764 1517 785 1538 1.

47 1564 112 1588 445.
132 1570 159 1587 ,1.
178 1558 296 1587 Basilius
309 1568 325 1586 a
350 1557 541 1596 Chrysostomo
566 1556 609 1595 pie
629 1555 742 1590 fallitur,
763 1561 788 1583 et

47 1602 185 1642 episcopus
200 1601 350 1631 ordinatur.
374 1607 395 1628 1.
420 1604 485 1629 446.
512 1600 642 1634 Queritur
665 1609 693 1627 se
713 1598 788 1627 dece‘

48 1653 123 1686 ptum
139 1657 152 1674 a
167 1646 370 1685 Chrysostomo.
388 1651 408 1672 I.
426 1649 489 1672 447.
507 1644 729 1682 Chrysostomum
744 1653 789 1671 ro-

48 1697 93 1728 gat
106 1696 134 1717 ut
147 1690 197 1718 sibi
209 1689 334 1728 episcopo
347 1688 428 1716 electo
443 1687 602 1726 opituletur.
614 1694 633 1715 Ι.
645 1691 709 1715 532.
721 1691 786 1715 533.

89 1733 231 1769 Btffims,
246 1732 394 1771 presbyter,
418 1731 451 1759 ad
471 1741 551 1768 quem
572 1730 712 1769 epistolam
729 1731 790 1758 mit-

49 1777 83 1805 tit
97 1777 316 1816 Chrysostomus.
331 1783 377 1804 III.
388 1780 452 1804 734.
464 1786 492 1803 D.
514 1775 577 1803 cho
588 1774 716 1803 adversus
728 1785 790 1813 gen-

50 1821 112 1849 tiles
126 1821 232 1858 ssagrat.
244 1821 291 1847 ΙΙ).

89 1865 227 1893 Bxssuxx
242 1864 433 1902 Chrysostomo
445 1862 564 1897 addicta,
577 1862 624 1900 qui
639 1862 739 1891 litteras
755 1861 790 1890 ad

52 1919 109 1937 cam
122 1908 216 1936 mittit.
233 1915 278 1936 111.
294 1911 357 1936 742.
373 1917 398 1935 n.

90 1953 194 1981 Bsssrs
217 1953 357 1991 episcopus
373 1958 398 1979 ct
412 1957 515 1990 martyr
530 1961 537 1977 :
553 1949 670 1979 Homilia
687 1949 714 1978 in
730 1960 790 1980 san-

51 2003 124 2025 ctum
139 1996 263 2024 Bassum.
279 2003 310 2024 II.
325 1999 389 2023 862.
405 2007 433 2023 ,1.

92 2041 196 2069 Rxsscs
209 2040 401 2079 Chrysostomo
416 2038 565 2067 devinctus.
574 2038 697 2077 Epistola
710 2037 793 2077 Chry-

53 2085 160 2113 sostomi
174 2084 210 2112 ad
226 2085 339 2113 Bassum
354 2083 519 2123 episcopum.
534 2090 578 2111 III.
592 2088 658 2111 788.
675 2093 698 2110 n.

93 2129 252 2157 BssTERNAE
269 2140 274 2155 :
289 2128 381 2157 currui
394 2127 543 2165 assignatus
556 2127 631 2155 locus
645 2132 732 2162 est,et
746 2126 793 2154 ba-

53 2172 149 2201 sternis
162 2172 232 2201 alius
245 2193 252 2207 ‚
268 2172 375 2201 Christo
392 2178 479 2199 autem
498 2170 596 2199 erranti
618 2170 721 2198 nullus.
745 2177 791 2198 lx.

55 2219 118 2243 385.
131 2226 158 2244 E.

96 2261 276 2289 Barium-res
303 2267 394 2289 contra
421 2259 586 2289 Christianos
610 2259 725 2298 scripsit.
760 2266 792 2287 x.

57 2310 137 2335 5512.

97 2349 212 2377 Barrus
229 2346 289 2385 quis
303 2357 365 2375 vere
379 2347 423 2377 sit.
438 2354 472 2375 Υ.
487 2352 551 2376 561.
569 2357 593 2375 n.
611 2351 673 2377 562,
690 2357 716 2376 c.
730 2346 797 2374 Bea-

56 2400 100 2422 tus
114 2393 217 2427 omnis,
228 2401 307 2428 quem
321 2390 442 2419 Christus
458 2391 566 2419 beatum
579 2397 669 2425 vocat,
684 2400 736 2417 non
752 2389 797 2418 ille

59 2437 105 2475 qui
119 2436 196 2464 bonis
211 2435 347 2473 praescntis
367 2434 430 2462 vitae
451 2441 599 2462 coronatur.
614 2441 670 2462 ΥΠ.
688 2438 750 2462 219.
770 2444 796 2460 A.

59 2481 157 2509 Beatus
177 2479 223 2517 qui
246 2479 290 2517 pie
311 2478 398 2515 vivit,
412 2478 627 2516 quibuscumque
649 2477 798 2506 afflictioni-

58 2525 110 2553 bus
123 2530 285 2553 exerceatur.
302 2531 334 2551 II.
356 2528 421 2551 903.
438 2534 462 2551 c.
483 2523 590 2558 Beatus,
605 2532 655 2550 non
668 2522 713 2559 qui
730 2532 796 2560 gau-

60 2569 105 2597 det
117 2568 196 2597 bonis
209 2567 347 2606 praesentis
361 2566 432 2596 ritae.
450 2574 470 2596 I.
495 2571 557 2595 859.
580 2578 605 2594 ,1.
626 2566 733 2601 Beatus,
746 2575 797 2593 non

61 2613 107 2650 qui
131 2611 252 2651 pecuniis
271 2611 373 2647 affluit,
390 2610 436 2639 sed
451 2611 498 2649 qui
521 2610 617 2649 pietate
631 2617 750 2639 ornatur.
762 2617 794 2638 II.

222 2661 294 2679 TUM.
321 2662 378 2678 xni.

1518 206 1580 253 ¹03

842 287 885 311 16,
901 292 928 310 1³.
948 281 1056 315 Beatus,
1075 289 1126 308 non
1148 279 1231 317 quise
1247 278 1385 306 ulciscitur
1401 277 1435 305 ab
1456 277 1579 314 inimico,

839 326 886 354 scd
898 325 943 364 qui
953 324 1062 353 inimico
1074 324 1169 363 parcit.
1178 330 1223 352 ΙΥ.
1235 328 1299 351 883.
1314 322 1387 351 Beati
1400 322 1580 361 przedicantur

839 369 953 398 humiles
965 392 971 403 ‚
986 368 1062 397 mites
1075 391 1082 403 ,
1093 375 1142 396 etc.
1157 390 1163 403 ‚
1177 377 1229 395 non
1247 367 1293 405 qui
1313 366 1481 395 daemonibus
1497 366 1581 405 impe-

839 420 906 442 rant.
922 421 940 441 I.
958 418 1020 441 361.
1033 423 1060 441 D.
1078 412 1173 440 Beatus
1196 421 1271 439 nemo
1291 411 1396 439 dicatur
1418 417 1477 439 ante
1499 410 1580 438 linem

819 219 945 242 RERUM.

837 460 910 488 vilse.
926 467 944 487 I.
959 464 1063 487 973.»1.
1077 458 1224 487 Beatorum
1240 468 1350 495 corpora
1366 457 1450 496 gloria
1469 456 1580 484 induen-

836 509 888 538 tur,
902 514 980 541 qnam
993 501 1064 531 oculi
1082 512 1133 530 non
1151 502 1244 530 serent.
1258 509 1278 529 I.
1296 506 1359 530 418.
1374 511 1400 530 c.
1419 502 1504 529 Beati
1518 502 1580 539 qui-

837 556 906 574 nam
922 548 990 574 sint.
1010 552 1041 574 Υ.
1058 550 1122 576 850,
1137 556 1163 575 c.

875 590 1046 618 BEArircno
1071 600 1132 617 vera
1155 600 1224 627 quir.
1252 597 1282 617 Υ.
1312 594 1377 617 331.
1395 602 1420 617 Α.
1438 587 1579 617 Beatitudu

838 640 876 661 est
899 633 1005 661 culmen
1019 633 1153 661 bonorum
1176 633 1307 661 omnium.
1325 640 1370 661 tx.
1386 637 1448 661 54⁴¹».
1468 643 1492 662 n,
1510 632 1579 659 Bea-

835 677 958 706 titndinis
988 683 1091 705 mternae
1121 687 1275 716 supremum
1309 676 1424 715 gradum
1452 676 1498 713 qui
1527 686 1578 703 non

836 721 957 759 attingit,
973 731 1023 748 non
1038 720 1146 759 exiguis
1168 727 1254 748 tamen
1270 726 1355 758 potest
1369 719 1422 747 frui
1450 719 1535 747 lionis.
1557 726 1575 746 I.

837 770 900 793 136.
917 764 1097 794 Beatitudinis
1112 771 1213 792 aeternae
1229 765 1331 803 priores
1355 763 1455 801 gradus
1470 763 1579 801 optandi

836 816 860 837 ct
877 808 1039 848 procurandi
1064 814 1135 836 sunt.
1159 809 1205 836 ΙΙ).
1223 808 1367 836 Beatitudo
1387 807 1503 835 hominis
1526 817 1578 834 non

836 853 862 881 in
877 853 944 881 cibis
960 860 983 880 et
999 862 1091 881 somno
1112 851 1243 880 consistit.
1260 859 1293 881 II.
1311 856 1374 880 904.
1386 851 1444 879 Non
1461 850 1487 877 in
1499 850 1579 878 rebus

839 896 1024 936 praesentibuS.
1039 897 1085 924 lh.
1101 895 1284 924 Beatitudines
1299 906 1313 923 a
1329 894 1435 923 Christo
1450 893 1579 933 proposi-

838 948 871 969 1ae
881 951 971 969 omnes
985 940 1107 969 homines
1121 946 1249 978 spectant.
1264 947 1323 968 VII.
1340 943 1404 967 215.
1423 949 1447 966 B.

877 985 1082 1019 BEELrnzcon,
1103 984 1145 1011 cui
1167 984 1255 1013 Judaei
1283 983 1381 1012 initiati
1407 987 1478 1010 sunt.
1506 988 1576 1009 vlit.

838 1034 903 1058 867.
920 1040 945 1057 Α.

878 1074 1041 1102 Batonem
1067 1073 1118 1102 tria
1143 1083 1250 1112 genera.
1269 1079 1313 1101 XI.
1333 1076 1398 1100 659.
1424 1081 1452 1098 E.
1471 1069 1579 1098 Bellum

838 1118 956 1157 triplex3
981 1118 1015 1146 ab
1041 1117 1174 1153 inimicis,
1197 1129 1211 1145 a
1235 1116 1439 1150 seductoribus,
1466 1125 1479 1142 a
1506 1113 1580 1141 falsis

838 1162 976 1191 fratribus,
994 1168 1054 1190 ΥΙΙ.
1069 1166 1134 1190 818.
1150 1161 1257 1190 Bellum
1272 1160 1373 1188 diaboli
1386 1159 1514 1187 adversus
1528 1157 1579 1184 lio-

841 1205 935 1234 mines.
953 1212 984 1234 Υ.
1000 1210 1063 1233 553.
1091 1217 1115 1233 Α.
1133 1205 1239 1234 Bellum
1257 1211 1348 1233 contra
1371 1202 1509 1231 diabolum
1535 1211 1580 1240 ge-

840 1255 942 1283 rentes,
960 1258 1052 1287 pacem
1069 1259 1131 1276 cum
1151 1249 1208 1276 Deo
1223 1247 1361 1275 habemus.
1387 1253 1433 1275 XI.
1464 1249 1530 1273 2063.
1551 1256 1576 1271 e..

840 1292 915 1320 Bella
930 1292 1032 1320 interna
1047 1292 1121 1321 sedat
1135 1292 1184 1321 Dei
1197 1292 1287 1320 timor.
1308 1298 1341 1319 V.
1359 1295 1404 1319 30.
1425 1301 1451 1321 Er
1472 1289 1579 1317 Bellum

840 1336 994 1364 intestinum
1009 1343 1035 1364 et
1050 1336 1130 1365 civile
1150 1343 1259 1365 externo
1277 1334 1454 1374 periculosius
1465 1355 1473 1368 ,
1486 1332 1580 1361 maxi-

840 1391 884 1408 me
907 1380 933 1408 in
957 1380 1084 1409 Ecclesia.
1100 1388 1132 1409 11.
1150 1385 1214 1409 762.
1231 1392 1257 1408 Β.
1275 1384 1338 1408 763.
1354 1389 1380 1407 c.
1398 1378 1505 1406 Bellum
1527 1376 1579 1404 sibi

840 1431 934 1452 mutuo
955 1424 1061 1459 inferre,
1078 1432 1116 1453 est
1135 1426 1222 1454 locum
1237 1425 1300 1453 dare
1320 1422 1500 1452 diabolo.x1.
1521 1426 1579 1449 120.

841 1467 917 1496 Bella
931 1468 958 1496 in
974 1468 1076 1497 cedibus
1090 1476 1115 1498 et
1129 1468 1238 1497 familiis
1250 1478 1318 1506 quae.
1333 1473 1366 1495 V.
1382 1470 1408 1494 3.
1422 1476 1450 1494 n.
1462 1465 1505 1493 Ex
1520 1474 1581 1503 pee-

842 1519 962 1541 catorum
981 1512 1106 1542 scintillis
1129 1513 1315 1542 exardescunt.
1336 1512 1380 1539 lb.
1398 1509 1467 1538 Belli
1483 1519 1512 1537 ae
1532 1519 1581 1548 pu—

842 1566 899 1594 gnae
913 1567 992 1585 causa
1008 1557 1152 1597 praecipua.
1164 1564 1196 1586 Υ.
1209 1561 1274 1586 400.
1290 1567 1318 1584 D.

881 1600 976 1630 Bar-s
1002 1601 1122 1637 idolum;
1146 1613 1194 1641 pro
1221 1600 1319 1638 insigni
1347 1598 1396 1627 deo
1420 1597 1580 1633 habebatur,

842 1645 902 1683 quia
918 1645 1002 1674 multa
1018 1645 1182 1675 comedebat.
1199 1653 1244 1674 ΥΙ.
1260 1649 1322 1674 294.
1334 1656 1360 1672 A.

883 1689 1069 1718 Bmzmcno
1085 1690 1111 1718 in
1123 1688 1271 1728 Scripturis
1291 1693 1436 1715 memorata
1447 1695 1516 1722 qum.
1534 1691 1580 1713 tv.

843 1737 889 1761 05.
916 1744 944 1761 n.
973 1732 1036 1760 Haec
1059 1733 1121 1761 data
1142 1732 1218 1760 initio
1240 1730 1345 1764 mundi,
1364 1728 1478 1768 amplior
1493 1734 1582 1755 autem

843 1775 904 1804 data
915 1783 954 1804 est
969 1782 1027 1814 post
1042 1775 1189 1804 diluvium.
1204 1782 1253 1803 IV.
1269 1779 1333 1802 304.
1352 1777 1414 1801 305.
1428 1771 1583 1800 Benedictio

844 1820 1017 1848 Hebraeorum
1031 1820 1057 1848 111
1071 1820 1200 1859 AEgypto.
1215 1826 1247 1847 Υ.
1265 1822 1329 1846 338.
1344 1827 1370 1844 E.
1386 1814 1583 1844 Benedictionis

844 1863 946 1892 fruetus
957 1870 1018 1892 sunt
1030 1863 1080 1891 filii
1096 1865 1187 1890 Aunae.
1201 1866 1317 1890 ΝΛΜ-2.
1332 1871 1357 1889 11.

885 1907 1104 1936 Benedictionum
1120 1906 1288 1935 differentiae.
1299 1912 1331 1932 Υ.
1346 1907 1408 1932 474.
1423 1915 1449 1931 A.
1464 1914 1489 1932 13.
1501 1902 1584 1930 Bene-

846 1953 928 1982 dictio
943 1959 1021 1981 vetus
1043 1959 1066 1980 et
1088 1962 1169 1980 nova.
1194 1958 1225 1980 Υ.
1248 1954 1313 1978 358.
1334 1959 1360 1976 E-
1386 1947 1585 1976 Pencdiciioncs

846 1997 963 2026 carnales
987 1996 1073 2026 Judaei
1094 2006 1199 2034 semper
1222 1993 1392 2033 appetebant.
1416 1999 1447 2020 Υ.
1470 1996 1534 2019 359.
1558 2001 1584 2018 n.

846 2041 1001 2071 Benedictio
1020 2040 1169 2080 spiritualis
1194 2038 1260 2076 quid
1275 2038 1319 2066 sit.
1347 2043 1391 2065 XI.
1413 2040 1440 2064 4.
1458 2045 1483 2064 c.
1502 2035 1586 2062 Benc-

847 2086 976 2114 dictiones
989 2095 1048 2123 quae
1062 2083 1230 2122 accipiuntur
1245 2082 1271 2109 in
1288 2079 1417 2109 Ecclesia.
1436 2086 1481 2107 111.
1499 2083 1543 2107 64.
1557 2088 1582 2107 c.

848 2135 895 2158 65.
915 2140 943 2160 n.
970 2127 1125 2157 Benedictio
1150 2125 1318 2154 sacerdotum
1340 2123 1367 2151 in
1389 2122 1519 2152 Ecclesia.
1538 2129 1583 2152 III,

848 2178 911 2202 909.
935 2182 964 2201 n.
987 2169 1187 2200 Benedictiones
1202 2174 1308 2207 patrum
1336 2167 1363 2194 in
1389 2165 1518 2194 Ecclesia.
1539 2173 1584 2196 ιΥ.

849 2222 914 2246 857.
931 2227 956 2244 n.
971 2213 1122 2244 Benedictio
1144 2223 1202 2250 quae
1225 2222 1277 2239 non
1302 2211 1333 2238 sit
1357 2221 1404 2249 per
1426 2209 1526 2243 verba,
1540 2209 1587 2238 sed

849 2270 897 2299 per
911 2270 952 2288 res
967 2259 1048 2297 ipsas.
1065 2264 1098 2286 Υ.
1121 2261 1185 2285 563.
1202 2254 1356 2284 Benedictio
1382 2254 1521 2282 hominum
1549 2261 1587 2282 est

849 2310 1028 2341 temporanea.
1046 2308 1078 2329 Υ.
1100 2305 1164 2328 360.
1176 2299 1390 2328 Benedictionetn
1405 2308 1475 2336 scepe
1490 2297 1588 2325 Paulus

850 2346 965 2385 appellat
987 2345 1191 2382 eleemosynam.
1219 2349 1265 2371 lx.
1291 2346 1355 2370 813.
1379 2352 1402 2370 n.
1429 2340 1588 2369 Benedictus

851 2390 897 2428 qui
913 2395 1000 2428 sperat
1016 2388 1042 2416 in
1058 2389 1131 2423 Deo,
1146 2386 1303 2415 maledictus
1317 2386 1363 2423 qui
1378 2391 1466 2424 sperat
1487 2384 1514 2412 iu
1535 2384 1588 2412 ho·-

851 2435 932 2462 mine.
951 2439 983 2461 Υ.
1002 2436 1065 2460 117.
1082 2441 1110 2459 1).

891 2478 1118 2506 Esuriens-Tm
1141 2473 1208 2502 ratio
1233 2483 1247 2501 a
1268 2473 1325 2501 Deo
1350 2470 1520 2510 reposcenda.
1546 2477 1589 2499 1v.

853 2526 918 2550 861.
934 2532 961 2549 n.

894 2565 1049 2593 Bra-erim
1065 2564 1137 2591 Deus
1157 2560 1302 2599 aliquando
1318 2565 1425 2598 praestat
1444 2559 1525 2587 etiam
1541 2568 1572 2586 nc
1583 2576 1589 2579 -

856 2608 1010 2637 scientibus.
1027 2608 1105 2635 etiam
1128 2605 1233 2643 injustis
1245 2616 1251 2640 3
1264 2614 1312 2632 nce.
1332 2602 1484 2632 volentibus
1500 2602 1590 2633 modo,

1398 2644 1434 2671 13
