1884 2922
243 180 309 214 256

234 259 276 282 19.
295 265 320 283 E.
337 253 416 282 Fides
428 253 494 282 nihil
510 253 617 293 prodest
631 252 763 291 improbo.
783 258 850 281 VIII.
863 257 928 281 202.
941 262 968 280 c.

232 303 294 326 435.
307 309 335 326 D.
353 303 418 326 436.

272 342 350 370 Fides
362 341 493 370 cissducia
504 340 628 368 Abrahae.
642 343 802 367 1V.444.1›.
817 340 862 376 qui
877 345 971 367 nostra:

233 384 296 413 fidei
308 392 387 423 typus
397 391 444 412 est.
462 390 509 411 IX.
525 387 588 410 561.
607 393 633 410 c.
648 382 736 410 Fides
747 383 972 410 commendatur.

234 436 252 456 I.
270 434 351 456 1016.
374 432 452 455 1017.
471 426 711 465 Fideifortiludo
730 432 825 464 petra.
846 432 888 453 VI.
904 430 969 454 833.

233 483 258 500 A.
270 472 370 500 Fidem
380 471 431 509 ιμιί
439 471 580 508 sequitur,
591 471 622 497 in
631 469 793 508 tranquillo
804 475 888 507 portu
897 471 971 508 agit,-

233 517 283 553 qm'
301 516 337 542 ab
360 524 395 542 ea
408 514 527 548 recedit,
552 514 757 552 naufragatur.
783 520 829 542 III.
855 517 918 541 992.
944 524 969 541 c.

233 559 322 586 Fides
336 561 366 585 in
378 558 463 585 corde
474 557 549 585 nihil
559 558 687 595 prodest,
700 559 754 585 nisi
765 557 893 596 adfuerit
904 567 974 586 con-

228 603 320 640 sessio
334 603 403 631 oris.
421 608 465 629 VI.
483 606 545 629 848.
561 612 587 629 A.

273 647 392 674 ancm
407 651 465 673 tum
485 645 603 673 maxima
626 651 675 680 est,
693 654 754 672 cum
769 644 910 673 fidendum
920 655 971 674 non

233 689 431 718 existimamus.
449 696 496 717 III.
514 694 559 717 14.
575 701 600 717 Α.
621 688 731 717 Fiducia
747 689 774 716 in
794 690 881 717 Deum
901 699 974 717 sem-

234 744 281 772 per
296 733 428 763 habenda.
444 740 463 761 I.
479 738 525 761 29.
538 744 562 761 B.
577 738 641 762 598.
656 744 679 761 Β.
695 732 805 761 Fiducia
823 733 973 771 111511οΡ01-

234 783 288 813 tet,
316 777 395 806 etiam
422 777 447 805 in
479 777 583 815 magnis
608 776 743 805 fluctibus.
771 784 828 805 VII.
853 781 917 807 378.
944 787 970 804 A.

234 821 346 849 Fiducia
367 821 419 850 viri
437 831 543 849 crucem
566 821 695 849 habentis.
716 828 762 849 IX.
787 825 850 849 162.
869 831 893 848 A.
906 820 972 858 justi

235 872 344 902 quanta.
356 872 388 893 V.
401 870 445 893 68.
456 864 596 893 Fiduciam
605 865 673 904 parit
682 865 829 892 humilitas.
841 872 861 892 Ι.
872 869 934 892 599.
946 875 969 892 n.

274 909 388 938 Fir-mm
404 919 454 937 non
471 916 509 937 est
524 909 654 937 contraria
668 909 785 938 veritati.
804 915 848 936 III.
865 913 929 936 327.
948 919 973 936 n.

235 952 362 990 Figuram
387 960 412 981 et
430 959 526 992 typum
540 952 664 981 obscurat
682 953 853 990 eliminatque
865 951 971 980 veritas.

237 1003 281 1024 XI.
298 1001 360 1025 318.
378 1008 408 1027 1).

276 1040 364 1068 Fnff.
377 1040 516 1069 hominum
529 1040 655 1069 dicuntur
666 1051 701 1069 eae
717 1051 774 1078 quae
787 1051 801 1068 a
816 1040 899 1068 Caino
910 1046 974 1068 ortae

236 1090 320 1111 erant.
335 1091 380 1112 VI.
393 1088 456 1112 373.
470 1095 494 1112 c.

279 1127 389 1155 qus.
405 1128 476 1155 Vide
487 1128 624 1156 CHRISTUS
639 1134 665 1156 et
679 1128 774 1156 Jnsns.

275 1171 372 1198 FILIUs
383 1172 447 1199 Dm.
461 1171 533 1199 Vide
545 1171 683 1199 Cnmsrus
695 1177 721 1199 el
734 1172 874 1200 VERBUM.

274 1214 378 1242 Filium
394 1225 444 1242 non
460 1215 539 1242 talem
553 1225 608 1242 esse
622 1215 719 1249 Deum,
730 1215 816 1252 qualis
834 1221 872 1243 est
886 1216 973 1249 Pater,

235 1258 359 1287 dicebant
369 1259 500 1292 Anomoei,
511 1259 756 1296 quiresutantur.1.
769 1263 822 1287 590
832 1271 859 1287 A.
875 1258 973 1287 Filium

235 1305 285 1332 Dei
294 1303 422 1332 minorem
431 1314 487 1332 csse
500 1304 578 1332 Patre
586 1303 711 1332 dicebant
722 1304 839 1332 haeretici
853 1303 972 1342 quidam.

237 1355 283 1376 XI.
300 1352 364 1376 823.
383 1359 407 1376 c.
424 1348 525 1376 Filium
547 1347 670 1376 dicebant
694 1347 803 1385 quidam
819 1359 874 1376 esse
887 1349 977 1377 admi-

235 1391 350 1419 nistrum
367 1413 374 1425 ‚
405 1392 584 1419 confutantur.
608 1399 639 1419 V.
672 1396 735 1420 109.
756 1402 781 1419 c.
812 1392 897 1420 Filius
923 1393 976 1420 alio

235 1435 315 1462 modo
334 1435 407 1463 1111115
426 1435 486 1469 Dei,
502 1446 583 1473 quam
598 1445 644 1463 nos
664 1435 716 1463 filii
730 1436 781 1463 Dei
795 1436 973 1475 appellamur.

236 1486 256 1507 1.
274 1483 337 1508 615.
362 1488 386 1506 Β.
409 1479 509 1506 Filium
527 1479 655 1518 probatur
670 1489 722 1507 non
738 1489 793 1508 esse
811 1487 970 1509 creaturam.

239 1528 285 1550 VI.
302 1526 365 1549 536.
384 1532 411 1549 D.
428 1529 472 1550 XI.
483 1526 547 1551 395.
558 1533 582 1550 E.
593 1522 677 1549 Filius
690 1522 739 1550 Dei
754 1533 804 1550 non
816 1526 977 1562 compositus

235 1572 284 1596 051,
300 1572 371 1593 VIII.
387 1570 431 1593 45.
444 1577 466 1594 B.
484 1565 580 1600 Filius,
595 1566 696 1599 ὁΘεός,
712 1577 772 1594 011111
787 1567 898 1595 articulo
911 1568 976 1596 dici-

236 1616 280 1637 tur
297 1609 322 1636 in
335 1609 493 1648 Scripturis.
510 1617 567 1638 XII.
584 1614 628 1638 38.
644 1610 706 1638 Filii
718 1621 860 1649 supernam
870 1622 977 1649 genera-

236 1652 336 1680 tionem
356 1663 406 1680 non
429 1663 570 1691 possumus
592 1653 709 1691 assequi.
742 1661 763 1682 I.
790 1659 853 1684 563.
877 1665 903 1683 Ε.
928 1662 975 1684 Χ1.

238 1701 302 1724 551.
321 1707 346 1723 r.
370 1696 433 1724 Filii
451 1695 583 1734 generatio
603 1706 654 1725 non
678 1697 781 1725 ratione
805 1698 975 1736 inquirenda.

240 1747 297 1768 VII.
316 1745 360 1768 58.
376 1751 402 1768 Β.
418 1751 443 1768 c.
462 1747 531 1768 VIII.
551 1745 614 1768 163.
631 1751 658 1769 n.
674 1745 735 1769 177.
752 1752 776 1769 B.

278 1784 339 1812 Filii
354 1795 368 1812 a
382 1785 460 1812 Patre
470 1784 545 1812 nulla
559 1783 710 1812 diversitas.
723 1791 754 1812 V.
770 1790 834 1817 110,
849 1796 877 1814 D.
893 1786 978 1815 Filius

238 1835 276 1856 est
297 1828 414 1866 ejusdem
431 1835 510 1866 atque
526 1829 604 1856 Pater
627 1828 781 1857 substantiae
802 1837 825 1858 et
841 1831 975 1869 potentiae.

238 1879 256 1900 Ι.
284 1877 348 1901 615.
368 1877 431 1901 616.
457 1880 490 1902 V.
521 1878 581 1901 110.
604 1884 628 1900 B.
656 1877 719 1901 312.
742 1884 769 1902 D.
803 1881 858 1903 VII.
875 1879 937 1902 481.
951 1886 976 1903 B.

238 1922 303 1947 765.
320 1930 346 1946 A.
372 1926 442 1947 VIII.
464 1922 527 1946 363.
548 1929 572 1946 Β.
592 1923 656 1947 364.
674 1923 737 1947 439.
760 1930 783 1948 Β.
805 1924 867 1948 [168.
893 1931 918 1948 Α.
941 1928 974 1949 X.

239 1967 304 1991 268.
319 1973 341 1990 11.
364 1962 426 1990 Filii
442 1969 467 1990 et
482 1962 568 1990 Patris
584 1969 612 1990 ut
629 1972 680 1990 una
696 1963 853 1997 substantia,
871 1963 906 1991 ita
926 1975 977 1992 una

238 2006 334 2042 gloria.
349 2014 419 2037 VIII.
431 2011 494 2035 262.
510 2007 611 2034 Filium
626 2017 681 2035 esse
695 2007 813 2046 ejusdem
827 2018 887 2036 cum
900 2008 977 2037 Patre

238 2049 329 2077 formae
345 2060 375 2078 ac
388 2050 480 2088 figurae
492 2061 498 2085 3
516 2049 633 2088 idipsum
645 2056 682 2078 est
700 2057 778 2088 atque
790 2061 845 2079 esse
858 2051 977 2090 ejusdem

238 2093 402 2122 snbstantiae.
419 2101 438 2122 I.
451 2098 515 2121 616.
530 2106 555 2120 A.
566 2093 652 2121 Filius
665 2093 712 2121 Dei
726 2094 811 2122 Filius
823 2102 861 2123 est
872 2102 974 2132 natura,

239 2146 289 2165 non
304 2137 388 2175 gratia
404 2143 518 2165 tantum.
535 2143 593 2166 XII.
612 2141 656 2165 28.
673 2149 698 2165 A.

279 2181 340 2209 Filii
355 2181 465 2209 essentia
481 2188 541 2209 ante
553 2181 658 2210 saeeula.
676 2188 707 2209 V.
722 2187 784 2210 110.
800 2192 827 2212 n.
841 2190 895 2211 XII.
913 2188 975 2212 174.

238 2225 301 2253 Filii
327 2226 458 2253 mter-nitas
485 2226 625 2264 probatur.
645 2233 714 2254 VIII.
739 2231 785 2255 22.
810 2231 855 2255 23.
878 2227 978 2256 Filium

239 2269 265 2296 in
281 2269 340 2296 sinu
356 2269 442 2297 Pau-is
462 2279 532 2303 esse,
552 2268 580 2296 id
602 2269 775 2297 {eternitatem
790 2270 847 2308 ejus
870 2272 976 2309 probat.

241 2320 258 2341 1.
275 2317 338 2341 583.
358 2324 383 2340 L.
400 2314 438 2340 De
449 2313 511 2340 Filii
527 2312 693 2349 generatione
714 2323 761 2341 nec
777 2320 845 2342 ante
859 2322 979 2354 necpost

243 2356 387 2384 (licendum
403 2363 450 2384 051.
469 2363 536 2384 VIII.
557 2361 601 2384 53.
617 2368 640 2383 A.

280 2400 341 2428 Filii
354 2400 500 2428 substantia
514 2400 649 2428 immensa.
666 2407 737 2429 VIII.
753 2406 817 2429 199.
834 2412 863 2431 n.
878 2402 977 2430 Filium

241 2443 289 2471 Dei
306 2455 356 2472 non
368 2445 497 2472 minorem
513 2455 568 2472 esse
578 2445 664 2478 Patre,
678 2451 767 2472 contra
782 2445 912 2482 quosdam
925 2446 977 2474 ha:-

242 2488 336 2515 reticos
353 2488 490 2526 probatur.
516 2496 560 2516 XI.
587 2492 650 2516 654.
669 2488 754 2516 Filius
769 2489 878 2526 aequalis
896 2489 978 2517 Pan-i.

242 2536 260 2557 1.
272 2535 334 2558 621.
353 2539 407 2559 VII.
421 2536 484 2559 226.
503 2542 527 2559 Α.
545 2539 614 2560 VIII.
630 2536 692 2560 3115.
706 2544 728 2561 11.
746 2537 809 2561 548.
824 2540 856 2561 X.
872 2537 935 2561 431.
950 2545 974 2562 C.

243 2573 326 2602 Filius
351 2575 458 2612 aequalis
482 2585 528 2613 pci-
552 2575 597 2604 iIIa
621 2575 789 2606 declaratur:
821 2578 979 2606 Faciamus

887 191 987 213 INDEX
1017 190 1143 212 minuit.

1025 253 1179 280 hominem.
1194 259 1213 280 I.
1229 256 1293 280 665.
1308 261 1355 290 per
1365 251 1422 280 haec
1436 251 1531 280 verba:
1544 254 1597 281 Ad
1608 255 1765 293 imaginem

1025 302 1164 324 nostram.
1185 303 1204 323 I.
1222 300 1285 323 665.
1304 305 1332 325 1),
1350 301 1374 323 et
1389 294 1461 333 quod
1476 306 1490 323 a
1504 294 1606 324 dextris
1620 296 1720 325 sedeat.
1742 304 1762 325 I.

1027 348 1090 372 665.
1108 354 1134 371 1-:.
1152 348 1215 370 666.
1234 343 1321 370 Filius
1335 353 1410 371 suam
1428 354 1488 371 cum
1503 344 1579 372 Putre
1592 344 1767 382 inqualitatem

1026 387 1131 426 prohat.
1152 394 1196 415 III.
1210 391 1290 414 53.c.
1306 390 1351 414 54.
1369 393 1426 416 vu.
1443 391 1504 414 390.
1524 397 1551 417 n,
1570 393 1640 416 vui.
1659 392 1722 416 252.
1741 400 1766 415 A.

1026 435 1090 458 306.
1109 441 1133 458 A.
1151 430 1236 457 Filius
1253 439 1303 457 non
1321 436 1358 457 cst
1374 431 1451 457 Patre
1467 430 1563 468 major,
1589 431 1637 459 sed
1658 432 1768 469 :equalis

1025 481 1050 502 et
1066 484 1123 513 par.
1140 480 1170 501 V.
1187 478 1251 503 303.
1275 484 1301 503 Ε.
1324 473 1409 502 Filius
1425 484 1476 502 non
1495 474 1584 502 minor
1605 481 1643 502 est
1666 476 1743 503 Patre
1755 497 1762 508 ,

1026 528 1073 545 uec
1094 518 1171 545 Pater
1192 516 1278 545 minor
1294 516 1376 546 filio.
1402 524 1432 544 V.
1461 521 1524 545 307.
1553 527 1578 545 c.
1612 517 1697 545 Filius
1720 518 1769 546 Dei

1025 561 1134 599 aequalis
1150 561 1220 589 Pau-i
1238 560 1346 588 honore.
1375 567 1418 588 VI.
1445 565 1508 589 278.
1538 572 1563 589 E.
1586 568 1643 589 VII.
1659 566 1724 591 220.
1741 572 1768 590 Ε.

1026 605 1089 633 Filii
1111 605 1195 633 honor
1211 615 1271 633 cum
1290 605 1388 633 honore
1405 605 1492 633 Patris
1524 604 1675 644 copulatur.
1697 612 1766 634 VIII.

1026 652 1091 676 262.
1109 648 1196 676 Filius
1210 647 1332 676 inimicos
1349 658 1410 676 51105
1428 648 1606 685 :equalitatem
1623 648 1697 676 illam
1709 658 1768 676 con-

1026 691 1094 720 fiteri
1110 692 1189 730 cogit.
1203 699 1260 720 VII.
1275 696 1338 719 388.
1355 703 1379 719 A.
1397 693 1436 720 Dc
1451 692 1519 721 Filio
1533 691 1662 720 dicuntur
1678 691 1768 721 eadem

1026 745 1084 772 qnoe
1100 734 1133 763 de
1155 736 1240 764 Patre.
1260 742 1292 764 V.
1312 740 1374 763 109.
1393 746 1420 765 n.
1443 735 1546 763 Filium
1572 735 1620 764 Dei
1642 746 1692 764 non
1715 746 1769 764 esse

1026 778 1238 807 Patreminorem
1251 778 1388 817 probatur.
1404 786 1475 808 VIII.
1490 784 1553 808 417.
1570 790 1596 808 c.
1612 785 1726 808 XI.271.
1740 790 1765 808 c.

1027 822 1111 850 Filius
1126 833 1178 860 qua
1195 823 1297 851 ratione
1310 824 1396 851 minor
1411 823 1443 851 sit
1464 825 1553 852 Patre.
1571 830 1640 851 VIII.
1659 828 1723 852 508.
1742 835 1767 851 E.

1028 865 1091 893 Filii
1113 873 1137 894 ct
1154 867 1240 895 Patris
1260 877 1311 894 una
1331 873 1453 905 potestas.
1475 874 1521 895 IX.
1540 872 1585 895 19.
1603 866 1694 895 eadem
1716 878 1767 906 po-

1028 908 1108 937 tentia
1121 931 1127 944 ,
1139 908 1234 938 eadem
1253 920 1358 938 manus.
1374 916 1443 938 VIII.
1468 914 1531 938 416.
1546 921 1573 937 c.
1588 910 1710 938 voluntas
1726 921 1770 938 ea-

1027 951 1100 980 dem.
1112 960 1170 982 VII.
1187 958 1251 982 339.
1268 965 1291 984 13.
1309 961 1377 982 VIII.
1392 958 1454 982 267.
1468 966 1491 982 n.
1505 965 1530 983 c.
1544 954 1630 982 F1lius
1642 954 1765 982 consilia-

1028 995 1093 1024 rius.
1110 1003 1130 1024 I.
1148 1001 1212 1025 664.
1224 1008 1250 1026 c.
1264 998 1326 1025 Filii
1339 1008 1398 1026 cum
1412 999 1487 1026 Patre
1497 998 1765 1028 consensio.V.96.t›.

1029 1045 1085 1067 VII.
1099 1044 1163 1067 786.
1177 1050 1202 1067 11.
1218 1051 1244 1070 c.
1257 1041 1342 1069 Filius
1351 1051 1424 1068 suam
1436 1052 1496 1069 cum
1512 1042 1589 1069 Patre
1601 1041 1770 1069 concordiam

1029 1083 1133 1122 probat.
1158 1090 1227 1112 VIII.
1255 1089 1318 1112 553.
1350 1085 1486 1123 utriusque
1512 1085 1621 1122 aequalis
1641 1085 1767 1123 cognitio.

1030 1133 1097 1155 VIII.
1110 1132 1174 1155 404.
1187 1138 1216 1156 1›.
1231 1127 1316 1155 Filius
1331 1127 1398 1156 dicit
1411 1128 1541 1156 neminem
1555 1128 1654 1157 vidisse
1664 1129 1770 1157 Patrem

1027 1177 1122 1208 praeter
1143 1171 1242 1208 ipsum.
1262 1178 1282 1199 1.
1305 1175 1368 1199 589.
1391 1182 1414 1199 n.
1438 1171 1523 1199 Filius
1538 1171 1565 1199 in
1584 1172 1644 1199 sinu
1665 1173 1766 1209 Patris,

1027 1212 1056 1241 id
1069 1219 1118 1247 051,
1131 1213 1236 1241 Patrem
1251 1214 1322 1241 intus
1339 1220 1362 1241 et
1379 1214 1490 1252 perfecte
1505 1214 1647 1252 cognoscit.
1663 1222 1684 1243 1.
1703 1220 1767 1245 583.

1030 1268 1055 1285 c.
1075 1267 1104 1285 n.
1124 1256 1225 1285 Filium
1241 1257 1353 1296 perfecte
1369 1268 1444 1285 nosse
1463 1258 1566 1285 Patrem
1579 1257 1718 1296 probatur.
1746 1266 1767 1287 1.

1030 1304 1094 1329 594.
1110 1312 1134 1328 A.
1151 1305 1215 1331 595.
1230 1301 1331 1329 Filium
1344 1311 1420 1330 nosse
1434 1307 1552 1340 tempora
1568 1302 1706 1340 probatur.
1722 1309 1767 1331 111.

1030 1349 1094 1373 931.
1111 1356 1135 1373 n.
1148 1345 1234 1373 Filius
1247 1356 1296 1373 non
1312 1346 1452 1384 ignorabat
1465 1353 1553 1374 utrum
1568 1345 1697 1385 possibile
1705 1353 1772 1375 esset.

1029 1389 1164 1417 transferri
1187 1400 1202 1417 a
1222 1400 1249 1418 se
1264 1390 1382 1419 calicem.
1398 1397 1443 1419 111.
1461 1395 1505 1419 20.
1522 1401 1548 1418 c.
1563 1390 1664 1419 Volens
1679 1390 1765 1419 cruci-

1029 1431 1109 1461 fixus.
1126 1440 1171 1462 III.
1187 1438 1231 1462 23.

1069 1477 1169 1505 Filium
1187 1488 1264 1505 suum
1285 1478 1356 1505 Deus
1369 1477 1444 1505 nobis
1461 1477 1589 1516 providit.
1610 1485 1630 1507 I.
1652 1483 1716 1506 205.
1740 1489 1764 1506 B.

1030 1520 1092 1548 Filii
1116 1531 1169 1549 vox
1189 1521 1344 1549 hominibus
1366 1521 1444 1549 etiam
1467 1522 1593 1560 competit.
1607 1543 1615 1558 ,
1640 1521 1685 1549 sed
1700 1522 1771 1550 Uni-

1029 1564 1113 1602 geniti
1125 1564 1231 1593 nonnisi
1246 1564 1362 1593 Christo.
1388 1572 1408 1594 I.
1425 1569 1487 1593 582.
1502 1577 1526 1592 A.
1543 1565 1629 1593 Filius
1643 1566 1692 1593 Dei
1708 1576 1769 1594 vere

1030 1608 1151 1637 Christus
1164 1615 1227 1636 erat.
1246 1615 1277 1638 V.
1295 1613 1358 1636 301.
1379 1619 1403 1636 n.
1427 1615 1484 1637 VII.
1501 1613 1565 1637 659.
1581 1619 1607 1636 n.
1628 1609 1714 1637 Filius
1726 1616 1765 1637 est

1031 1652 1117 1681 Patris
1144 1653 1270 1691 proprius
1299 1652 1372 1681 silius
1384 1675 1391 1689 ‚
1418 1651 1532 1690 ideoque
1560 1653 1636 1681 nobis
1657 1652 1769 1691 largitur

1030 1695 1200 1735 adoptionem
1213 1696 1340 1726 filiorum.
1353 1703 1383 1724 V.
1399 1701 1460 1725 196.
1476 1707 1501 1725 Ε.
1515 1696 1613 1724 Filium
1624 1695 1673 1725 Dei
1682 1696 1769 1725 dicere
1784 1716 1795 1723 ,

1031 1747 1178 1768 ereaturam
1192 1740 1313 1768 insanum
1325 1747 1373 1768 est.
1391 1747 1423 1769 II.
1440 1745 1504 1768 844.
1522 1751 1549 1768 A.
1573 1740 1659 1768 Filius
1670 1740 1770 1769 dicitur

1030 1784 1103 1812 Deus
1117 1790 1142 1812 et
1159 1784 1288 1812 Dominus
1301 1784 1408 1823 perinde
1418 1791 1496 1823 atque
1507 1785 1597 1814 Pater.
1611 1791 1644 1812 11.
1659 1788 1723 1813 845.
1739 1794 1767 1812 n.

1031 1826 1130 1855 Filium
1152 1837 1212 1855 vere
1226 1828 1311 1856 Deum
1327 1838 1383 1856 esse
1397 1828 1535 1867 probatur.
1563 1835 1596 1858 X.
1614 1832 1679 1856 202.
1697 1838 1723 1856 E.
1740 1839 1768 1857 A.

1031 1871 1131 1899 Filium
1152 1872 1200 1899 Dei
1225 1882 1252 1900 se
1266 1872 1356 1900 vocari
1380 1871 1443 1900 sinit
1459 1871 1599 1906 Christus,
1627 1882 1688 1899 cum
1707 1882 1771 1900 vere

1031 1913 1075 1942 sit.
1093 1922 1148 1943 VII.
1166 1919 1229 1943 580.
1242 1926 1268 1943 c.
1283 1915 1352 1943 Filio
1365 1915 1413 1943 Dei
1424 1914 1526 1943 dictum
1541 1921 1595 1943 est:
1613 1917 1771 1944 Faciamus

1032 1959 1190 1993 hominem,
1215 1969 1265 1987 non
1280 1969 1343 1987 vero
1358 1959 1468 1997 angelis.
1487 1966 1532 1987 IV.
1548 1963 1613 1988 756.
1626 1969 1652 1987 A.
1669 1958 1770 1987 Filium

1032 2003 1130 2030 revelat
1146 2005 1238 2039 Pater,
1257 2003 1360 2031 Patrem
1382 2003 1478 2031 Filius.
1500 2010 1556 2032 VII.
1573 2007 1634 2031 616.
1654 2013 1682 2030 n.
1706 2002 1770 2030 Filii

1033 2045 1081 2073 Dei
1097 2045 1252 2084 dignitalem
1268 2046 1338 2074 servi
1350 2046 1434 2074 forma
1449 2057 1500 2074 non
1512 2046 1618 2074 minuit.
1637 2052 1706 2073 VIII.
1723 2051 1768 2074 73.

1033 2089 1101 2117 Filio
1117 2089 1227 2127 perinde
1239 2089 1350 2127 gloriam
1367 2088 1454 2117 reddit
1471 2088 1581 2123 Paulus,
1592 2095 1670 2125 atque
1681 2088 1765 2117 Patri.

1034 2140 1054 2163 1.
1073 2137 1134 2161 568.
1158 2144 1183 2162 l).
1199 2133 1284 2161 Filius
1295 2143 1355 2160 cum
1368 2132 1451 2168 veuit,
1468 2133 1573 2160 Patrem
1586 2142 1635 2160 non
1649 2132 1763 2161 dimisit.

1033 2184 1076 2206 III.
1096 2182 1157 2205 480.
1172 2177 1256 2205 Filius
1272 2187 1286 2204 a
1299 2177 1376 2205 Patre
1392 2187 1443 2204 non
1460 2184 1598 2215 separatur
1617 2187 1663 2205 nec
1676 2178 1763 2212 Pater,

1032 2232 1046 2248 a
1066 2221 1134 2249 Filio
1151 2220 1291 2249 dividitur.
1310 2228 1342 2249 V.
1360 2225 1424 2250 303.
1444 2232 1467 2248 0.
1482 2221 1543 2249 Filii
1563 2228 1586 2249 et
1609 2221 1695 2249 Patris
1717 2231 1769 2250 non

1032 2264 1118 2292 divisa
1134 2275 1225 2302 opera.
1245 2271 1313 2292 VIII.
1333 2268 1396 2291 311.
1415 2275 1439 2291 n.
1464 2264 1549 2292 Filius
1565 2264 1631 2292 nihil
1645 2264 1720 2292 aliud
1731 2271 1771 2293 est

1032 2319 1110 2345 quam
1127 2308 1203 2335 Pater
1214 2330 1221 2342 ,
1236 2318 1343 2335 maneus
1362 2307 1460 2341 Filius;
1477 2314 1501 2335 et
1517 2307 1594 2335 Pater
1610 2307 1679 2335 nihil
1695 2307 1771 2336 aliud

1032 2359 1070 2379 051
1091 2362 1171 2389 quam
1199 2351 1295 2387 Filius,
1324 2361 1433 2378 manens
1449 2351 1538 2381 Pater.
1560 2358 1629 2379 VIII.
1652 2356 1716 2382 418,
1738 2362 1767 2379 n.

1032 2396 1118 2423 Filius
1132 2396 1179 2423 Dei
1197 2395 1285 2423 omnia
1303 2394 1353 2422 alia
1370 2395 1468 2429 habet,
1495 2395 1545 2423 hoc
1566 2402 1675 2434 excepto
1698 2395 1770 2434 quod

1033 2450 1083 2468 non
1097 2440 1130 2467 sit
1146 2441 1232 2468 Pater.
1249 2446 1293 2468 XI.
1311 2444 1375 2467 283.
1390 2450 1413 2467 n.

1072 2489 1157 2517 Filius
1166 2500 1180 2516 a
1190 2489 1266 2517 Patre
1274 2488 1448 2526 distinguitur
1456 2487 1603 2527 hypostasi.
1619 2495 1650 2517 V.
1664 2494 1727 2517 110.
1739 2500 1766 2517 A.

1032 2533 1118 2562 Filius
1130 2533 1210 2562 aliam
1222 2543 1301 2570 quam
1317 2533 1395 2560 Pater
1413 2532 1492 2560 habet
1508 2532 1677 2571 hypostasin.
1698 2539 1767 2561 VIII.

1035 2582 1098 2607 333.
1122 2588 1149 2607 E.
1170 2578 1210 2606 De
1228 2577 1305 2606 Patre
1326 2582 1350 2605 et
1366 2576 1436 2606 Filio
1456 2587 1517 2606 vern
1535 2577 1671 2606 sententia.
1697 2582 1766 2606 VIII.
