1884 2922
739 209 841 231 INDEX
868 209 994 231 RERUM.

95 272 184 310 fugere
206 271 302 310 potuit.
322 278 364 300 tx.
381 275 445 299 242.
467 282 492 299 c.
513 272 583 300 Mira
602 271 682 310 liujus
702 271 769 310 justi
790 282 831 299 sn·

94 315 202 353 pientia.
214 322 254 344 IV.
268 320 331 344 235.
345 325 371 345 c.
388 315 444 343 Noe
458 315 574 343 restituit
585 316 656 353 quod
669 315 756 343 Adam
770 315 829 342 abs¹

93 359 201 386 tulerat.
220 365 264 386 IV.
280 363 344 387 279.
359 361 416 386 Noe
429 358 555 396 patientia
572 358 599 386 in
610 369 682 387 arca.
702 365 746 386 IV.
768 362 830 386 276.

94 406 160 430 277.
185 407 248 431 289.
265 413 288 431 c.
302 403 425 432 Scintilla
438 402 521 430 nostri
532 403 634 440 generis
650 403 706 431 Noe
717 401 832 429 I'CSh'IlMt

93 447 119 473 in
145 446 233 475 medio
248 447 340 476 maris.
360 454 380 475 I.
402 451 465 475 959.
480 447 536 474 Noe
551 446 711 474 fermentum
725 444 830 473 mundi.

95 496 140 517 IV.
166 494 229 518 293.
252 501 277 519 r..
299 491 356 518 Noe
371 497 429 528 post
443 500 578 528 egressum
595 501 629 518 ex
647 500 708 518 arca
727 489 831 517 saci-ili-

94 533 177 562 cantis
197 541 288 572 gratus
307 534 422 562 animus.
446 540 490 561 IV.
509 538 574 562 301.
589 534 656 573 Ejus
670 533 832 562 sacrificium

94 577 167 605 Deus
185 585 324 617 acceptum
345 577 432 605 habet.
449 584 494 605 IV.
514 582 578 605 301.
601 589 625 605 A.
644 578 700 605 Noe
719 577 829 605 benedi-

94 620 164 648 citur
178 631 193 648 a
208 622 264 650 Deo
280 629 308 650 ut
322 621 419 649 Adam.
435 628 479 649 IV.
497 625 561 650 293.
580 631 604 649 Β.
619 621 675 649 Noe
685 621 765 648 vitem
778 630 829 648 11011

94 664 205 699 invenit,
219 665 265 694 sed
280 665 389 694 modum
403 664 562 693 conficiendi
577 664 643 693 vcini.
660 671 705 693 tv.
723 669 787 693 330.
805 675 830 692 Β.

94 709 143 736 Per
154 708 331 746 ignorantiam
343 709 498 738 inebriatur.
512 716 556 737 IV.
571 713 636 737 329.
651 720 674 737 B.
691 709 765 736 Licet
779 708 833 736 inc-

94 751 197 781 briatus
211 754 243 782 sit
258 764 273 781 a
286 761 402 792 peccato,
417 759 568 782 excusatur.
584 760 629 781 IV.
646 758 710 781 335.
727 757 791 781 765.
805 764 831 780 E.

95 800 158 825 766.
173 798 232 826 Post
243 798 379 826 diluvium
393 797 481 825 nullos
490 797 608 836 suscepit
619 797 699 825 tilios.
713 803 758 825 IV.
771 801 833 824 340.

95 852 120 868 n.
136 841 248 870 Pertulit
257 841 443 870 contumeliam
455 851 470 868 a
479 840 545 868 filio.
558 847 602 870 1V.
614 844 676 868 333.
698 841 754 868 Noe
766 850 835 867 mar-

94 892 180 924 tyrem
194 886 342 924 appellavit
358 885 467 914 Paulus.
482 891 504 912 Ι.
523 888 623 912 stac.
639 884 702 911 Noae
713 893 780 911 arcte
795 893 834 911 re-

92 930 182 968 tiquiae
216 931 242 958 in
265 929 400 958 montibus
424 928 554 957 Armeniae
575 934 693 966 tempore
711 927 833 966 Chryso-

93 980 182 1001 stomi.
193 980 238 1001 IV.
254 978 318 1001 350.
330 983 354 1000 E.

133 1017 206 1045 Nooe
217 1027 287 1045 arca
302 1016 442 1044 Ecclesioe
454 1015 665 1053 postponenda.
679 1021 750 1043 VIII.
766 1018 830 1043 641.

133 1061 268 1096 Nonus,
282 1071 357 1089 soror
369 1059 484 1088 Thobel.
502 1066 545 1088 IV.
556 1064 620 1088 203.
636 1070 664 1088 E.

134 1105 276 1133 Nomnzs
293 1105 412 1143 quinam.
427 1111 461 1132 X.
475 1108 539 1132 644.
556 1114 582 1132 A.
594 1103 671 1132 Misti
682 1110 706 1131 et
720 1102 834 1142 dispersi

94 1156 155 1177 sunt
170 1148 304 1178 nomades.
324 1156 356 1177 V.
375 1153 438 1177 244.
455 1159 483 1176 A.
499 1148 652 1176 Nomadum
664 1154 689 1176 et
698 1148 834 1176 Hamaxo-

93 1193 201 1221 biurum
215 1193 280 1221 vita.
298 1201 344 1222 111.
361 1198 425 1221 811.
443 1202 470 1220 c.
488 1199 543 1220 vn.
559 1196 667 1220 77111).

133 1237 242 1264 Noum-
254 1236 303 1264 Dei
315 1235 414 1273 ubique
423 1234 584 1262 admirabile
594 1241 631 1262 est
643 1244 703 1261 cum
716 1232 833 1261 Christo.

96 1286 128 1307 V.
148 1285 193 1308 94.
212 1291 238 1307 E.
259 1281 309 1308 Per
332 1290 378 1307 nos
406 1277 624 1317 glorificandum.
642 1284 674 1305 V.
693 1281 757 1305 345.
774 1287 836 1304 san-

95 1330 166 1351 ctum
181 1330 219 1351 est
233 1323 382 1360 sanctisque
395 1321 488 1350 oribus
498 1321 712 1349 laudandumx.
728 1324 831 1348 330.1;,

94 1367 126 1395 ld
150 1367 340 1406 pertimescunt
361 1373 386 1394 et
406 1366 613 1394 contremiscunt
634 1364 777 1394 daemones.
801 1371 833 1394 V.

98 1414 160 1438 330.
173 1421 202 1439 D.
219 1410 325 1440 Sufficit
337 1410 390 1438 Dei
406 1410 448 1437 vel
463 1409 609 1448 appellatio
621 1408 655 1437 ad
668 1407 832 1447 profliganda

94 1453 165 1482 bella
181 1455 319 1482 innumera
333 1461 365 1481 V.
385 1458 446 1482 173.
463 1464 486 1480 Β.

133 1498 281 1526 Nominum
300 1497 437 1536 impositio
452 1506 541 1524 recens
555 1495 634 1525 natis.
654 1502 701 1525 IV.
719 1499 783 1523 218.
805 1505 829 1524 c.

94 1541 154 1569 Non
168 1541 276 1570 fortuita
296 1541 403 1569 nomina
417 1540 560 1575 dabantur,
574 1539 620 1567 sed
635 1549 694 1577 quae
715 1539 778 1566 filiis
794 1549 833 1567 es·

94 1592 152 1613 sent
175 1585 326 1613 futurorum
346 1584 496 1623 praedictio.
520 1591 565 1612 IV.
587 1588 650 1611 578.
677 1594 702 1611 e.
719 1583 833 1611 Nomina

94 1630 203 1668 propria
218 1629 363 1658 abrahami
374 1651 381 1663 ‚
395 1629 488 1658 Jacobi
503 1651 511 1666 ‚
529 1628 679 1657 Salomonis
690 1650 696 1662 ‚
714 1628 832 1655 Zoroba-

93 1673 178 1708 belis,
202 1684 252 1702 non
267 1674 324 1702 sine
343 1684 422 1701 causa
436 1673 498 1701 data
510 1679 582 1701 sunt.
600 1679 656 1700 VII.
678 1676 723 1699 55.
738 1683 764 1700 A.
778 1672 833 1700 No-

93 1718 166 1746 mina
188 1725 337 1746 sanctorum
364 1717 427 1746 filiis
447 1716 619 1756 imponenda.
643 1722 689 1744 IV.
714 1720 778 1744 218.
802 1725 831 1744 n.

93 1762 207 1789 Nomina
219 1772 252 1790 ex
268 1761 429 1799 quibusdam
442 1761 547 1788 casibus
558 1760 692 1798 imposita.
708 1765 754 1787 IV.
767 1763 830 1787 785.

94 1816 122 1834 A.
139 1806 254 1833 Nomina
267 1812 418 1833 sanctorum
437 1805 462 1833 in
479 1804 617 1843 Scriptura
636 1813 710 1831 sacra
733 1802 835 1830 multa-

94 1862 154 1880 rum
166 1862 255 1880 rerum
267 1859 328 1880 sunt
338 1857 518 1879 monumenta.
534 1857 580 1879 Ix.
599 1854 664 1877 820.
677 1860 704 1877 A.
720 1848 834 1876 Nomina

94 1895 274 1923 inscribebant
286 1901 386 1923 veteres
404 1894 431 1921 in
444 1893 578 1927 aediliciis,
597 1893 623 1920 in
638 1893 724 1930 agris,
743 1891 768 1919 in
780 1891 836 1919 bal-

93 1939 160 1967 neis.
187 1946 219 1968 V.
237 1943 301 1967 255.
324 1949 349 1968 B,
375 1938 490 1965 Nomina
509 1944 683 1975 patronorum
705 1936 731 1963 in
754 1934 835 1962 sacris

93 1982 274 2011 oblationibus
294 1981 509 2021 proferebantur.
532 1988 578 2009 lx.
607 1984 670 2008 159.
694 1989 719 2008 11.
743 1978 835 2006 Nomi-

93 2036 159 2054 num
182 2027 296 2054 mutatio
313 2025 405 2064 quanti
421 2024 553 2053 facienda.
575 2031 621 2053 III.
645 2027 709 2051 132.
730 2033 760 2052 D.
782 2022 836 2050 Cur

94 2070 194 2097 Paulus
205 2079 300 2097 nomen
312 2069 465 2098 mutaveiit.
480 2075 525 2096 ΙΙΙ.
543 2071 606 2096 133.
619 2078 647 2096 n.
661 2066 776 2094 Nomina
788 2065 838 2093 du-

94 2113 172 2161 plicia
184 2113 354 2161 principibus
366 2119 390 2140 et
401 2111 546 2140 militibus
560 2118 602 2139 III.
616 2115 679 2139 133.
693 2121 720 2139 c.
733 2111 836 2138 Nomen

93 2157 153 2194 ejus
166 2156 213 2194 qui
228 2157 380 2194 scripserat,
403 2155 520 2193 epistole
542 2155 638 2183 clausae
654 2153 835 2192 superscribe-

93 2200 183 2228 batur.
202 2207 248 2229 ΙΙΙ.
266 2205 312 2228 66.
329 2211 354 2228 A.
372 2200 475 2227 Nomen
496 2198 646 2227 immortale
660 2198 723 2226 facit
741 2204 834 2225 natura

94 2242 214 2271 virtutis.
230 2250 263 2271 V.
282 2247 347 2272 255.
363 2253 392 2270 D.

134 2288 216 2315 Nos-A
238 2286 320 2321 hora,
345 2285 454 2324 quando
475 2285 600 2314 Christus
624 2283 737 2312 tradidit
757 2284 837 2322 spiri-

94 2336 162 2358 tum.
178 2337 211 2358 Y.
226 2335 291 2359 891.
307 2340 335 2360 E.

136 2374 283 2402 NorAmcs
297 2373 330 2401 ab
342 2373 505 2411 Imperatore
517 2371 624 2400 missus.
641 2378 687 2399 III.
705 2375 771 2398 617.
787 2380 815 2398 A.

139 2422 224 2449 Nova
248 2422 292 2448 lex
311 2421 498 2460 perfectionem
520 2419 648 2457 majorem
671 2418 792 2455 requirit.
818 2424 837 2445 Ι.

96 2470 161 2493 409.
180 2465 255 2492 Nova
268 2465 335 2492 inter
348 2471 373 2492 et
388 2470 474 2491 vetera
485 2463 640 2490 discrimen.
655 2469 726 2491 VIII.
741 2466 787 2490 92.

136 2509 275 2537 Nomen
284 2519 294 2536 1
305 2509 378 2537 viam
388 2507 431 2535 dei
441 2506 575 2545 significat
587 2506 612 2533 in
625 2506 775 2544 Scriptura.
789 2512 836 2536 VI.

98 2558 162 2581 100.
179 2563 207 2581 n.

1564 198 1630 242 327

925 272 1084 299 NovArtAs‘i
1099 271 1235 307 Catliaros,
1248 281 1292 298 seu
1308 270 1421 299 mundos
1433 293 1440 306 ‚
1471 281 1497 298 se
1509 271 1627 298 nomina-

884 314 962 349 bant,
983 315 1044 343 licet
1059 315 1130 343 omni
1152 315 1229 343 sorde
1254 314 1337 353 pleni.
1362 321 1409 343 XI.
1434 318 1496 342 121.
1524 325 1549 343 Α.
1575 313 1628 342 Eos

886 358 1026 396 impugnat
1048 359 1265 398 Clirysostomus.
1291 365 1349 387 XII.
1373 362 1436 386 266.
1463 368 1489 386 c.
1516 362 1578 385 500.
1607 369 1628 385 1.

886 402 936 429 nbi
947 404 1011 430 vide
1023 411 1130 431 nolam.
1147 404 1309 431 Novatiani
1318 402 1507 440 quandonam
1515 402 1628 440 pascha.

885 446 1081 475 celebrabant.
1100 453 1169 475 VIII.
1184 451 1248 475 966.
1267 456 1290 473 Β.

926 490 1060 518 NovATcs
1084 491 1307 528 chirographum
1336 500 1355 517 α
1378 489 1498 518 Christo
1520 490 1630 518 discet·-

884 538 966 570 ptum
979 535 1114 562 restituit.
1132 540 1203 561 VIII.
1217 538 1282 562 991.
1298 543 1327 561 n.

927 577 1039 606 Novom
1050 578 1284 606 TESTAMENTUM.
1300 576 1372 604 I'ide
1384 576 1626 605 TsssrAmmffM.

927 621 1031 649 'Noeris
1046 621 1158 649 utilitas.
1177 628 1221 649 VI.
1237 626 1299 651 171.
1318 630 1346 649 E.
1364 621 1422 648 Non
1442 620 1530 648 miuus
1551 621 1630 649 mini·

887 663 996 692 sterium
1007 686 1014 700 ‚
1030 675 1112 702 quam
1123 664 1180 692 dies
1195 664 1272 692 nobis
1286 674 1340 692 nox
1361 664 1450 693 affert.
1473 671 1508 693 11.
1527 669 1586 693 107.
1602 676 1627 692 c.

887 707 979 736 Noctis
988 707 1139 737 commoda.
1150 716 1168 736 I.
1179 713 1242 737 182.
1256 719 1284 737 n.
1297 708 1357 736 Nox
1369 708 1485 736 examini
1495 709 1630 736 conscien-

888 751 930 779 tiae
942 751 1116 782 commodior.
1141 759 1173 780 II.
1194 756 1259 781 793.
1280 763 1303 779 B.
1321 753 1379 780 Non
1396 759 1446 780 tota
1461 762 1552 780 somno
1569 762 1632 781 con-

888 798 1026 827 sumenda.
1044 805 1076 827 V.
1093 803 1158 826 458.
1180 809 1203 825 a.
1225 799 1286 826 Nox
1308 797 1454 835 aliquando
1470 798 1632 827 calamitates

888 847 913 869 et
930 852 1063 870 aernmnas
1076 841 1220 879 significat.
1238 848 1271 870 V.
1294 845 1357 869 498.
1376 852 1400 869 c.
1422 842 1532 870 Noctem
1545 853 1560 870 a
1576 843 1632 870 Deo

888 892 1004 913 creatam
1017 895 1072 913 esse
1085 885 1217 923 negabant
1228 883 1349 922 quidam.
1370 891 1400 913 V.
1418 889 1480 913 104.
1496 897 1521 912 A.

927 932 1045 959 Nonam:
1057 928 1083 956 in
1096 927 1291 966 Domino.quid
1307 927 1351 956 sit.
1368 934 1411 956 IlI.
1425 932 1489 956 250.
1505 939 1529 957 B.

926 975 1020 1002 Nuus
1029 982 1078 1011 pro
1088 971 1154 1000 coelo
1164 978 1282 1000 sumtum
1293 971 1319 999 in
1327 971 1477 1010 Scriptura.
1490 976 1630 1000 VI.278.D.

887 1018 978 1046 Nubes
986 1016 1095 1055 quidam
1105 1015 1198 1044 dicunt
1211 1026 1266 1044 esse
1274 1015 1426 1054 prophetas,
1439 1023 1485 1045 VI.
1499 1020 1545 1046 63.
1554 1026 1579 1046 1³.

927 1063 1004 1090 Nem
1019 1060 1150 1090 vestiendi
1161 1067 1232 1088 sunt.
1251 1067 1310 1089 VII.
1334 1065 1398 1089 583.
1412 1072 1436 1088 A.
1455 1065 1517 1088 584.

927 1107 1109 1135 Nummum
1119 1104 1184 1142 quid
1195 1104 1311 1132 effecerit
1318 1104 1351 1132 ab
1362 1103 1446 1132 initio.
1459 1111 1516 1132 VII.
1531 1108 1595 1132 117.
1607 1114 1632 1131 B.

926 1151 1022 1179 Nnc-..n
1034 1149 1142 1188 pariunt
1153 1148 1223 1176 mala
1233 1148 1449 1177 innumerabilia.
1460 1155 1518 1176 XII.
1527 1152 1592 1176 286.
1607 1159 1632 1176 c.

927 1195 1085 1222 NUMEnan
1097 1193 1124 1220 in
1136 1191 1293 1220 Macedonia
1304 1192 1454 1230 episcopus.
1469 1198 1514 1220 III.
1524 1196 1589 1219 836.
1601 1203 1629 1220 Α.

928 1238 1060 1266 Nnurnxs
1071 1236 1188 1264 militum
1205 1235 1365 1264 incursionis
1386 1235 1564 1264 Antiochenos
1582 1245 1632 1264 ex-

891 1287 982 1310 terret.
1002 1287 1033 1308 II.
1050 1284 1110 1309 189.
1127 1290 1150 1307 Β.

928 1325 1053 1353 Neruis
1065 1323 1228 1351 damnabant
1240 1323 1358 1352 haeretici
1369 1322 1490 1361 quidam.
1505 1330 1551 1353 XI.
1564 1327 1628 1351 799.

888 1381 916 1397 A.
931 1368 1036 1407 Nuptiae
1048 1377 1100 1395 non
1111 1367 1198 1402 malie,
1213 1367 1259 1395 sed
1270 1368 1395 1396 scortatio
1407 1367 1487 1396 mala.
1503 1375 1548 1395 III.
1564 1372 1628 1396 234.

890 1424 918 1442 A.
937 1420 981 1442 VI.
1001 1417 1100 1440 ·142.c.
1126 1412 1232 1439 Mature
1246 1411 1278 1439 de
1290 1412 1392 1450 nuptiis
1408 1411 1627 1440 deliberandum.

888 1464 933 1487 111.
949 1460 1014 1485 254.
1027 1466 1051 1483 c.
1068 1454 1223 1489 Quaerendae
1236 1461 1297 1482 sunt
1315 1455 1424 1494 nuptiae,
1444 1461 1474 1482 ut
1489 1454 1522 1482 ad
1545 1454 1628 1483 vitam

886 1498 1138 1540 pudicedegendam
1150 1509 1196 1526 nos
1207 1498 1344 1537 adjuvent.
1360 1505 1404 1526 111.
1418 1503 1482 1526 262.
1506 1509 1520 1526 B
1538 1498 1616 1526 Chri-

888 1552 943 1573 stus
955 1543 1094 1583 praesentia
1108 1553 1155 1570 sua
1170 1553 1213 1570 eas
1225 1542 1376 1572 exornavit.
1387 1549 1433 1571 III.
1455 1546 1517 1570 234.
1530 1554 1556 1571 A.
1569 1542 1632 1570 Nu-

887 1589 949 1627 ptiae
958 1588 1046 1616 nonin
1060 1597 1139 1615 causa
1152 1593 1212 1614 sunt
1224 1586 1368 1623 quominus
1378 1586 1437 1624 quis
1446 1586 1502 1614 Deo
1518 1585 1629 1624 placeat.

890 1641 934 1663 VI.
959 1638 1021 1663 219.
1036 1645 1066 1662 n.
1082 1632 1243 1671 Nuptiarum
1260 1631 1398 1660 celebritas
1414 1631 1581 1670 impudentia
1601 1637 1626 1659 et

889 1677 1056 1717 impudicitia
1070 1676 1156 1715 plena.
1175 1682 1209 1704 x.
1230 1679 1293 1705 123.
1307 1686 1331 1702 A.
1346 1680 1407 1703 124.

929 1722 1091 1760 Nuptiarum
1122 1719 1189 1747 ritus
1205 1718 1292 1747 noxii.
1319 1726 1362 1747 III.
1382 1723 1444 1747 237.
1467 1718 1631 1756 Nuptiarum

888 1776 992 1805 pompae
1004 1764 1124 1794 satanicae
1145 1770 1262 1801 tempore
1282 1762 1478 1801 Chrysostomi:
1503 1772 1518 1789 a
1542 1769 1631 1790 sancto

888 1809 996 1838 doctore
1011 1809 1194 1848 reprimuntur
1210 1815 1234 1834 et
1251 1806 1422 1836 damnantur.
1448 1813 1493 1834 111.
1517 1811 1582 1837 235,
1605 1817 1630 1834 E.

889 1861 934 1882 IV.
951 1858 1013 1881 566.
1028 1864 1053 1881 E.
1066 1857 1129 1880 623-
1148 1862 1173 1880 c.
1191 1855 1306 1879 XI.176.
1318 1862 1342 1878 B.

930 1898 1028 1925 Mimos
1039 1903 1063 1924 et
1074 1895 1213 1923 saltatores
1229 1901 1297 1922 arcet
1309 1905 1323 1922 a
1336 1894 1446 1933 nuptiis.
1459 1901 1505 1922 III.
1520 1898 1584 1922 237.
1601 1904 1629 1922 Ε.

890 1942 996 1979 Nuptiae
1018 1939 1154 1977 quomodo
1175 1937 1350 1966 celebrandae.
1372 1945 1416 1966 III.
1438 1942 1501 1965 234.
1519 1948 1543 1964 1³.
1570 1944 1628 1967 VII.

891 1985 1102 2023 559.I3.Nuptice
1111 1983 1205 2012 Jacobi
1219 1983 1275 2010 siue
1286 1981 1467 2020 lampadibus.
1482 1985 1629 2009 IV.626.13.

889 2029 997 2067 Nuptiae
1012 2026 1183 2056 clandestinae
1204 2037 1219 2054 a
1240 2026 1343 2054 Graecis
1363 2025 1530 2064 philosophis
1553 2024 1632 2052 indu-

890 2078 949 2100 ctae.
966 2078 1022 2099 VII.
1039 2076 1081 2098 11.
1098 2081 1123 2098 A.

931 2115 1038 2153 Nuptiae
1058 2113 1192 2147 secundae,
1213 2111 1260 2140 etsi
1273 2122 1324 2139 non
1339 2112 1433 2147 malae,
1460 2111 1564 2148 aliquid
1583 2111 1632 2139 ha-

890 2157 952 2186 bent
964 2157 1152 2196 turpitudinis.
1163 2163 1183 2184 Ι.
1198 2160 1260 2185 362.
1276 2156 1348 2193 Erga
1359 2157 1475 2194 priorem
1486 2157 1574 2183 virum
1585 2155 1632 2183 de-

890 2204 987 2229 fectum
1013 2206 1140 2238 arguunt.
1164 2207 1184 2228 I.
1205 2203 1268 2227 430.
1290 2210 1316 2227 A.
1335 2199 1462 2234 maxime,
1485 2201 1506 2226 si
1527 2209 1562 2226 ex
1581 2199 1629 2227 illo

891 2244 980 2272 adsint
1004 2243 1092 2272 liberi.
1116 2250 1136 2271 1.
1161 2247 1223 2270 430.
1240 2253 1265 2270 c.
1286 2242 1356 2270 Sunt
1369 2242 1451 2269 animi
1470 2241 1628 2270 infirmioris

891 2289 1040 2325 signum.1.
1056 2291 1119 2315 429.
1136 2297 1163 2314 c.
1177 2287 1307 2321 Quaenam
1318 2296 1351 2313 ex
1363 2287 1394 2313 iis
1406 2285 1574 2313 incommoda
1585 2295 1630 2313 se—

892 2338 1018 2369 quantur.
1033 2338 1041 2358 1
1068 2335 1131 2357 362.
1147 2334 1210 2357 363.
1222 2330 1279 2357 Non
1294 2329 1435 2357 laudandae
1450 2336 1520 2356 sunt.
1533 2336 1552 2357 1.
1565 2333 1629 2357 429.

892 2379 954 2402 425.
972 2385 1017 2402 nec
1030 2373 1197 2402 damnandae.
1213 2379 1233 2400 1.
1249 2377 1309 2401 428.
1324 2383 1348 2401 c.
1364 2380 1409 2401 XI.
1426 2377 1486 2400 172.
1503 2383 1529 2400 n.
1545 2383 1570 2400 E.
1583 2382 1631 2399 ucc

892 2419 1001 2446 omnino
1020 2418 1188 2446 excusatione
1201 2423 1287 2454 egent.
1309 2424 1353 2445 XI.
1366 2421 1430 2444 799.
1443 2427 1468 2443 11.
1485 2417 1557 2443 Vide
1568 2416 1630 2443 MA—

893 2473 1084 2491 Tmmomcm.

934 2507 1069 2534 Nriurnffi
1081 2516 1114 2534 ex
1127 2505 1245 2533 sontibus
1257 2503 1412 2532 insilientes.
1426 2509 1459 2530 tt.
1473 2505 1538 2531 682.
1555 2512 1583 2529 n.
