1910 2907
2 1529 8 1536 .
22 1515 78 1537 3-5.

0 1616 12 1668 -ου
0 1553 11 1575 «i

38 1593 51 1635 ,μ’
40 1537 46 1544 ·

55 1583 68 1629 02.-

10 2386 26 2406 it
34 2386 73 2406 ad-

12 2424 22 2436 5
44 2424 85 2444 op-

7 2451 76 2468 atores

12 2485 87 2498 mona—

20 2508 87 2529 alios-

618 197 658 219 NL'
668 197 707 218 XC
735 195 866 219 PRIMUM

83 258 202 288 dentiore
216 258 277 286 stilo
298 258 380 286 misit.
405 260 435 287 In
450 258 539 298 primo
554 259 590 287 ad
610 258 779 287 Demetrium
800 268 828 286 50

84 316 168 344 nuper
182 304 217 333 ad
239 304 410 334 tabernacula
431 305 624 333 monachorum
644 304 767 333 accedere
783 304 827 332 de-

85 351 200 379 crevisse
213 350 264 385 ait,
282 358 306 379 et
323 351 349 378 in
365 351 536 389 sequentibus
547 361 573 379 se
586 350 642 378 illic
658 357 715 378 tum
729 350 829 378 versari

85 396 201 424 insinuat
215 409 220 423 :
233 407 315 434 quare
329 407 381 424 una
393 396 443 424 fuit
457 396 578 424 omnium
592 396 683 435 opinio
695 395 746 424 hoc
760 405 828 434 opus

86 442 202 471 edidisse
214 443 343 471 Joannem
358 443 438 481 paulo
453 449 513 481 post
524 452 605 480 quam
617 441 653 470 ad
669 441 828 469 monasteria

85 500 112 517 se
122 489 281 523 contulerat,
298 495 322 516 et
335 499 395 516 cum
407 489 463 516 illic
477 495 639 516 versaretur.
652 488 756 515 Verum
771 486 829 514 Til-

84 535 228 563 lemontius
247 541 338 562 contra
359 534 427 562 hanc
448 535 605 562 sententiam
620 556 627 568 ,
641 544 722 571 quam
744 540 830 561 tamen

86 593 138 611 non
151 582 260 610 omnino
277 582 394 621 respuit,
408 592 436 610 se
449 581 648 610 validissimum
664 581 747 609 telum
763 591 830 608 con-

86 635 210 666 torquere
221 634 305 666 putat,
318 638 378 656 cum
388 628 435 661 ait,
444 627 488 655 hie
509 629 639 656 Joannem
651 627 687 654 ita
700 626 787 664 loqui,
802 632 830 654 ut

86 681 144 702 tum
158 674 297 713 presbyter
311 674 391 701 fuisse
406 683 515 712 prorsus
534 672 667 701 videatur.
684 673 787 701 Verum
801 678 831 699 ut

86 721 113 748 in
125 720 228 748 Monito
243 720 277 747 ad
289 719 360 747 111100
376 719 478 747 librum
489 718 620 752 diximus,
635 724 665 746 ut
677 718 756 746 etiam
771 728 830 745 mo-

85 767 195 795 nuimus
209 773 270 794 ante
285 765 386 793 librum
400 764 434 793 de
447 765 612 803 Virginitate
622 786 629 798 ,
646 764 680 792 ita
697 763 830 792 familiare

85 818 125 840 est
147 812 358 850 chrysostomo„
376 811 514 839 variorum
534 820 674 849 personam
697 809 807 838 induere
820 831 828 844 ,

86 868 181 897 nempe
202 857 387 896 episcoporum
400 880 406 892 ,
423 856 654 896 presbyterorum,
675 856 729 884 imo
750 856 829 884 etiam

86 905 306 942 conjugatorum.
323 903 396 941 quod
419 903 550 942 exemplis
573 902 764 941 comprobatur
775 924 783 935 ,
801 908 830 929 ut

86 949 154 977 nihil
175 949 237 977 hinc
255 949 345 977 inferri
359 959 436 987 posse
458 948 566 976 omnino
589 948 722 976 videatur.
741 948 831 975 Tem-

86 1006 137 1035 pus
148 996 230 1034 igitur
242 995 288 1023 ille
299 1001 390 1034 aperte
398 994 509 1029 indicat,
518 1004 579 1022 cum
591 1001 680 1022 narrat
690 1004 718 1022 se
728 993 832 1032 πρῴην,

86 1052 172 1080 nuper
184 1041 218 1069 ad
234 1042 394 1069 monasteria
407 1040 552 1069 secessisse.

126 1087 227 1116 Valens
241 1087 399 1125 Imperator,
415 1087 461 1124 qui
474 1086 603 1114 Arianam
618 1085 731 1114 haeresin
744 1092 832 1113 secta-

85 1132 175 1167 batur,
193 1132 252 1160 dira
268 1132 295 1160 in
318 1132 471 1160 Catholicos
483 1155 490 1167 ‚
507 1132 679 1169 maximeque
694 1132 721 1160 in
736 1142 832 1159 mona-

88 1178 153 1207 chos
169 1178 278 1206 molitus
289 1185 338 1206 est.
356 1179 519 1216 Tamenque.
535 1178 600 1205 dum
615 1178 695 1206 frater
707 1178 764 1216 ejus
775 1179 832 1206 Va-

87 1225 249 1253 lentinianus
269 1225 330 1263 pius
353 1231 379 1252 et
402 1224 557 1252 Catholicus
581 1224 695 1256 viveret,
721 1234 753 1251 ne
780 1224 834 1251 sra-

87 1276 155 1298 trem
171 1277 361 1303 commoveret,
374 1280 388 1297 a
400 1270 542 1298 vexatione
560 1269 698 1297 inferenda
718 1269 834 1298 desiste-

87 1315 145 1343 bat.
163 1316 307 1353 Postquam
319 1321 407 1343 autem
421 1315 625 1344 Valentinianus
636 1326 650 1343 e
665 1315 736 1343 vivis
743 1326 835 1344 exces-

89 1368 158 1389 serat
173 1372 242 1389 anno
259 1363 324 1397 374,
340 1361 367 1389 in
383 1362 536 1390 Catholicos
551 1362 663 1401 impune
679 1369 815 1400 grassatur
827 1385 834 1397 ,

91 1409 261 1447 maximeque
276 1409 302 1437 in
318 1410 476 1445 monachos,
492 1420 559 1447 quos
579 1410 661 1448 jussit
678 1421 711 1439 ex
725 1410 834 1440 sedibus

90 1456 165 1495 pelli,
180 1456 214 1484 ad
226 1457 350 1484 militiam
367 1457 508 1491 conscribi,
522 1457 582 1485 etin
594 1467 712 1486 carceres
725 1458 832 1496 conjici.

91 1502 137 1531 Sic
151 1502 313 1531 Antiocham
326 1503 444 1530 tumultu
456 1510 609 1540 terroreque
622 1503 744 1542 replevit.
757 1504 836 1532 Tunc

90 1548 192 1577 amicus
208 1548 320 1586 quidam
334 1549 446 1577 Joannis
466 1549 492 1576 in
507 1548 653 1577 solitudine
665 1549 786 1587 degentis
798 1550 835 1578 il-

71 1593 77 1629 J
90 1595 146 1623 lum
161 1594 229 1622 adiit
240 1602 265 1623 ct
278 1602 400 1634 precatus
413 1601 460 1630 est,
484 1602 513 1622 ut
531 1595 723 1623 monachorum
738 1602 763 1623 et
777 1605 836 1623 mo-

90 1641 196 1670 nasticae
211 1641 274 1669 vit-'e
285 1652 393 1669 causam
407 1641 570 1669 defenderet.
582 1643 650 1670 Rem
666 1648 721 1669 tam
736 1642 836 1670 imma-

70 1701 76 1704 ·
90 1698 148 1716 uem
167 1687 215 1715 vix
229 1687 334 1715 credere
348 1694 451 1726 poterat
466 1689 581 1716 Joannes
595 1699 600 1714 ε
616 1694 643 1715 at
659 1688 705 1715 ubi
721 1699 755 1716 ex
765 1689 836 1716 ami-

90 1735 113 1761 ci
132 1740 242 1762 narratu
263 1733 429 1762 verissimam
450 1744 505 1761 esse
526 1734 666 1772 comperit,
681 1741 754 1762 tanto
770 1745 833 1773 per-

90 1779 179 1806 culsus
188 1777 280 1806 dolore
293 1779 354 1815 fuit,
372 1785 400 1806 ut
415 1779 440 1806 in
457 1779 590 1816 lacrymas
605 1786 769 1818 erumperet,
783 1780 835 1807 De-

91 1835 191 1862 umque
203 1832 367 1863 precaretur,
383 1825 422 1852 uti
440 1835 468 1853 se
484 1835 517 1852 ex
530 1825 581 1853 1130
594 1824 650 1853 vita
666 1825 785 1860 tolleret,
804 1836 836 1853 nc

91 1870 190 1898 similia
202 1870 294 1898 videre
307 1877 455 1908 cogeretur.
470 1871 542 1898 Tum
558 1871 580 1899 is
591 1872 637 1909 qui
651 1878 768 1905 venerat,
785 1882 835 1899 uon

89 1916 146 1953 jam
156 1922 261 1954 tempus
276 1915 445 1954 lacrymandi
460 1927 515 1944 esse
526 1916 610 1951 dixit,
627 1916 671 1948 scd
690 1923 763 1945 tanto
780 1927 836 1945 ma-

92 1962 118 1990 lo
132 1961 326 1989 occurrendum
346 1972 410 1996 esse,
425 1961 498 2000 quod
518 1962 574 2000 ipse
596 1969 710 2001 poterat,
728 1962 750 1990 si
765 1963 834 1990 scri-

94 2016 170 2048 ptum
191 2008 294 2043 ederet,
317 2019 369 2046 quo
393 2009 551 2037 violentiam
571 2009 728 2048 hujusmodi
747 2009 837 2038 sedare

95 2061 190 2093 posset.
204 2054 357 2093 Respondet
376 2055 491 2083 Joannes
506 2062 624 2083 metuere
638 2066 665 2083 se
678 2066 710 2084 ne
725 2056 837 2094 gentiles

95 2100 221 2128 Ecclesiae
238 2101 287 2129 Dei
304 2101 476 2135 insultarent⁷
489 2101 510 2129 si
526 2101 595 2129 mala
610 2101 666 2140 ejus
689 2112 723 2130 ex
737 2102 837 2140 scripto

95 2157 143 2174 suo
154 2146 420 2186 discerent.Reponit
439 2147 494 2183 illc,
509 2148 581 2176 151330
599 2148 687 2175 omnia
698 2148 754 2186 jam
775 2157 838 2185 gen-

94 2192 154 2220 tiles
167 2203 309 2230 cognosse:
322 2193 542 2231 Christianosque
554 2204 609 2222 esse
624 2194 776 2231 multosque
786 2194 836 2221 sibi

96 2244 173 2265 notos
189 2239 234 2275 qui
251 2238 312 2266 talia
329 2245 522 2278 perpetrarent.
545 2240 618 2267 Tum
638 2250 701 2268 vero
723 2241 839 2269 Joannes

97 2283 214 2311 amicum
225 2283 372 2319 dimittens,
389 2295 417 2313 se
430 2285 457 2314 id
475 2286 610 2314 facturum
626 2287 763 2325 pollicitus
778 2293 816 2314 est
829 2297 834 2314 :

96 2336 175 2367 atque
189 2329 267 2358 hosce
276 2336 328 2358 tres
343 2330 427 2359 libros
442 2331 537 2360 edidit.
556 2332 658 2360 Prioris
675 2332 770 2360 titulus
789 2339 837 2367 est,

97 2375 245 2403 Adversus
267 2376 483 2415 Oppzagnatores
505 2379 577 2406 vitae
596 2383 763 2407 monasticae
776 2390 786 2405 .·
812 2378 839 2406 10

97 2419 225 2457 secundo,
241 2421 284 2448 cui
297 2421 401 2458 titulus,
418 2422 470 2450 Ad
477 2423 623 2462 infidelem
634 2430 757 2462 patrem,
768 2423 840 2452 idem

98 2473 286 2504 argumentum
313 2468 481 2506 persequitur
495 2481 501 2496 :
517 2469 544 2497 in
566 2470 658 2505 tertio,
673 2470 716 2497 cui
729 2470 839 2506 titulus,

101 2513 155 2541 Ad
175 2513 291 2550 fidelem
307 2521 430 2552 patrem,
448 2525 503 2543 rem
519 2516 669 2543 accuratius
691 2515 839 2555 expendit,

101 2560 268 2598 ostenditque
282 2572 362 2599 quam
377 2561 489 2590 difficile
503 2562 538 2591 sit
562 2562 589 2590 in
612 2562 712 2592 mundo
726 2563 843 2592 versanti

103 2605 215 2635 salutem
227 2607 364 2645 consequi,
383 2614 406 2635 ct
421 2607 492 2635 filios
506 2608 651 2637 secundum
665 2609 842 2637 Christianam

895 196 1094 220 ADORNATA.
1562 200 1628 236 109

883 258 968 297 legem
982 259 1105 289 educare.
1122 261 1153 289 In
1169 260 1350 289 masculorum
1365 270 1430 289 vero
1442 261 1628 290 concubitores

884 306 1011 334 acerrime
1027 307 1179 336 invehitur:
1195 307 1266 345 quod
1279 306 1412 335 nefarium
1427 307 1512 335 scelus
1528 307 1627 336 Antio-

885 350 951 379 chiae
966 353 1002 380 ita
1018 352 1176 387 invaluerat,
1192 360 1220 381 ut
1232 353 1380 392 periculum
1395 359 1470 387 esset,
1483 353 1583 391 inquit,
1595 364 1628 382 ne

884 407 962 425 sexus
979 397 1118 426 muliebris
1130 399 1186 437 jam
1201 398 1352 438 superfluus
1365 398 1525 426 efficeretur.
1541 399 1572 427 In
1587 409 1628 426 se-

885 443 971 471 cundo
982 443 1051 471 111110
1068 444 1205 472 historiam
1219 445 1298 472 refert
1313 443 1453 482 cujusdam
1468 444 1548 473 amici
1563 444 1604 472 sui
1619 465 1626 478 ‚

886 488 1103 525 «quisolitariam
1111 490 1193 518 vitam
1201 491 1340 529 amplexus
1351 490 1435 518 fuerat
1448 502 1454 517 ε
1466 492 1542 529 cujus
1555 497 1629 528 pater

886 533 1003 562 infidelis
1022 543 1093 570 erat,
1107 535 1193 569 dives,
1209 543 1343 575 spectatus
1364 543 1390 564 et
1410 536 1586 564 clarissimus.
1603 537 1628 565 Is

886 581 1003 618 primum
1015 582 1159 610 concitavit
1171 583 1314 621 principes,
1328 582 1445 610 minatus
1457 590 1495 610 est
1503 582 1611 610 vincula
1622 605 1628 616 ‚

885 627 1027 665 ipsumque
1044 628 1130 655 filium
1145 629 1270 656 omnibus
1287 635 1399 656 exutum
1415 629 1441 656 in
1455 628 1541 657 aliena
1558 635 1628 656 terra

884 672 1003 710 reliquit,
1016 673 1170 701 necessariis
1179 673 1259 701 etiam
1276 673 1410 702 alimentis
1425 681 1546 711 egentem
1559 685 1565 700 :
1578 674 1630 702 hoc

885 724 981 757 putans
996 729 1023 746 se
1036 719 1113 747 illum
1123 718 1157 746 ad
1166 719 1254 747 saeculi
1266 718 1348 747 vitam
1362 719 1544 747 reducturum.
1554 721 1630 748 Post-

884 774 964 801 quam
971 771 1059 793 autem
1071 764 1148 792 illum
1159 764 1185 792 in
1200 765 1274 793 nullo
1284 765 1334 792 sibi
1347 765 1439 794 cedere
1450 765 1531 800 vidit,
1542 765 1630 794 victus

885 809 992 838 tandem
1007 810 1170 848 palinodiam
1187 811 1290 839 cecinit.
1306 813 1343 839 Ac
1358 811 1466 839 nuncin
1484 811 1586 839 honore
1598 811 1631 839 si-

884 855 952 883 lium
974 855 1071 889 habet,
1093 866 1208 894 eumque
1223 857 1325 894 magis,
1343 867 1423 894 quam
1438 857 1459 885 si
1476 864 1550 895 pater
1567 868 1631 886 suus

885 908 960 936 esset,
979 908 1136 930 veneratur:
1154 913 1267 940 cumque
1283 902 1349 930 alios
1362 903 1457 931 habeat
1474 903 1554 938 filios,
1570 913 1632 942 spe-

885 954 983 983 ctatos,
997 958 1041 976 eos
1058 958 1090 976 ne
1105 948 1202 986 dignos
1214 948 1323 986 quidem
1340 949 1385 986 qui
1401 949 1468 977 servi
1480 949 1562 987 hujus
1576 950 1632 978 sint

885 995 1031 1023 arbitratur
1046 1006 1052 1023 :
1070 996 1127 1035 ipse
1139 1006 1244 1034 quoque
1254 1004 1362 1035 propter
1377 996 1464 1024 filium
1475 996 1554 1035 longe
1579 996 1634 1025 cla-

888 1052 942 1070 rtor
957 1049 1005 1070 est.
1020 1053 1033 1068 1)

929 1090 957 1116 [n
974 1088 1051 1116 tertio
1070 1094 1159 1116 autem
1173 1087 1245 1115 libro
1261 1088 1373 1116 alteram
1388 1089 1469 1116 refert
1490 1088 1632 1116 historiam

884 1134 992 1172 juvenis
1009 1134 1150 1173 cujusdam
1171 1133 1331 1162 nobilissimi
1348 1157 1356 1169 ,
1378 1135 1454 1173 cujus
1471 1134 1633 1173 paedagogus

888 1180 1035 1209 monachus
1055 1188 1127 1215 erat,
1142 1192 1156 1208 a
1174 1191 1226 1218 quo
1248 1180 1394 1219 paedagogo
1414 1188 1499 1209 totum
1517 1182 1634 1210 Joannes

888 1225 1043 1254 edidicerat.
1063 1226 1181 1264 Hujusce
1197 1227 1272 1265 pueri
1289 1233 1365 1266 pater
1381 1226 1530 1255 Christiani
1544 1226 1633 1255 officia

889 1282 985 1310 parum
997 1271 1117 1307 curabat,
1129 1279 1212 1300 mater
1227 1282 1290 1300 vero
1302 1273 1401 1311 pietate
1415 1273 1529 1312 praedita
1541 1279 1597 1300 erat
1609 1279 1635 1301 et

889 1316 1035 1344 admodum
1048 1317 1182 1355 religiosa.
1201 1317 1279 1345 Pater
1290 1317 1378 1345 filium
1390 1318 1423 1346 ad
1437 1318 1576 1346 saeculares
1587 1328 1635 1345 so-

890 1363 947 1390 lum
966 1362 1111 1400 dignitates
1126 1373 1283 1402 promovere
1301 1363 1454 1401 cogitabat,
1471 1370 1555 1391 mater
1572 1373 1636 1391 vero

890 1407 917 1435 id
929 1418 1011 1436 unum
1027 1408 1135 1436 curabat
1147 1430 1154 1442 ‚
1168 1415 1197 1436 ut
1211 1418 1257 1446 per
1268 1407 1329 1436 vitae
1341 1409 1506 1436 sanctitatem
1521 1419 1635 1447 regnum

888 1455 990 1482 caeleste
1007 1461 1169 1489 mereretur,
1184 1461 1209 1482 et
1220 1453 1328 1492 quidem
1344 1465 1391 1493 per
1404 1455 1466 1483 vitae
1484 1455 1636 1483 monastica>

889 1500 1027 1528 exercitia.
1043 1499 1086 1527 Ex
1097 1500 1262 1528 educationis
1279 1507 1367 1528 autem
1383 1500 1465 1528 modo
1476 1507 1561 1529 totum
1576 1512 1639 1540 pen-

888 1546 986 1575 debat:
1003 1553 1166 1585 quapropter
1178 1547 1287 1585 conjugi
1303 1547 1387 1574 suasit
1404 1554 1433 1575 ut
1451 1547 1530 1575 illum
1543 1548 1637 1575 Antio-

889 1594 978 1622 chiam
988 1595 1113 1629 mitteret,
1124 1600 1152 1621 ut
1163 1594 1199 1621 ibi
1208 1593 1329 1632 linguam
1341 1594 1464 1622 Latinam
1477 1601 1502 1622 et
1513 1595 1636 1623 Graecam

890 1639 1019 1668 edisceret
1027 1646 1170 1677 antequam
1181 1639 1269 1667 balteo
1278 1640 1487 1678 praecingeretur
1496 1652 1503 1677 ;
1513 1650 1572 1678 quae
1581 1640 1639 1668 bal-

890 1686 924 1713 tei
938 1685 1094 1725 praecinctio
1108 1692 1170 1713 tunc
1181 1685 1215 1713 ad
1230 1686 1404 1724 magistratus
1416 1693 1443 1715 et
1457 1687 1639 1715 nobilissimos

890 1732 963 1760 viros
988 1731 1147 1770 pertinebat.
1167 1731 1225 1759 Sub
1240 1731 1296 1759 hace
1322 1739 1409 1760 autem
1434 1733 1586 1761 solitarium
1605 1744 1639 1761 ex

890 1779 1027 1806 montibus
1043 1778 1180 1811 evocavit,
1193 1778 1228 1805 ab
1248 1778 1349 1816 illoque
1371 1779 1464 1817 petiit,
1479 1786 1508 1806 ut
1529 1779 1579 1807 filii
1595 1779 1636 1807 sui

891 1825 1061 1852 Antiochiam
1077 1824 1112 1852 ad
1127 1823 1218 1852 studia
1241 1824 1365 1852 mittendi
1389 1835 1481 1852 curam
1503 1825 1614 1853 haberet
1628 1847 1635 1859 ,

891 1871 997 1910 ipsique
1011 1870 1152 1909 paedagogi
1173 1871 1231 1898 loco
1252 1877 1328 1898 esset.
1344 1871 1526 1898 Obnitebatur
1543 1871 1588 1899 ille
1607 1881 1638 1899 ac

890 1918 1014 1953 dicebat,
1031 1917 1058 1945 id
1075 1916 1157 1945 osticii
1171 1927 1222 1945 non
1235 1926 1311 1955 posse
1327 1924 1478 1955 competere
1493 1917 1636 1945 monacho.

891 1963 984 1992 Atilia
999 1962 1107 1991 obnixis
1124 1962 1247 2001 precibus
1267 1969 1319 1989 tam
1335 1962 1506 1990 vehementer
1522 1962 1637 1998 institit,

892 2016 921 2036 ut
940 2008 1048 2036 demum
1073 2007 1219 2035 monachus
1243 2007 1442 2044 obsequeretur.
1466 2008 1535 2036 Cum
1554 2019 1639 2047 puero

891 2055 975 2093 igitur
988 2054 1159 2082 Antiochiam
1171 2054 1254 2081 venit.
1267 2054 1382 2082 Jounnes
1394 2064 1468 2091 vero,
1481 2054 1525 2092 qui
1538 2061 1601 2082 tunc
1612 2056 1639 2083 in

893 2101 958 2128 urbe
975 2107 1040 2135 erat,
1055 2106 1080 2127 et
1092 2099 1170 2126 illum
1191 2099 1217 2127 in
1234 2099 1394 2127 monasterio
1409 2099 1548 2138 degentem
1560 2100 1640 2129 vide-

893 2154 943 2181 rut,
955 2152 1125 2186 percontatus
1137 2152 1174 2173 051
1189 2145 1255 2183 quid
1266 2155 1351 2172 causae
1362 2152 1428 2173 esset
1443 2153 1472 2174 ut
1483 2146 1535 2174 tale
1546 2147 1638 2175 offici-

894 2204 940 2221 um
955 2192 1109 2230 susciperet.
1130 2191 1179 2220 Ille
1200 2202 1263 2219 vero
1284 2202 1340 2219 rem
1362 2191 1482 2219 narravit
1504 2199 1639 2232 utsupra.

894 2239 1063 2275 Puerumque
1079 2237 1117 2264 sic
1136 2236 1271 2273 instituit,
1288 2238 1326 2264 sic
1346 2236 1380 2264 ad
1401 2239 1554 2266 monasticae
1575 2239 1638 2267 vitae

893 2294 1012 2313 amorem
1036 2283 1223 2317 inflammavit,
1239 2289 1268 2310 ut
1288 2282 1369 2321 paulo
1388 2290 1478 2322 postea
1496 2285 1522 2312 in
1542 2284 1640 2312 solitu-

893 2331 983 2358 dinem
1005 2328 1153 2365 secederet,
1171 2335 1196 2357 et
1226 2329 1263 2356 ibi
1288 2329 1461 2358 monasticam
1482 2330 1564 2358 vitam
1588 2342 1638 2359 ex-

895 2382 1003 2404 erceret.
1022 2376 1126 2403 Verum
1151 2375 1266 2403 Joannes
1288 2381 1377 2403 noster
1398 2382 1518 2404 metuens
1536 2387 1568 2404 ne
1588 2387 1640 2415 pa-

897 2431 935 2451 ter
958 2423 1015 2461 ejus
1029 2445 1035 2455 ,
1051 2423 1096 2461 qui
1111 2428 1207 2450 natura
1229 2421 1375 2450 iracundus
1398 2428 1463 2453 erat.
1480 2423 1506 2450 in
1522 2423 1639 2451 furorem

897 2480 990 2499 versus
1002 2491 1009 2505 ,
1026 2476 1052 2497 et
1070 2468 1245 2508 paedagogum
1266 2474 1292 2496 et
1315 2467 1460 2496 monachos
1480 2469 1549 2496 male
1568 2468 1640 2496 mul-

897 2523 978 2551 caret‚
998 2515 1109 2543 domum
1125 2521 1242 2553 repetere
1265 2514 1349 2552 coegit
1366 2524 1372 2542 :
1387 2514 1434 2542 uhi
1452 2514 1498 2542 illc
1516 2525 1530 2542 a
1546 2514 1640 2553 paeda-

899 2573 967 2601 gogo
985 2563 1023 2590 sic
1035 2561 1181 2596 institutus,
1195 2560 1301 2589 lectioni
1324 2560 1472 2599 Scripturae
1488 2570 1581 2594 sacrze,
1595 2561 1641 2598 je-

899 2608 983 2647 juniis
1000 2630 1007 2644 ,
1029 2607 1132 2645 vigiliis
1155 2606 1308 2644 caeterisque
1329 2606 1484 2634 monaszicis
1507 2606 1643 2634 exercitiis
