1884 2922
722 200 825 222 INDEX
853 200 979 222 RERUM.

121 261 188 289 I'rrn
201 260 335 299 quomodo
348 268 447 289 veteres
460 261 601 289 faciebant.
614 267 658 289 tv.
677 266 731 289 609
746 273 773 289 E.
791 273 817 290 A.

80 305 214 343 Tempore
228 304 425 342 Chi-ysostomi‚
441 304 535 332 itinera
548 303 731 332 mansionibus
747 312 822 333 erant

119 601 209 630 Jacoss
220 610 268 628 cur
284 600 310 628 in
327 607 402 628 utero
414 600 510 628 matris
525 601 676 629 amabatur.
694 608 740 629 XI.
753 605 818 630 675.

81 656 107 673 A.
126 654 148 672 Β.
160 643 412 683 Supplantationein
428 654 522 672 nomen
538 645 594 683 ejus
609 644 753 683 significat.
774 652 818 672 lv.

81 692 145 716 600.
163 699 191 716 n.
212 689 281 716 Nam
295 688 506 716 benedictionem
529 688 665 727 subripuit
679 688 766 722 fratri,
789 698 823 716 ex

80 731 132 760 Dei
146 738 224 760 nutu.
243 739 287 760 tv.
304 737 368 760 593.
383 743 446 771 sqq.
462 732 523 766 Quo
539 739 615 771 pacto
629 732 754 761 dominus
771 732 822 759 fra-

79 774 128 803 tris
142 775 183 803 sui
199 776 271 804 Esau
284 775 445 803 constitutus
462 775 506 803 sit.
522 783 578 805 vn.
599 781 661 804 144.
676 787 701 804 c.
720 780 784 804 145.
797 779 821 803 A

78 825 163 846 matre
184 829 198 846 e
225 819 352 858 periculis
372 819 504 858 eripitur,
530 830 646 857 quonam
666 819 757 847 modo.
776 826 821 847 lv.

80 866 145 890 603.
163 873 189 890 c.
216 873 244 891 D.
275 863 306 890 In
330 862 554 901 Mesopotamiam
581 862 822 901 peregrinationem

80 906 174 934 matris
187 906 298 934 consilio
314 906 469 942 meditatur,
483 906 544 934 lieet
556 906 675 934 nondum
689 917 703 934 e
714 914 822 945 paterna

78 949 159 977 domo
170 951 278 984 exisset,
296 959 381 986 neque
397 959 480 987 grave
495 949 561 987 quid
577 949 670 978 fuisset
684 957 819 989 expertus.

80 1000 126 1022 IV.
142 998 206 1023 609.
224 1004 252 1020 E.

118 1037 201 1067 Jacob
214 1036 349 1074 quomodo
365 1036 415 1065 iter
430 1036 585 1076 arripuerit.
604 1044 650 1065 lv.
668 1042 733 1066 609.
749 1048 775 1066 E.
792 1050 819 1066 Λ.

80 1083 175 1110 Lectus
191 1082 258 1119 ejus.
276 1088 296 1110 Ι.
316 1086 379 1110 880.
396 1081 467 1109 Bene
483 1087 613 1109 moratam
630 1081 745 1109 habebat
760 1082 820 1110 ani-

79 1136 163 1161 mam,
180 1125 338 1163 virilemque
354 1125 490 1164 spiritum.
510 1124 572 1153 Ideo
588 1125 706 1153 mirabili
720 1126 822 1154 visione

78 1169 190 1198 donavit
202 1169 279 1197 illurn
295 1170 368 1197 Deus
383 1169 608 1208 peregrinantem.
624 1171 669 1197 ΙΙ).
687 1180 708 1197 13.
723 1169 821 1204 Qualia

79 1220 105 1241 et
119 1221 218 1251 quanta
232 1214 305 1241 Deus
326 1213 365 1240 illi
382 1212 534 1251 promittat.
551 1219 596 1240 lv.
615 1217 679 1241 610.
697 1224 780 1251 pauca
797 1220 822 1241 et

79 1257 186 1286 modica
208 1257 316 1296 petenti.
335 1263 380 1284 lv.
403 1260 467 1285 614.
486 1266 510 1283 B.
528 1255 717 1284 Obedientiam
734 1263 822 1284 tamen

78 1303 136 1341 ejus
159 1308 282 1337 exercet,
298 1300 443 1338 quomodo.
462 1306 508 1329 lv.
526 1304 590 1327 610.
609 1310 634 1327 E.
653 1311 678 1327 A.
698 1301 822 1329 Decimas

79 1346 196 1374 Domino
213 1345 339 1373 daturum
351 1354 379 1372 se
391 1350 468 1372 vovet
484 1343 578 1372 Jacob.
596 1350 642 1373 IV.
664 1349 729 1374 612.
747 1355 773 1372 e.
790 1355 819 1372 n.

79 1390 186 1425 Quanta
207 1389 264 1428 ejus
286 1388 386 1416 fiducia
409 1387 458 1416 Dei
483 1386 617 1425 potentiae.
639 1394 683 1416 tv.
709 1392 771 1417 614.
793 1399 818 1417 e.

79 1438 143 1462 615.
159 1432 208 1460 Dei
224 1430 397 1471 providentia
425 1430 452 1458 in
471 1440 583 1458 occursu
606 1431 731 1459 Rachelis
746 1442 821 1470 peco-

79 1488 108 1506 ra
123 1476 292 1514 adaquantis.
309 1482 355 1505 Π.
369 1479 434 1503 615.
447 1485 471 1502 Β.
486 1485 510 1502 e.
527 1474 596 1502 Mira
612 1475 706 1503 Jacobi
723 1475 820 1504 huma-

80 1522 149 1550 nitas
163 1527 188 1549 et
208 1519 340 1548 excellens
355 1519 412 1557 ejus
425 1519 565 1556 sagacitas,
580 1528 640 1546 cum
655 1518 773 1557 primum
794 1519 820 1547 in

78 1565 192 1593 domum
208 1563 309 1592 Labani
331 1562 411 1590 suerit
430 1561 607 1590 introductus.
636 1569 680 1590 lv.
703 1568 768 1591 616.
792 1575 818 1591 A.

78 1609 216 1644 Quantum
229 1607 371 1635 Rachelem
383 1606 466 1636 Jacob
475 1606 611 1634 dilexerit.
621 1613 663 1634 [V.
675 1612 739 1635 616.
753 1618 778 1636 n.
793 1618 820 1635 c.

78 1653 257 1691 Comparatur
271 1651 371 1679 Paulus
384 1661 445 1679 cum
458 1651 553 1680 Jacob.
567 1657 612 1678 [V.
626 1655 690 1679 618.
706 1662 733 1679 ε.
751 1652 820 1680 Cura

81 1704 106 1725 et
118 1696 270 1725 sollicitudo
282 1695 376 1725 Jacobi
389 1706 437 1734 pro
448 1705 536 1733 grege.
551 1702 583 1723 tl.
600 1699 643 1722 42.
657 1705 683 1725 c.
701 1706 729 1723 D.
745 1695 820 1731 Quid

79 1751 260 1769 :erumnarum
275 1739 302 1767 in
326 1738 372 1766 illa
393 1739 448 1766 vita
462 1749 509 1766 sua
524 1738 650 1777 pastorali
668 1749 760 1777 passus
774 1740 817 1768 sit.

80 1792 100 1813 1.
120 1789 185 1814 242.
201 1795 266 1823 sqq.
281 1790 326 1811 lv.
344 1787 409 1811 72'0.
427 1782 473 1810 scd
486 1783 575 1810 omnia
589 1792 665 1820 :equo
675 1783 766 1811 animo
782 1790 822 1811 to-

80 1828 183 1856 lerabat
203 1828 237 1855 ob
258 1836 376 1854 amorem
398 1826 531 1854 Rachetis.
553 1833 598 1856 lv,
621 1830 686 1855 616.
711 1837 737 1854 c.
759 1832 822 1856 617.

81 1872 191 1901 Racheli
211 1871 245 1899 de
264 1870 404 1899 sterilitate
424 1870 555 1908 querenti,
577 1881 658 1908 quam
679 1871 823 1909 prudenter

85 1915 253 1954 respondeat.
275 1921 320 1943 IV.
344 1918 407 1942 630.
423 1925 450 1941 Α.
474 1925 497 1941 Β.
512 1915 601 1949 Quare
617 1914 706 1952 plures
726 1915 823 1944 habere

85 1970 183 1988 uxores
203 1958 304 1989 Jacobo
322 1957 435 1985 licuerit.
453 1964 498 1988 [V.
516 1962 581 1986 627.
597 1969 623 1986 c.
645 1969 673 1986 D.
697 1959 780 1987 Jacob
795 1959 822 1987 in

83 2014 130 2031 sua
150 2003 319 2041 generatione
333 2000 433 2029 doctor.
451 2007 480 2028 V.
504 2006 546 2029 19.
566 2011 592 2028 Β.
611 2001 661 2029 Per
674 2002 757 2030 Jacob
770 2002 821 2031 do-

83 2047 138 2075 cuit
158 2048 229 2075 Deus
242 2057 285 2075 eos
301 2045 347 2084 qui
365 2044 524 2073 babitabant
539 2045 769 2084 Mesopotamiam.
787 2053 820 2074 V.

84 2097 126 2120 18.
141 2102 168 2120 ε,

123 2134 215 2164 Jacobi
225 2133 401 2162 mansuetudo
412 2142 476 2171 erga
492 2132 594 2168 Laban,
609 2132 717 2170 quando
733 2133 758 2161 in
772 2144 821 2172 pa-

81 2179 161 2207 triam
186 2188 262 2206 suam
286 2177 391 2215 regredi
416 2176 513 2205 voluit.
536 2183 581 2205 [V.
606 2181 671 2205 (334.
701 2188 732 2205 D.
757 2182 820 2205 635.

81 2227 146 2251 637.
170 2233 194 2249 Β.
209 2222 277 2259 Ejus
292 2221 386 2249 itidem
402 2219 554 2260 prudentia.
576 2225 641 2249 636.
660 2232 686 2248 Α.
708 2232 730 2248 n.
752 2225 817 2250 637.

81 2265 151 2301 Quia
174 2264 265 2292 Laban
286 2264 406 2302 ingratus
420 2274 482 2302 erga
501 2264 585 2292 Jacob
603 2271 669 2298 crat,
687 2265 758 2292 Deus
770 2265 820 2302 ju-

79 2317 151 2338 stum
176 2307 292 2336 ubertim
320 2314 488 2342 remunerat,
514 2307 656 2345 quomodo.
682 2315 728 2336 lv.
755 2312 818 2335 638.

81 2357 146 2381 639.
164 2351 258 2381 Jacobi
272 2350 402 2379 fortitudo
419 2351 519 2385 animi,
536 2358 564 2378 ut
580 2351 696 2378 Domino
712 2350 818 2378 obtem-

79 2402 161 2435 peret.
177 2402 222 2423 lv.
241 2399 305 2422 (340.
324 2404 348 2421 c.
365 2404 394 2421 D.
407 2395 505 2431 Magna
517 2394 566 2421 Dei
578 2393 747 2432 providentia
757 2404 820 2432 erga

80 2438 165 2469 Jacob
189 2438 215 2466 in
240 2436 357 2465 secundo
378 2436 452 2464 illius
473 2436 574 2464 itinere.
599 2444 644 2466 lv.
666 2441 730 2465 (321.
754 2447 818 2476 sqq.

82 2488 148 2511 657.
164 2493 190 2509 Α.
206 2486 272 2509 665.
292 2492 318 2508 Α.
336 2480 479 2518 Ignorabat
497 2480 579 2509 Jacob
594 2480 737 2508 Raclielem
757 2480 820 2509 deos

82 2525 184 2554 Labani
196 2524 342 2553 sustulisse.
356 2530 401 2552 lv.
414 2528 477 2553 6'0'1.
489 2535 516 2551 r.
526 2525 609 2552 Jacob
623 2524 730 2552 fratrem
741 2535 819 2552 suum

84 2577 215 2605 metucns,
231 2575 254 2597 ct
269 2574 381 2597 mortem
397 2567 584 2605 reformidans,
604 2568 758 2605 angelorum
775 2579 816 2596 ca-

876 261 1013 298 distincta,
1027 268 1051 290 et
1066 263 1136 291 villis
1151 263 1337 301 frequentibus
1352 270 1454 291 ornata.
1476 271 1494 291 t.
1514 268 1577 292 232.
1592 275 1617 291 c.

875 306 973 334 Itinera
990 306 1077 334 Pauli.
1098 314 1143 335 ΙΧ.
1160 312 1224 336 453.
1243 318 1267 334 B.

877 608 929 629 stra
959 602 1032 630 videt
1056 613 1102 640 per
1129 604 1179 632 Dei
1195 604 1375 642 clementiam,
1392 613 1417 634 et
1432 614 1565 637 recreatus
1582 615 1621 637 est.

875 651 958 682 atque
972 645 1144 675 confortatus.
1163 654 1197 675 11.
1214 652 1280 676 760.
1299 659 1325 676 A.
1339 660 1363 676 o.
1377 660 1402 677 c.
1420 657 1464 678 tv.
1480 655 1543 680 650.
1556 663 1581 681 n.
1592 663 1618 679 c.

877 692 942 717 651.
953 687 1007 717 Sed
1017 689 1079 726 quia
1094 689 1185 718 adhuc
1195 691 1275 719 timor
1283 692 1506 731 angebatjustum
1516 717 1523 730 ,
1534 695 1569 723 ad
1582 695 1620 723 iu-

875 731 978 759 victum
988 732 1136 760 Dominum
1153 734 1318 772 confugiens,
1333 737 1522 774 promissiones
1535 739 1620 777 ipsius

875 774 908 802 ab
923 785 953 803 eo
965 775 1068 814 repetit.
1083 783 1128 806 lv.
1141 781 1205 807 651.
1223 787 1252 804 D.
1270 788 1293 806 B.
1312 778 1371 806 Non
1383 779 1458 808 aliud
1471 781 1619 810 Dominum

875 827 1015 857 precatur,
1029 831 1109 858 quam
1132 827 1161 848 ut
1175 821 1366 859 promissiones
1385 833 1448 852 suas
1460 823 1617 864 adimpleat.

877 869 922 892 lv.
936 867 1000 891 652.
1017 874 1045 891 D.
1062 874 1088 892 E.
1102 864 1224 892 Fratrem
1242 875 1321 893 suum
1340 865 1412 894 Esa'u
1423 867 1530 905 placare
1545 869 1620 907 cogi—-

876 912 924 935 tat.
939 908 983 935 Ib.
1002 907 1132 935 Luctatur
1146 919 1207 936 cum
1223 909 1330 947 angelo.
1349 917 1394 939 lv.
1413 915 1478 939 653.
1497 923 1522 939 c.
1545 923 1572 942 D.
1591 924 1618 942 Β.

875 950 981 979 Israelis
1005 961 1100 980 nomen
1123 952 1220 991 accipit
1246 953 1341 984 Jacob.
1365 960 1412 983 111.
1438 959 1500 984 129.
1525 967 1550 985 B.
1571 963 1616 984 IV.

877 998 944 1022 653.
960 1006 984 1023 A.
996 1000 1059 1023 654.
1073 1002 1141 1024 vm.
1155 997 1257 1034 130·{A·
1269 996 1349 1033 Quod
1361 1007 1455 1026 nomen
1465 999 1561 1027 Deum
1576 1003 1621 1028 vt·-

875 1038 948 1066 dens
963 1039 1183 1077 interpretantur.
1198 1047 1244 1068 IV.
1257 1045 1321 1069 654.
1336 1042 1420 1071 Jacob
1436 1043 1543 1071 fratrem
1555 1043 1621 1072 vicit

876 1081 1028 1111 bumilitate
1045 1090 1070 1112 et
1094 1084 1190 1112 robore
1205 1085 1427 1114 mansuetudinis.
1445 1093 1491 1114 tv.
1509 1092 1573 1117 656.
1593 1099 1617 1118 c.

915 1127 1011 1161 Jacob,
1026 1127 1053 1155 in
1069 1128 1184 1166 patriam
1199 1139 1334 1165 reversus,
1351 1130 1477 1167 quamvis
1492 1131 1561 1159 nibil
1576 1132 1620 1160 illi

876 1169 975 1198 deesset
999 1171 1024 1199 in
1047 1172 1155 1200 terrenis
1177 1172 1274 1211 opibus
1288 1196 1295 1206 ‚
1312 1173 1384 1201 nulla
1401 1181 1486 1202 tamen
1505 1174 1620 1203 aedificia

875 1215 1036 1245 construxit.
1055 1223 1101 1244 lV.
1120 1221 1184 1245 660.
1205 1217 1263 1245 Non
1281 1217 1321 1244 illi
1340 1218 1430 1246 nocuit
1452 1219 1534 1247 Esa'u.
1559 1226 1618 1249 VII.

876 1262 942 1288 497.
961 1269 987 1286 ε.
1006 1259 1070 1287 Pius
1089 1260 1146 1298 ejus
1170 1265 1194 1288 et
1209 1267 1300 1298 gratus
1311 1271 1373 1298 erga
1392 1262 1478 1289 Deum
1500 1262 1618 1292 animus.

873 1308 921 1331 IV.
932 1306 996 1330 660.
1006 1306 1105 1331 Ε.666.
1115 1307 1211 1332 670.Β.
1222 1307 1287 1332 733.
1297 1313 1322 1332 c.
1333 1304 1487 1341 Numquam
1500 1306 1523 1333 ei
1539 1305 1618 1334 defu-

874 1352 951 1373 erunt
967 1356 1102 1375 aerumnae.
1120 1354 1143 1378 Ι.
1156 1351 1219 1375 255,
1233 1351 1297 1376 918.
1316 1357 1343 1376 D.
1356 1358 1383 1377 Ε.
1402 1355 1452 1376 lv.
1472 1353 1537 1379 724.
1554 1349 1621 1378 Inde

877 1388 961 1427 magis
980 1390 1090 1420 claruit.
1111 1397 1168 1420 v11.
1190 1395 1253 1420 171.
1276 1401 1299 1418 Β.
1315 1391 1421 1429 Martyr
1435 1392 1588 1430 appellatur
1603 1404 1618 1421 a

876 1432 970 1462 Paulo.
987 1440 1007 1463 1.
1025 1438 1090 1464 840.
1106 1445 1130 1462 c.
1143 1435 1216 1462 Deos
1232 1433 1332 1462 alienos
1347 1434 1456 1463 sustulit
1468 1434 1501 1463 de
1516 1436 1617 1465 familia

876 1487 935 1507 sua.
958 1484 1002 1507 lv.
1029 1482 1093 1506 666.
1115 1488 1142 1508 c.
1163 1477 1258 1513 Jacob,
1279 1477 1391 1506 audiens
1412 1486 1536 1518 stuprum
1555 1481 1618 1509 filiae

877 1530 931 1548 suaa
947 1520 1025 1556 Dina,
1038 1532 1085 1559 pro
1101 1532 1148 1549 sua
1160 1522 1365 1549 mansuetudine
1379 1522 1450 1551 silet.
1470 1528 1616 1552 tv.663.n.

915 1565 998 1593 Jacob
1016 1572 1146 1602 quantum
1161 1565 1261 1604 Josepli
1278 1565 1421 1594 adamarit.
1439 1574 1483 1595 !V.
1511 1573 1574 1596 673.
1592 1579 1619 1596 D.

877 1612 940 1636 676.
962 1613 1026 1636 683.
1044 1620 1069 1637 n.
1090 1613 1156 1638 711.
1173 1621 1200 1638 A.
1218 1621 1244 1638 B.
1263 1609 1342 1637 Unde
1358 1617 1428 1638 tanta
1441 1610 1560 1640 dilectio.
1574 1619 1619 1641 lv.

877 1655 938 1679 675.
960 1662 986 1680 D.
1002 1652 1084 1680 Illum
1100 1652 1219 1690 increpat
1231 1653 1334 1680 somnia
1351 1661 1511 1690 narrantem,
1524 1666 1617 1692 quare.

876 1701 920 1722 tv.
941 1699 1006 1723 678.
1031 1706 1057 1724 Α.
1078 1706 1102 1722 n.
1123 1696 1217 1724 Jacobi
1239 1696 1317 1724 dolor
1331 1697 1473 1726 vehemens
1488 1697 1521 1726 de
1534 1705 1620 1726 morte

875 1737 925 1765 filii
941 1749 954 1766 a
967 1739 1096 1766 fratribus
1106 1740 1163 1777 ejus
1179 1740 1314 1768 simulata.
1334 1747 1354 1769 1.
1372 1745 1434 1769 2745.
1448 1752 1471 1770 n.
1488 1752 1514 1770 e.
1526 1752 1544 1769 D
1574 1749 1617 1769 tv.

878 1786 943 1809 683.
964 1794 988 1812 u.
1011 1793 1038 1810 c.
1062 1783 1128 1820 Ejus
1144 1783 1289 1821 lacrymae,
1307 1794 1368 1812 cum
1390 1784 1530 1823 Benjamin
1555 1797 1570 1814 a
1592 1796 1619 1814 se

878 1825 1033 1854 dimitteret.
1057 1833 1103 1854 lv.
1119 1831 1183 1854 709.
1202 1837 1228 1855 c.
1251 1837 1279 1855 D.
1293 1832 1358 1856 710.
1381 1832 1446 1858 711,
1462 1828 1546 1856 Nemo
1561 1839 1619 1856 ser-

878 1880 955 1898 mone
975 1869 1113 1908 complecti
1148 1876 1233 1908 potest
1252 1870 1418 1906 voluptatem
1447 1871 1473 1899 in
1494 1882 1546 1909 qua
1568 1873 1620 1900 suit

877 1913 980 1948 Jacob,
1003 1923 1064 1940 cum
1083 1912 1211 1940 didicerit
1231 1913 1329 1952 Joseph
1352 1915 1456 1942 vivere.
1482 1922 1526 1944 tv.
1550 1920 1617 1944 719.

878 1956 996 1984 Priorem
1018 1962 1081 1983 tunc
1106 1957 1226 1994 vigorem
1253 1957 1369 1995 recepit,
1397 1958 1543 1995 quomodo.
1574 1966 1617 1988 tv.

876 2005 942 2029 720.
961 2012 985 2029 c.
1006 2011 1033 2028 D.
1052 2000 1155 2028 Gaudii
1173 2000 1299 2038 lacryma:
1316 2001 1342 2028 in
1356 2011 1417 2029 sene
1430 2002 1513 2031 Jacob
1529 2003 1618 2031 [ilium

875 2054 955 2072 suum
980 2044 1077 2082 Josepli
1102 2043 1281 2072 deosculante.
1297 2052 1342 2073 tv.
1360 2050 1424 2073 722.
1441 2057 1467 2074 c.
1487 2057 1514 2074 D.
1534 2047 1618 2075 Jacob

876 2098 970 2121 caecus,
987 2087 1072 2116 oculis
1082 2087 1178 2115 mentis
1192 2086 1310 2115 videbat.
1327 2095 1372 2116 lv.
1388 2093 1452 2117 732.
1470 2100 1496 2117 E.
1514 2102 1539 2118 A.
1561 2091 1618 2118 Cur

876 2132 950 2159 Deus
963 2131 1101 2159 dimensus
1121 2132 1155 2158 sit
1171 2131 1194 2158 ei
1214 2131 1324 2168 longum
1349 2132 1413 2159 vitae
1436 2139 1549 2171 tempus.
1570 2141 1615 2162 lv.

876 2180 930 2203 727
953 2186 980 2203 D.
992 2176 1021 2203 S.
1034 2175 1192 2214 patriarcha?
1204 2175 1332 2203 modestia
1347 2182 1372 2203 et
1384 2176 1505 2214 religiosa
1517 2177 1616 2205 anima.
1630 2188 1633 2189 ⁷

876 2226 919 2247 Π.
935 2223 1000 2246 732.
1018 2230 1045 2246 A.
1063 2219 1139 2246 Filiis
1151 2217 1293 2246 benedicit.
1307 2225 1350 2247 lv.
1367 2224 1432 2248 737.
1449 2230 1513 2259 sqq.
1528 2221 1617 2249 Etiam

874 2269 993 2301 tempore
1022 2262 1115 2290 mortis
1139 2262 1270 2300 singulari
1300 2262 1441 2292 dilectione
1468 2265 1617 2304 Joseplium

874 2307 990 2335 amabat.
1007 2313 1051 2334 IV.
1074 2311 1137 2335 736.
1157 2317 1184 2334 D.
1207 2310 1272 2334 737.
1292 2318 1316 2335 n..
1334 2309 1368 2334 At
1390 2308 1487 2336 Ruben
1505 2308 1617 2347 vitupe-

874 2357 924 2386 rat,
947 2357 972 2378 et
999 2349 1130 2387 flagitium
1154 2351 1210 2388 ejus
1235 2350 1335 2389 scripto
1358 2351 1428 2379 tradi
1456 2359 1540 2380 curat.
1571 2360 1616 2381 IV.

876 2398 940 2422 671.
955 2405 981 2421 E.
999 2398 1064 2421 737.
1081 2404 1108 2421 D.
1133 2397 1198 2420 738.
1214 2393 1289 2421 etsie
1304 2394 1491 2432 praedictiones
1507 2405 1568 2423 suas
1582 2395 1616 2423 ab

875 2437 1063 2475 imprecatione
1078 2436 1181 2474 incipit.
1197 2443 1228 2466 V,
1243 2441 1306 2465 293.
1320 2448 1345 2465 E.
1358 2448 1385 2465 A.
1403 2448 1428 2467 1³.
1444 2439 1493 2466 Per
1508 2438 1612 2477 sapien·

875 2480 939 2508 tiam
959 2491 972 2508 a
991 2480 1095 2519 Spiritu
1109 2485 1198 2507 sancto
1211 2479 1261 2507 sibi
1275 2479 1377 2514 datam,
1398 2481 1540 2520 prophetat
1554 2482 1615 2509 exi-

875 2525 945 2553 mius
959 2534 1048 2553 senex.
1064 2531 1107 2552 tv.
1123 2528 1188 2552 738.
1206 2537 1229 2552 Λ.
1242 2528 1307 2552 739.
1322 2534 1348 2552 13.
1363 2524 1483 2563 Tempus
1497 2524 1615 2553 declarat

877 2568 1023 2605 manifeste,
1033 2578 1085 2606 quo
1097 2567 1127 2595 sit
1141 2566 1306 2595 adventurus
1317 2567 1448 2595 Christus.
1460 2575 1505 2596 lv.
1516 2573 1608 2597 739.e.
