1884 2922
734 206 834 229 inotix
862 207 988 230 nEnUM.

96 272 128 294 11.
145 270 208 294 518.
226 276 249 295 Β.
265 276 280 293 ,1
305 266 443 304 Jejunium
459 275 510 295 non
523 273 626 294 tantum
637 266 759 296 ciborum
771 268 833 296 abs-

95 310 205 338 tinentia
231 316 290 343 est,
308 309 353 338 sed
376 317 401 338 et
427 317 606 349 peccatorum.
635 317 666 339 11.
683 316 729 339 47.
745 312 836 341 Honor

94 353 165 381 enim
178 353 276 392 jejunii
302 364 353 382 non
373 354 495 382 ciborum
519 354 690 389 abstinentia,
709 355 755 384 sed
769 367 835 395 pec-

94 404 214 425 catorum
229 398 303 436 fuga.
324 405 356 426 11.
372 403 416 426 40.
436 409 463 427 n.
482 399 521 426 Ita
538 398 625 436 utqui
641 399 763 427 ciborum
779 406 835 427 tan-

95 448 152 469 tum
178 441 337 470 abstinentia
358 442 491 480 jejunium
518 441 639 477 definiat,
667 443 687 470 is
718 443 835 471 maxime

93 485 183 524 ipsum
199 485 340 525 vituperet.
355 487 401 514 Ib.
419 486 488 514 Nam
511 496 604 514 verum
623 486 769 525 jejunium,
785 486 836 515 de-

93 529 194 558 clinare
208 540 221 557 a
237 530 326 566 malis,
337 536 361 558 et
374 529 450 558 bonis
462 530 586 568 operibus
598 530 713 559 studere.
724 538 770 560 tv.
784 536 828 560 88.

94 578 158 603 144.
173 584 201 602 A.
216 574 311 610 Nihil,
331 574 388 602 sine
408 574 484 602 bonis
501 574 639 612 operibus,
655 574 769 613 prodest.
787 582 832 604 lv.

94 621 140 645 88.
157 628 182 645 Β.
200 622 262 646 102.
282 628 306 646 c.
323 628 350 645 D.
371 622 432 646 103.
447 624 493 646 aut
507 619 563 646 sine
581 618 758 657 eleemosyna.
773 625 831 647 VH.

93 665 157 689 846.
174 671 201 690 Ε,
222 660 322 700 Jejunii
345 661 446 689 utilitas
467 661 556 695 nulla,
570 661 620 689 nisi
633 672 647 689 a
663 662 737 690 vitiis
752 662 834 690 absti-

93 713 196 734 neatur.
216 714 247 735 11.
262 711 307 735 47.
323 718 346 734 A.
365 718 388 735 Β.
406 707 480 735 Nihil
497 707 604 746 prodest
625 707 765 746 improbis.
785 715 830 737 1V.

94 754 139 779 37.
155 761 182 778 E.
204 762 230 779 A.
248 751 275 779 Si
287 751 391 789 jejunes
403 773 410 786 ‚
430 752 550 779 omnium
574 751 774 780 scelestissimus
794 762 831 789 es,

93 792 160 821 dum
179 793 254 821 fratri
275 793 388 822 invides.
406 801 474 822 vni.
493 798 557 822 248.
574 794 713 832 Jejunium
734 795 833 823 oratio-

92 837 134 865 nis
146 844 204 875 eget
222 837 354 866 subsidio.
374 845 419 866 lv.
433 843 496 866 350.
513 848 540 866 A.
556 838 638 866 Soror
651 838 832 866 contuberna-

93 881 178 920 lisque
189 882 284 921 jejunii
301 882 394 910 oratio.
411 889 442 911 11.
467 887 530 910 364.
547 893 574 910 E.
599 882 688 909 Facile
707 882 833 911 omnibus

92 925 232 964 spirituale
250 926 394 964 jejunium.
418 933 449 954 11.
468 931 532 953 518.
550 936 574 955 Β.
592 925 745 963 Hypocritae
759 926 833 964 jeju-

91 976 184 997 nantes
209 976 336 1006 quantum
366 976 486 1007 peccent.
504 976 561 997 Vll.
578 973 642 997 205.
663 980 688 996 c.
703 969 758 1004 Qui
780 969 831 997 sibi

91 1013 190 1042 famam
210 1024 244 1041 ex
261 1013 362 1052 jejunio
378 1024 470 1052 parere
484 1019 708 1050 satagunt‚quam
723 1013 832 1051 vitupe-

92 1057 180 1086 randi.
196 1065 254 1087 ΥΠ.
270 1062 334 1085 395.
350 1068 377 1086 n.
394 1068 418 1084 c.
433 1057 533 1096 Jejnnii
546 1056 643 1096 specics
652 1063 714 1085 csta
726 1056 832 1085 deliciis

91 1100 234 1130 abstinere.
249 1108 294 1130 lx.
307 1105 372 1129 237.
388 1112 412 1128 B.

132 1145 270 1183 Jejunium
296 1152 355 1173 ante
380 1155 481 1173 sacram
509 1144 633 1184 synaxim
661 1145 828 1173 servabatur.

93 1195 136 1217 VI.
155 1194 217 1218 163.
237 1200 263 1219 A.
280 1196 304 1218 et
316 1196 375 1217 ante
387 1189 578 1217 ordinationes.
593 1195 638 1217 lx.
654 1193 718 1217 207.
737 1199 760 1216 E.

131 1233 270 1271 Jejunium
289 1232 522 1270 quadragesimale
533 1232 613 1260 semel
629 1232 659 1260 fit
676 1233 700 1259 in
716 1243 794 1260 anno.
811 1240 829 1260 1.

90 1281 154 1305 745.
171 1288 196 1304 E.
212 1278 268 1305 Cur
286 1288 333 1315 per
345 1275 522 1314 quadraginta
537 1275 605 1305 dies.
617 1283 636 1304 1.
653 1280 718 1304 746.
732 1287 756 1304 c.
770 1277 830 1304 Non

89 1321 125 1349 ob
146 1331 251 1349 crucem
276 1321 437 1356 celebratur,
464 1319 509 1348 sed
536 1326 643 1358 propter
659 1327 775 1359 peccata.
806 1328 827 1349 1.

89 1369 154 1393 747.
172 1376 194 1393 B.
212 1364 354 1401 Quomodo
367 1364 578 1402 suscipiendum.
596 1371 630 1393 11.
644 1369 709 1392 371.
724 1376 747 1392 u.
758 1375 784 1395 c,
801 1375 828 1393 r).

88 1410 148 1438 Non
165 1416 204 1437 est
216 1408 374 1439 timendum,
387 1410 432 1436 ΙΙ).
448 1408 566 1443 Quidam
578 1409 753 1444 AnHocheni,
768 1415 828 1437 ante

84 1452 181 1492 jejunii
205 1452 365 1486 adventum,
388 1452 506 1491 crapulae
529 1459 553 1480 et
573 1452 696 1480 ebrietati
719 1463 827 1491 operam

85 1496 197 1525 dabant.
223 1504 257 1525 11.
274 1498 349 1525 ²371.
377 1508 405 1525 D.
433 1501 498 1526 372.
515 1496 568 1524 Α111
591 1507 618 1524 se
629 1496 733 1535 jejunio
748 1507 827 1535 para-

85 1541 162 1576 bant,
187 1540 281 1569 balnea
303 1540 444 1576 adeundo,
457 1547 485 1568 ut
498 1551 609 1579 corpora
624 1540 771 1569 abluerent.
791 1548 822 1569 11.

87 1589 150 1613 372.
171 1596 195 1613 n.
207 1584 393 1623 Quadraginta
407 1584 513 1613 dierum
535 1591 589 1612 erat
608 1584 742 1622 jejunium
757 1590 827 1612 tem-

85 1639 149 1668 pore
162 1628 359 1667 Chrysostomi.
378 1636 411 1658 lV
440 1634 504 1657 810.
520 1639 545 1656 n.
563 1628 687 1657 Sabbatis
700 1635 725 1656 et
736 1627 826 1656 domi-

85 1672 153 1700 nicis
173 1671 271 1701 dicbus
287 1684 337 1701 non
357 1673 540 1711 jejunabatur.
564 1679 608 1700 lv.
629 1678 691 1700 101.
712 1683 735 1700 n.
760 1672 825 1701 Veri

87 1723 257 1755 comparatur
272 1716 389 1745 solemne
403 1717 453 1744 hoc
466 1716 609 1755 jejunium.
627 1723 670 1745 lv.
684 1721 749 1744 747.
766 1727 822 1745 A.13.

85 1766 110 1788 et
126 1767 223 1788 aestate.
242 1767 275 1788 11,
294 1764 338 1788 40.
360 1759 463 1787 Laudes
485 1760 628 1788 illius.1V.
652 1764 718 1789 747.
740 1760 824 1795 Quasi

85 1804 181 1832 festum
189 1803 343 1831 habendum
353 1809 401 1831 est.
414 1810 458 1831 [v.
473 1807 498 1831 4.
512 1814 538 1831 A.
549 1814 574 1831 Β.
587 1802 825 1838 Quomodotrans-

83 1847 212 1886 igendum
232 1846 327 1885 jejunii
351 1853 470 1885 tempus.
486 1854 517 1875 11.
535 1851 598 1875 198.
615 1858 642 1875 1).
658 1857 685 1875 Ε.
700 1853 743 1875 tv.
758 1851 820 1876 144.

85 1902 110 1920 Ξ.
121 1902 151 1922 A,
164 1891 277 1920 Nullum
289 1890 322 1918 ad
337 1891 520 1929 poenitentiam
537 1890 611 1919 aliud
621 1890 820 1929 congruentius.

84 1942 118 1964 11.
137 1939 201 1963 367.
220 1945 247 1963 A.
262 1936 352 1973 Majus
367 1941 431 1963 tunc
451 1934 559 1963 virtutis
579 1934 699 1963 studium
723 1934 824 1963 baben-

83 1978 160 2007 dum.
182 1985 227 2007 lv.
252 1982 316 2006 268.
337 1989 365 2008 A.
386 1989 408 2006 B.
424 1989 450 2007 c.
469 1982 532 2007 269.
556 1979 655 2017 Magno
670 1978 750 2007 etiam
766 1985 824 2007 stu-

82 2022 129 2051 dio
151 2033 241 2061 preces
256 2029 281 2050 et
295 2022 485 2050 confessionem
501 2023 557 2051 Deo
572 2029 675 2061 oportet
688 2023 823 2059 emittere,

82 2073 108 2095 ct
129 2067 323 2105 eleemosynam
346 2076 466 2104 erogare.
490 2073 536 2094 lv.
552 2070 599 2094 76.
616 2077 641 2096 c.
658 2071 703 2094 77.
720 2077 748 2094 n.
766 2067 824 2095 Hoc

83 2110 154 2138 enim
169 2111 286 2138 maxime
308 2109 378 2138 valet
405 2109 439 2137 ad
463 2109 593 2138 abolenda
612 2110 701 2138 omnia
715 2117 824 2149 peccata

82 2160 180 2183 nostra.
204 2156 245 2182 lb.
267 2154 306 2182 De
328 2153 442 2181 dimidio
471 2154 568 2192 jejunii
605 2161 735 2182 transacto
771 2165 823 2183 non

81 2197 244 2233 l-etandum,
280 2197 325 2226 sed
351 2197 375 2226 si
397 2204 563 2236 peccatorum
592 2198 766 2237 profligatum
790 2199 823 2227 sit

81 2240 236 2269 dimidium.
251 2249 284 2270 11.
300 2246 363 2270 212.
384 2252 407 2269 B.
429 2241 457 2270 Si
472 2241 522 2269 hoc
542 2241 612 2270 desit
624 2265 631 2277 ‚
651 2252 701 2270 non
719 2249 823 2270 tantum

82 2285 155 2312 nulla
182 2284 260 2313 nobis
285 2285 333 2313 erit
361 2285 480 2321 utilitas,
496 2285 541 2313 sed
556 2286 706 2313 maximum
739 2285 823 2314 detri-

81 2335 211 2357 mentum.
225 2329 271 2357 lh.
287 2339 314 2356 c.
329 2328 470 2362 Quomodo
486 2329 634 2358 finiendum
649 2329 746 2368 jejunii
762 2336 824 2357 tem-

81 2382 140 2410 pus.
170 2379 201 2400 11.
230 2376 294 2400 517.
319 2383 341 2400 A.
366 2376 429 2401 518.
447 2372 529 2400 Utilis
543 2373 599 2411 ejus
623 2372 761 2401 memoria.
780 2379 823 2401 IV.

81 2422 146 2444 810.
165 2428 188 2444 B.

119 2459 258 2497 Jejunium
280 2458 360 2486 nudis
389 2458 504 2497 pedibus
533 2458 646 2497 agebant
673 2459 772 2488 Judoei.
802 2467 822 2487 1.

84 2508 148 2532 723.
165 2515 190 2531 A.
207 2503 333 2540 Iniquum
348 2502 492 2532 Judaicum
504 2503 654 2542 jejunium,
669 2510 694 2531 et
710 2503 825 2531 immun-

85 2547 160 2575 dum.
175 2554 194 2575 1.
210 2551 275 2576 733.
296 2558 319 2574 n.
345 2546 459 2584 impium
486 2553 510 2575 et
534 2546 688 2575 sceleratum
716 2554 734 2575 1.
757 2552 820 2576 753.

90 2591 165 2620 Nihil
182 2590 313 2629 proderat.
330 2597 372 2620 [V.
390 2595 434 2618 37.
452 2601 478 2619 t.

1567 201 1634 235 285

933 269 1070 308 Jejunium
1095 269 1281 298 baereticorum
1305 280 1382 309 poena
1400 272 1596 301 mulctandum.
1613 281 1632 302 1.

892 321 955 345 331.
970 328 995 345 B.

930 370 1081 408 Jejnninm
1097 370 1181 398 alind
1197 377 1238 399 est
1254 372 1380 407 corporis
1391 394 1397 406 ‚
1413 378 1439 399 et
1466 373 1552 400 aliud
1565 376 1633 401 ani—

891 422 955 440 ma’.
987 420 1031 441 VI.
1059 418 1124 441 781.
1152 419 1212 441 n.1‘'
1226 413 1278 441 col.
1297 414 1448 452 Jejunium
1475 415 1565 443 telum
1588 424 1630 444 est

891 463 991 484 contra
1016 457 1178 484 dtemonum
1195 461 1298 485 aciem.
1318 464 1387 486 vlll.
1413 462 1478 486 872.
1507 470 1529 488 Β.
1550 461 1635 498 Jeju-

891 503 1024 528 ιιαηείιιιη
1047 502 1111 528 vita
1127 508 1166 528 est
1185 501 1315 529 coelestis.
1336 509 1403 530 Vttl.
1422 507 1486 531 900.
1504 513 1530 532 c.
1547 505 1635 543 Jeju-

891 546 970 572 nium
982 555 1108 582 namque
1121 545 1249 572 homines
1262 555 1281 572 (ι
1292 551 1369 573 terra
1381 548 1409 573 iti
1422 547 1524 575 caelnm
1539 554 1634 577 trans-

880 588 956 626 fert.
975 588 1015 616 lb.
1030 588 1161 616 Paulum
1183 589 1223 616 ad
1244 590 1360 616 tertium
1376 590 1476 618 ccelum
1500 592 1631 621 deduxit.

890 637 1045 661 V111.S71.
1074 642 1101 660 D.
1122 633 1273 670 Jejuniiem
1296 634 1441 670 quomodo
1467 637 1633 674 sanctifice-

889 684 962 702 mus.
980 681 1026 703 VI.
1039 679 1101 703 519.
1116 675 1189 702 Cum
1202 676 1283 703 bonis
1299 678 1432 713 operibus
1445 680 1633 716 conjunctum

887 727 946 745 esse
969 718 1062 746 debet,
1086 725 1129 746 VI.
1150 722 1214 745 560.
1232 728 1259 745 Ε.
1277 719 1479 757 Jejunanslmn
1504 725 1632 752 maxime

889 763 1056 800 apeccrzlis,
1072 768 1114 789 Vl.
1130 765 1192 788 520.
1208 772 1235 790 1).
1256 772 1279 789 F..
1295 762 1444 800 ιῘςΊίιηίιιιη
1458 772 1499 793 est
1515 768 1632 795 initium

884 807 1070 843 poenitentioe.
1088 811 1158 833 Vt'i.
1177 810 1241 833 870.
1263 808 1299 833 In
1313 808 1492 844 jejuniorum
1516 811 1630 845 diebus,

886 860 950 877 ciem
971 849 1176 888 vigilantiores
1198 853 1253 877 sint
1275 852 1392 886 animm,
1419 853 1454 880 de
1476 853 1632 883 altioribus

886 900 998 932 oportet
1014 895 1107 921 ‘verba
1119 894 1230 931 fiicere.
1245 901 1288 921 Vl.
1308 899 1371 922 513.
1390 906 1417 923 A.

924 943 1034 970 JEPHTA
1053 941 1136 969 filiani
1150 952 1224 970 suam
1244 953 1305 971 vere
1319 943 1478 973 immolavit.
1491 953 1523 973 11.
1538 952 1630 974 170.1;.

886 990 971 1017 Multa
984 990 1032 1017 Dei
1046 990 1213 1029 providentia
1225 997 1250 1018 ct
1266 991 1405 1020 clementia
1419 1015 1426 1028 ,
1440 993 1538 1022 carilem
1555 994 1630 1023 illam

869 1037 1073 1076 permittendo,
1090 1038 1236 1075 quomodo.
1256 1046 1288 1066 11.
1304 1044 1365 1068 170.
1379 1051 1405 1068 A.
1424 1051 1448 1069 B.
1467 1047 1529 1070 171.

924 1092 1057 1120 JEREMlts
1073 1091 1209 1119 laudatur.
1231 1100 1277 1120 111.
1293 1098 1357 1121 688.
1375 1104 1401 1122 c.
1423 1105 1451 1122 D.
1476 1095 1542 1133 Ejus
1557 1107 1629 1124 a-ru-

885 1145 962 1164 mnae.
982 1142 1000 1162 1.
1016 1139 1081 1162 018.
1100 1147 1124 1162 A.
1150 1140 1214 1163 919.
1240 1146 1337 1164 moeror
1353 1144 1376 1164 ct
1399 1137 1487 1165 luctus
1516 1146 1535 1166 1.
1563 1144 1627 1168 2138.

885 1178 953 1205 Cum
974 1177 1008 1205 ab
1029 1177 1200 1206 audientibus
1222 1179 1447 1215 subsannaretur,
1467 1182 1600 1219 cogitabat
1615 1195 1629 1211 a

885 1221 1025 1260 prophetia
1051 1221 1188 1257 desistere,
1208 1223 1338 1251 nimirum
1369 1224 1488 1253 humano
1512 1226 1628 1264 quodam

884 1265 973 1293 victus
988 1265 1092 1293 affectu.
1117 1273 1135 1293 1.
1160 1271 1224 1294 8157.
1242 1277 1269 1294 1).
1290 1272 1352 1295 808.
1375 1269 1496 1297 Jeremiae
1511 1271 1629 1308 precatio

885 1320 932 1347 pro
950 1309 1054 1338 Judaeis
1075 1309 1307 1347 delinquentibus.
1329 1319 1360 1339 11.
1381 1317 1444 1340 583.
1465 1323 1493 1342 A.
1517 1325 1540 1342 B.
1564 1314 1628 1342 Illos

884 1359 971 1381 tamen
987 1363 1095 1381 servare
1110 1363 1161 1381 non
1181 1355 1279 1392 potuit.
1299 1362 1355 1383 Vll.
1372 1360 1416 1383 93.
1433 1366 1456 1383 11.
1475 1357 1537 1384 Post
1552 1358 1627 1386 urbis

882 1396 1019 1424 excidium
1041 1397 1133 1434 longas
1154 1397 1237 1425 edidit
1258 1397 1470 1428 lamentationes.
1491 1407 1534 1428 VI.
1551 1405 1577 1429 2.
1597 1412 1622 1429 n.

881 1451 940 1478 quat
968 1441 1066 1479 partim
1080 1440 1113 1468 de
1132 1441 1256 1475 civitate,
1281 1442 1377 1480 partim
1393 1443 1427 1470 de
1450 1444 1537 1482 scipso
1564 1452 1626 1473 sunt

881 1484 1044 1523 compositae,
1064 1491 1088 1512 et
1108 1495 1154 1523 per
1170 1495 1276 1512 omnem
1291 1485 1373 1523 ipsius
1388 1487 1557 1525 proplietiaun
1569 1488 1627 1516 dis—

881 1539 970 1566 persae.
987 1535 1008 1556 1.
1027 1532 1092 1556 268.
1120 1539 1146 1556 E.
1165 1529 1249 1557 Nemo
1263 1529 1319 1557 sine
1333 1530 1460 1569 lacrymis
1475 1538 1560 1570 potest
1582 1543 1626 1561 cas

880 1572 976 1610 legere.
992 1574 1038 1600 ΙΙ).

918 1626 1062 1654 Jeremias
1076 1625 1242 1662 suffocatus
1258 1632 1310 1653 est.
1326 1632 1396 1654 wll.
1413 1631 1479 1655 034.
1495 1639 1519 1656 n.

918 1674 1083 1702 JEnsttAEM
1097 1673 1162 1700 olim
1184 1673 1309 1710 magistra
1328 1674 1459 1702 universae
1479 1682 1566 1705 terrm.
1592 1684 1624 1706 V.

879 1721 943 1745 237.
962 1716 1097 1754 Splendor
1117 1723 1142 1744 et
1158 1716 1250 1744 laetitia
1273 1717 1354 1744 totius
1368 1717 1450 1746 orbis.
1466 1725 1496 1746 V.
1516 1724 1580 1750 230,
1598 1731 1624 1749 c.

878 1760 909 1788 In
918 1771 947 1788 ca
954 1760 1127 1788 discebantur
1135 1759 1267 1797 qucebona
1276 1767 1300 1788 et
1310 1760 1416 1789 honesta
1425 1767 1620 1792 erant,V.237,

877 1804 954 1833 Illinc
965 1811 1002 1832 est
1011 1804 1179 1842 sonspietatis
1189 1811 1337 1840 emanatus,
1349 1804 1506 1842 radicesque
1519 1813 1543 1834 et
1553 1807 1625 1845 prin-

878 1848 947 1887 cipia
962 1848 1010 1876 Dei
1027 1847 1196 1886 cognitionis.
1214 1854 1246 1875 V.
1262 1852 1325 1877 236.
1340 1859 1362 1875 n.
1375 1858 1402 1876 c.
1415 1849 1483 1877 Hinc
1496 1851 1624 1888 processit

878 1891 1022 1920 exsultatio
1035 1901 1081 1929 per
1097 1891 1251 1919 universum
1264 1891 1355 1919 orbem
1365 1914 1372 1926 ‚
1392 1892 1454 1920 hinc
1463 1901 1621 1922 emanarunt

877 1935 961 1963 sontes
978 1934 1166 1973 philosophiae.
1183 1941 1215 1963 v.
1235 1939 1299 1963 237.
1315 1945 1343 1963 1).
1359 1935 1501 1971 Quomodo
1517 1935 1623 1966 dicatur

878 1979 972 2007 civitas
986 1978 1066 2016 Regis
1079 1979 1181 2016 magni.
1198 1985 1231 2006 V.
1250 1983 1314 2006 237.
1328 1990 1353 2009 A.
1375 1989 1399 2008 B.
1417 1979 1562 2018 Templum
1576 1982 1622 2010 Je-

877 2022 1100 2061 rosolymitanum
1116 2022 1226 2060 longum
1241 2029 1295 2050 erat
1309 2022 1488 2061 quadraginta
1500 2024 1620 2059 cubitos,

877 2066 963 2094 latum
977 2076 1040 2094 vero
1059 2065 1168 2103 viginti.
1182 2073 1214 2094 V.
1230 2070 1292 2094 518.
1308 2077 1332 2094 13.
1350 2068 1422 2094 Auro
1437 2067 1526 2095 onmia
1546 2068 1573 2096 in
1589 2079 1620 2097 eo

877 2109 1010 2138 lucebant.
1020 2111 1065 2137 ΙΙ).
1080 2111 1141 2138 Duo
1157 2109 1194 2137 ibi
1206 2116 1280 2138 erant
1293 2110 1399 2146 altaria,
1410 2121 1493 2139 unum
1506 2121 1618 2146 ameum,

877 2164 988 2182 aureum
1002 2153 1127 2181 alterum.
1140 2160 1170 2181 V.
1181 2158 1244 2181 518.
1260 2153 1434 2192 „lei-osolymis
1446 2155 1619 2185 solummodo

877 2197 1038 2233 sacrificare,
1059 2207 1147 2231 orare,
1166 2203 1214 2225 etc.
1231 2197 1346 2232 licebat,
1362 2208 1454 2234 quare.
1470 2206 1490 2227 1.
1506 2204 1571 2228 709.
1591 2211 1616 2230 Β.

879 2248 910 2269 V.
933 2246 996 2269 407.
1009 2252 1033 2269 E.
1049 2253 1075 2269 A.
1097 2242 1128 2269 111
1143 2241 1193 2268 hac
1212 2241 1291 2268 etiam
1306 2241 1361 2269 sola
1386 2241 1494 2270 civitate
1521 2243 1618 2282 pascha

878 2285 1011 2313 celebrare
1023 2290 1143 2322 poterant
1159 2283 1258 2313 Judaei.
1283 2291 1303 2313 Ι.
1322 2289 1386 2314 744.
1403 2297 1427 2314 Δ.
1446 2297 1470 2313 Β.
1491 2287 1552 2315 Illic
1568 2287 1619 2315 du-

879 2329 941 2367 plex
953 2335 1008 2356 erat
1024 2328 1198 2366 principatus,
1211 2328 1377 2357 sacerdotum
1390 2336 1414 2358 et
1427 2340 1530 2368 regum,
1543 2332 1618 2368 quasi

878 2371 987 2400 vinculo
1009 2372 1174 2409 conjunctus,
1193 2378 1223 2399 V.
1249 2376 1312 2400 408.
1330 2383 1355 2400 C.
1373 2372 1429 2400 illic
1450 2373 1566 2411 judices,
1584 2374 1619 2402 ad

879 2425 946 2452 quos
964 2425 1021 2452 quae
1036 2414 1182 2442 multorum
1203 2422 1311 2453 captum
1326 2416 1502 2454 superabant,
1519 2417 1618 2446 refere-

880 2460 986 2487 bantur.
997 2460 1041 2486 ΙΙ).
1058 2470 1085 2487 n.
1104 2459 1166 2486 Post
1188 2459 1370 2497 captivitatem
1385 2470 1442 2497 quae
1460 2460 1617 2489 reaedificata

880 2509 917 2531 est
932 2502 1090 2537 Jerusalem,
1110 2502 1196 2541 priore
1210 2509 1265 2530 crat
1280 2502 1383 2537 melior,
1400 2503 1506 2539 clarior,
1523 2504 1618 2542 major.

881 2546 981 2581 ditior,
1013 2547 1158 2584 potentior,
1191 2553 1215 2574 et
1244 2546 1456 2583 magnificentior
1485 2547 1619 2583 aediliciis,

883 2590 996 2629 potentia
1008 2613 1014 2624 ,
1052 2589 1230 2617 facultatibus.
1263 2597 1291 2617 v.
1330 2594 1391 2618 241.
1425 2602 1447 2619 c.
1474 2591 1621 2620 Jerusalem
