1910 2907
642 230 728 252 NUNC
757 229 886 252 mummi
914 228 1109 252 ADORNATA.

29 299 45 320 l.
58 299 81 322 8.
95 291 290 320 calamitatibus
307 291 495 320 delectabatur.
515 292 663 331 Eutropius
686 292 767 320 lector
797 291 830 320 ad

44 331 81 359 ²4·
95 337 250 366 indicandos
263 348 316 371 eos,
334 338 380 376 qui
402 338 489 377 ignem
499 338 615 367 eccle-sire
630 338 790 377 injecerant,
804 338 831 366 in

90 383 225 423 judicium
236 383 380 419 adductus,
389 384 491 412 etiamsi
504 384 568 413 loris
580 391 604 412 et
612 384 728 412 fustibus
738 395 832 419 caesus,

93 429 198 458 etiamsi
215 430 239 458 ei
252 430 335 459 latera
356 437 380 458 et
394 439 466 468 genre
480 429 616 468 unguibus
628 430 809 459 lacerarentur
822 453 829 464 ,

93 475 267 514 ardentesque
282 476 350 504 faces
364 476 468 515 corpori
484 476 706 512 admoverentur,
720 477 768 505 etsi
782 476 831 505 ad·

93 522 146 550 huc
170 522 323 550 adolescens
342 529 367 550 et
391 533 500 561 corpore
519 529 607 558 tener,
621 522 690 550 nihil
705 533 832 561 umquam

93 567 227 596 confessus
238 574 276 596 est
289 581 296 596 z
313 578 343 596 ac
357 575 416 607 post
434 575 564 597 tormenta
579 569 606 596 in
627 579 756 597 carcerem
770 579 832 597 eon-

90 614 187 651 jectus,
199 613 257 642 illic
269 613 388 642 animam
401 613 472 642 haud
485 615 568 642 multe
580 622 670 653 postea
683 614 830 642 exhalavit.

94 658 161 697 Ejus
173 659 309 688 occasione
324 659 488 689 sozomenus
505 660 639 688 somnium
652 661 730 689 refert
744 661 833 689 Sisin-

93 705 133 733 nii
155 704 307 744 cujusdam,
322 707 535 734 Novatianorum
549 707 668 746 episcopi
682 730 690 741 ,
709 707 752 735 cui
771 707 833 735 dor-

92 751 186 779 mienti
200 751 304 780 dictum
319 751 372 780 fuit
385 752 547 791 Eutropium
556 752 643 781 solum
658 753 773 791 probum
784 753 834 780 vi-

92 807 153 825 rum
163 797 190 825 in
206 797 317 826 civitate
331 797 423 827 fuisse.
440 798 587 837 Eutropius
599 805 690 826 autem
703 798 748 826 bie
765 798 835 826 inter

93 849 223 882 martyres
245 844 272 871 in
294 843 488 882 Martyrologio
516 845 639 872 Romano
665 844 830 879 celebratur,

95 888 257 918 duodecimo
271 889 316 918 die
329 889 450 919 Januarii
467 890 575 918 mensis.

0 307 15 319 ι.

0 330 22 352 3.

0 943 83 971 tigrius
133 934 211 962 Tunc
221 938 300 962 etiam
311 934 424 973 Tigrius
433 934 583 973 presbyter,
594 935 761 963 vestimentis
772 946 834 964 esua

0 979 58 1026 3:³¹¹
94 987 136 1008 tus
153 986 178 1008 ct
196 986 272 1019 tergo
288 980 381 1018 flagris
396 990 494 1017 caesus,
515 981 666 1019 vinctisque
680 980 795 1019 pedibus
809 988 834 1010 ct

93 1027 218 1055 manibus
227 1027 254 1055 in
269 1027 380 1065 equuleo
394 1034 530 1061 extensus,
545 1027 672 1056 membris
686 1027 834 1057 dissolutus

92 1080 138 1101 est.
155 1073 220 1101 Erat
231 1079 320 1101 autem
335 1073 378 1101 hic
388 1073 494 1101 natione
505 1072 638 1102 barbarus
648 1081 673 1102 et
684 1073 833 1111 eunuchus,

92 1119 139 1148 sed
155 1130 208 1148 non
222 1119 257 1147 ab
276 1119 379 1157 origine
392 1131 398 1146 ι
411 1120 458 1157 qui
473 1130 534 1148 cum
548 1119 575 1147 in
597 1119 677 1148 domo
691 1120 834 1159 cujusdam

92 1165 208 1204 potentis
221 1176 316 1194 servus
331 1166 441 1201 fuisset,
455 1164 563 1193 domino
578 1176 626 1193 suo
646 1166 785 1204 probatus,
801 1166 835 1194 li-

92 1211 222 1239 bertatem
243 1218 385 1239 meruerat.
416 1212 510 1240 Postea
529 1222 594 1240 vero
615 1212 651 1240 ad
673 1212 833 1251 presbyterii

94 1257 207 1294 gradum
225 1264 372 1297 promotus,
387 1257 506 1286 moribus
519 1264 622 1295 gratus,
641 1258 722 1286 comis
733 1280 740 1293 ,
757 1265 834 1296 atque

92 1314 154 1341 erga
171 1313 301 1342 pauperes
319 1310 346 1331 et
371 1303 523 1342 peregrinos
547 1303 756 1341 benignissimus
770 1304 831 1332 fuit.

92 1350 142 1378 llic
160 1351 240 1379 etiam
262 1349 416 1379 enuntiatur
444 1350 471 1378 in
496 1350 692 1389 Mai-tyrologio
713 1351 834 1379 Romano

91 1396 255 1425 duodecimo
269 1396 313 1424 die
333 1396 466 1426 Januarii.
488 1397 517 1424 In
538 1403 641 1435 partem
655 1406 761 1434 quoque
771 1406 835 1424 aeru-

93 1453 216 1471 mnarum
231 1449 359 1471 venerunt
376 1442 502 1471 monachi
517 1442 717 1481 Mesopotamiae
731 1449 757 1470 et
771 1442 833 1470 dia-

92 1489 200 1517 conissae
215 1489 247 1517 C.
267 1488 312 1524 P.‚
327 1498 385 1526 quae
407 1487 570 1526 cogebantur
592 1487 637 1516 vel
653 1498 714 1516 cum
726 1487 834 1516 Arsacio

91 1533 298 1568 communicare,
314 1533 358 1562 vel
370 1534 431 1562 auri
445 1535 505 1562 5200
518 1534 600 1562 libras
614 1533 690 1563 dare.

0 1593 81 1620 5¹¹³?OE
130 1580 273 1619 Olympias
285 1579 435 1609 diaconissa
451 1580 477 1608 in
496 1580 548 1608 lioc
570 1590 661 1608 rerum
677 1580 833 1608 discrimine

0 1623 79 1644 ⁰⁰5²⁵³-
91 1624 279 1654 fortitudinem
291 1626 376 1654 animi
388 1625 521 1654 exhibuit.
537 1626 605 1654 Nam
621 1636 683 1654 cum
697 1627 723 1654 in
734 1626 832 1665 judici-

0 1679 40 1701 =.1,
56 1680 80 1703 3.
94 1682 138 1700 um
150 1671 269 1700 adducta
290 1678 369 1706 esset,
389 1671 566 1710 interrogante
579 1672 708 1701 Praeseeto
722 1682 770 1700 cur
787 1682 832 1700 ec-

91 1717 199 1746 clesiam
212 1716 389 1755 incendisset,
402 1717 540 1757 respondit
556 1730 566 1746 .-
581 1731 595 1745 a
608 1718 669 1747 Non
687 1725 725 1746 est
734 1719 784 1746 hoc
795 1718 834 1747 vi-

92 1769 124 1791 1oe
138 1774 202 1791 meae
214 1763 375 1792 institutum.
389 1763 446 1802 Ego
457 1764 527 1792 enim
541 1764 679 1793 facultates
691 1774 763 1792 meas
772 1775 832 1802 quas

91 1810 182 1838 multa?
193 1817 268 1838 erant
279 1817 304 1838 et
315 1810 451 1845 maximae,
465 1810 574 1849 templis
588 1810 639 1838 Dei
651 1810 833 1838 instaurandis

91 1854 221 1894 impendi.
235 1868 250 1882 n
266 1856 335 1884 Cum
345 1862 434 1884 autem
447 1856 546 1884 diceret
557 1856 612 1892 ille,
629 1856 711 1895 probe
726 1856 777 1884 sibi
788 1866 833 1884 no-

93 1906 146 1928 tam
163 1911 217 1929 esse
231 1901 306 1929 illius
319 1901 431 1930 vivendi
442 1901 580 1936 rationem,
592 1901 713 1940 apposite
725 1912 833 1940 respon—

92 1946 131 1974 dit
145 1946 192 1975 illa
209 1958 214 1973 :
229 1959 242 1973 a
257 1947 299 1975 Tu
311 1957 374 1985 ergo
395 1947 422 1974 in
439 1947 599 1975 accusatoris
624 1947 714 1974 locum
729 1946 812 1974 transi
825 1966 833 1978 ,

91 1999 115 2021 et
131 1992 200 2020 alius
217 1992 250 2021 de
259 1992 457 2032 nobisjudicet.
472 2005 485 2019 n
498 1993 641 2021 Praefectus
651 1993 721 2021 nihil
730 1993 831 2021 habens

91 2038 165 2076 quod
178 2038 286 2077 culpare
296 2045 383 2078 posset
394 2061 401 2075 ,
419 2038 452 2066 ad
465 2038 541 2066 aliud
556 2048 583 2066 se
597 2038 739 2075 convertit,
753 2045 832 2076 atque

119 2083 247 2123 lympiadj
255 2085 406 2122 caeterisque
418 2084 576 2112 mulieribus
586 2084 727 2112 amentiam
737 2094 833 2123 expro-

91 2129 190 2166 bravit,
210 2131 281 2168 quod
296 2130 413 2170 episcopi
436 2130 493 2165 sui,
509 2130 611 2158 Arsacii
633 2140 735 2169 nempe,
759 2140 832 2158 com-

91 2176 244 2205 munionem
260 2183 454 2206 aversarentur.
473 2177 616 2205 Praefectus
628 2186 692 2204 Vero
703 2183 765 2204 tunc
775 2176 834 2214 qui-

91 2223 153 2250 dem
165 2222 239 2250 illam
252 2222 372 2257 dimisit;
385 2223 468 2251 altero
484 2229 572 2250 autem
583 2221 627 2250 die
644 2229 778 2250 evocatam
794 2222 830 2250 il-

91 2268 144 2296 lam
159 2278 255 2306 magno
269 2268 327 2296 auri
340 2267 456 2307 pondere
476 2267 625 2296 mulctavit.
638 2268 769 2303 Quaedam
783 2279 830 2296 au-

89 2320 142 2342 tem
154 2313 211 2341 aliae
226 2320 296 2341 metu
306 2313 442 2352 perculsae,
453 2313 556 2342 Arsacii
565 2313 778 2342 communionem
789 2313 830 2342 vel

92 2359 184 2387 invitae
198 2359 328 2398 amplexae
344 2366 414 2387 sunt.

131 2404 257 2433 Pentadia
272 2415 378 2442 quoque
388 2404 536 2433 diaconissa
550 2405 646 2440 vidua,
661 2404 725 2432 olim
737 2404 817 2433 Tima

92 2450 125 2479 sii
140 2449 264 2478 Consulis
281 2460 366 2484 uxor,
386 2457 490 2478 strenue
503 2456 527 2477 et
542 2450 753 2479 constantissime
768 2460 830 2478 eau-

92 2507 149 2524 sam
170 2496 280 2525 Joannis
300 2495 426 2523 defendit.
441 2495 557 2533 Ideoque
570 2496 617 2523 illa
628 2518 635 2531 ,
651 2506 709 2533 qnae
725 2495 829 2524 nonnisi

14 2551 79 2575 ysnst.
93 2542 228 2571 ecclesiam
241 2541 454 2579 cubiculumque
467 2552 547 2569 suum
566 2547 676 2569 noverat
686 2567 694 2577 ,
705 2541 731 2569 in
742 2542 830 2570 iorum

9 2579 64 2606 '²¹4'
92 2595 224 2627 pertracta
238 2587 298 2623 fuit,
312 2598 326 2615 a
342 2588 400 2615 soro
413 2586 447 2615 ad
463 2587 619 2623 tribunalia,
634 2587 681 2615 ubi
696 2587 830 2616 firmitatis

93 2633 229 2673 animique
240 2633 406 2664 fortitudinis
418 2643 485 2662 nova
495 2633 568 2672 signa
579 2633 734 2673 egregieque
742 2633 830 2667 dodim

0 1063 44 1085 z.l.
57 1063 80 1086 8.

0 1106 13 1121 t·

10 2410 82 2430 uta-lia

20 2441 68 2461 issa.

1565 216 1629 251 185

886 297 974 330 postea
988 300 1051 319 vcro
1067 301 1081 319 a
1095 289 1225 318 tribunali
1235 289 1268 317 ad
1281 299 1415 318 carcerem
1429 288 1555 325 deducta,
1571 290 1629 328 pari

885 337 1081 376 tranquillitate
1090 336 1270 374 firmitateque
1280 335 1368 364 omnia
1378 335 1503 374 pertulit3
1518 335 1631 373 ideoque

883 383 944 422 jure
965 394 978 410 a
999 382 1190 422 Chrysostomo
1202 382 1229 410 in
1247 392 1294 410 sua
1305 382 1339 410 ad
1350 382 1427 410 illam
1447 381 1560 421 epistola
1582 381 1632 409 ad-

887 429 996 457 modum
1011 429 1170 457 celebratur.
1186 428 1282 458 Voluit
1302 428 1349 457 illa
1363 428 1460 468 hyeme
1481 434 1606 466 sequente
1621 450 1629 463 ‚
1644 434 1714 464 lipia.
1733 434 1783 464 104.

887 475 1118 514 Constantinopoli
1129 474 1230 510 relicta,
1242 474 1294 502 alio
1304 484 1447 513 peragrare
1462 485 1468 500 :
1483 483 1575 503 verum
1588 475 1631 502 Jo-

886 530 967 549 annes
982 521 1058 554 illam
1074 521 1199 549 hortatus
1211 527 1249 549 est
1262 528 1291 550 et
1312 520 1339 549 in
1354 520 1420 549 urbe
1432 527 1567 555 maneret,
1585 519 1631 547 ubi

887 567 1043 595 concivibus
1065 567 1144 595 variis
1162 565 1250 594 modis
1270 566 1393 595 subsidio
1416 576 1475 595 esse
1488 572 1587 604 posset.
1601 565 1630 593 In

888 612 948 640 illos
962 612 1042 641 etiam
1051 612 1195 640 saevierunt
1207 612 1253 650 qui
1267 613 1420 641 vexationes
1431 612 1538 641 vitandi
1552 622 1631 640 causa
1645 623 1716 651 Epist.
1730 628 1752 643 2,

889 657 961 696 apud
972 657 1116 685 monachos
1124 668 1152 685 se
1161 657 1392 695 receperantzquin
1401 657 1481 686 etiam
1493 657 1566 696 ipsos
1574 668 1631 685 mo—

887 703 986 731 nachos
994 710 1019 731 et
1031 703 1149 741 virgines
1164 703 1191 730 in
1206 703 1303 730 famem
1321 703 1455 742 conjecere
1473 709 1497 731 et
1510 704 1630 733 vestibus

888 749 1032 778 nudavere.
1051 748 1199 776 Monachos
1213 755 1301 776 autem
1314 749 1440 780 Gotthos,
1453 749 1499 786 qui
1518 750 1544 778 in
1563 757 1631 778 terra
1645 762 1715 790 Epist.
1729 768 1783 789 207-

893 794 1011 822 Promoti
1026 794 1170 831 degebant,
1185 794 1336 822 consolatus
1354 801 1392 823 est
1405 795 1613 834 Chrysostomus
1624 818 1631 831 ‚

889 839 996 877 qnando
1011 839 1053 868 sui
1078 850 1158 868 causa
1179 840 1314 869 molestias
1338 840 1439 869 multas
1454 848 1479 869 et
1496 851 1629 870 :erumnas

888 886 1006 924 perpessi
1020 893 1090 914 sunt.

928 932 1014 959 Tanto
1032 931 1172 960 fervebant
1187 933 1217 967 ii,
1234 933 1281 971 qui
1295 939 1357 961 tune
1373 933 1463 961 aulam
1481 933 1633 974 Imperato-

889 977 954 1005 riam
971 977 1192 1016 moderabantur,
1206 979 1233 1007 in
1245 980 1376 1008 Joannem
1391 986 1415 1007 et
1431 981 1489 1018 ejus
1500 989 1634 1009 consortes

890 1023 963 1058 odio,
972 1030 1062 1052 utnon
1073 1024 1150 1063 pauci
1162 1032 1226 1053 tunc
1236 1025 1364 1064 episcopi,
1373 1025 1422 1063 qui
1434 1025 1518 1064 probe
1529 1037 1584 1054 rem
1596 1037 1633 1055 ec-

889 1069 1063 1097 clesiasticam
1078 1070 1214 1108 gerebant,
1226 1071 1298 1109 quod
1309 1072 1406 1101 Joanni
1415 1070 1516 1100 addicti
1529 1080 1631 1109 essent,

888 1116 974 1154 pulsi;
989 1116 1037 1144 alii
1050 1126 1123 1153 vero,
1137 1127 1188 1145 non
1201 1117 1306 1155 indigni
1320 1117 1409 1154 modo,
1420 1117 1466 1146 sed
1481 1118 1561 1146 etiam
1574 1119 1634 1158 ple-
1683 1131 1787 1161 afforis.

889 1172 1004 1200 rumque
1019 1162 1132 1197 scelesti,
1149 1163 1176 1191 in
1191 1163 1300 1192 illorum
1314 1164 1404 1192 locum
1422 1163 1631 1193 intruderentur.
1644 1163 1736 1191 <tui-³³³¹

889 1208 1062 1247 Serapionem
1089 1208 1186 1247 igitur,
1206 1219 1286 1247 quem
1305 1210 1421 1238 Joannes
1442 1209 1576 1238 Heracleae
1604 1211 1631 1239 in
1645 1195 1711 1257 ῙἚΞ
1734 1236 1737 1239 .

889 1254 1009 1282 Thracia
1034 1254 1192 1294 episcopum
1221 1255 1482 1294 constituerat7post
1508 1255 1632 1285 innume·
1648 1244 1786 1294 195s³mp⁸

888 1311 930 1328 ras
947 1300 1048 1338 absque
1071 1300 1126 1328 ulla
1150 1301 1309 1340 probatione
1339 1301 1506 1337 calumnias,
1526 1313 1631 1330 summa
1646 1310 1719 1337 Epist.
1752 1311 1785 1337 ¹4-

888 1346 1044 1375 crudelitate
1054 1357 1150 1375 eaesum
1163 1357 1246 1384 usque
1257 1347 1292 1375 ad
1302 1347 1485 1376 excussionem
1497 1348 1632 1385 dentium,
1661 1352 1749 1388 (Patina.
1763 1360 1784 1380 t·-

888 1393 915 1420 in
940 1393 1054 1431 patriam
1075 1404 1151 1422 suam
1170 1394 1341 1431 relegarunt:
1367 1393 1412 1422 ille
1432 1404 1495 1423 vero
1515 1394 1549 1422 ad
1569 1405 1631 1423 mo·
1645 1384 1684 1410 73'

889 1438 989 1467 nachos
1004 1440 1108 1467 Marsos
1123 1445 1148 1467 et
1169 1439 1285 1467 Gotthos
1300 1439 1456 1477 aufugerat,
1474 1439 1566 1478 ibique
1585 1440 1632 1468 diu

889 1484 1030 1513 delituerat
1041 1492 1181 1523 antequam
1196 1492 1344 1524 caperetur.
1356 1485 1387 1513 In
1401 1486 1458 1524 ejus
1472 1486 1632 1514 verolocum

887 1531 1048 1560 substitutus
1068 1531 1120 1559 suit
1135 1531 1272 1569 Eugenius
1289 1530 1418 1568 quidam,
1438 1531 1465 1559 in
1483 1531 1632 1560 mercedem

885 1576 1091 1615 conspirationis
1104 1599 1111 1612 ,
1133 1587 1214 1614 quam
1229 1577 1357 1605 adversus
1379 1577 1510 1606 Joannem
1529 1578 1633 1616 episco-

885 1633 951 1661 pum
968 1632 1046 1650 suum
1057 1629 1217 1662 susceperat.
1232 1623 1287 1651 Sex
1299 1622 1340 1650 illi
1351 1622 1480 1662 episcopi,
1496 1623 1631 1660 quisimo-
1660 1643 1743 1664 pallad.
1762 1651 1784 1669 t’·

886 1667 936 1696 niae
953 1678 1031 1696 causa
1045 1679 1059 1696 a
1073 1669 1175 1697 Joanne
1194 1668 1308 1708 depositi
1321 1669 1435 1703 fuerant,
1451 1676 1481 1697 ut
1495 1680 1576 1709 supra
1584 1670 1630 1698 di—
1647 1674 1697 1704 137·

885 1714 993 1750 ximus,
1009 1714 1112 1753 rejectis
1127 1714 1159 1743 iis
1172 1715 1264 1753 probis
1279 1714 1419 1753 episcopis,
1434 1726 1500 1753 quos
1516 1717 1631 1746 Joannes

886 1759 912 1787 in
931 1770 1023 1788 eorum
1038 1760 1127 1788 locum
1142 1760 1328 1797 ordinaverat,
1341 1760 1368 1789 in
1386 1760 1460 1790 sedes
1484 1773 1544 1790 suas
1566 1769 1631 1790 tunc

884 1806 999 1834 restituti
1007 1806 1130 1843 sunt‚sed
1141 1813 1282 1846 postquam
1294 1807 1495 1836 restituentibus
1508 1818 1535 1836 se
1550 1819 1629 1847 pecu-

885 1851 938 1880 niae
957 1862 1089 1880 summam
1104 1859 1310 1880 numeraverant
1323 1864 1329 1880 :
1347 1863 1402 1890 quo
1416 1860 1485 1882 certe
1499 1853 1578 1882 modo
1594 1853 1629 1882 si-

885 1898 1003 1926 moniam
1018 1898 1194 1928 renovabant.
1208 1897 1361 1926 Heraclides
1380 1906 1470 1928 autem
1487 1899 1627 1938 episcopus
1663 1917 1745 1939 Palm.
1762 1927 1782 1945 Γ.

886 1943 984 1982 Ephesi
1006 1954 1020 1972 a
1042 1945 1144 1973 Joanne
1166 1943 1347 1977 constitutus,
1374 1943 1408 1971 ab
1429 1943 1546 1972 inimicis
1571 1946 1629 1983 ejus
1647 1949 1697 1978 ¹95.
1717 1950 1767 1977 ιφ.

885 1989 1023 2028 depositus
1037 2013 1044 2025 ,
1064 2000 1112 2028 per
1130 1989 1337 2026 quadriennium
1354 1989 1447 2017 saltem
1462 1990 1626 2019 Nicomediae

885 2035 912 2064 in
929 2046 1032 2064 carcere
1050 2035 1167 2063 inclusus
1184 2035 1289 2063 mansit.
1302 2035 1333 2063 In
1349 2035 1405 2074 ejus
1428 2043 1517 2064 autem
1539 2037 1628 2065 locum

885 2082 1044 2110 substituere
1066 2081 1184 2110 Victoris
1203 2081 1303 2109 tribuni
1327 2081 1500 2119 eunuchum7
1525 2083 1630 2111 manci-

885 2128 972 2166 pium,
988 2127 1075 2165 inquit
1090 2127 1237 2162 Palladius,
1262 2127 1407 2164 ebriosum,
1433 2129 1628 2165 meretricium,

885 2184 996 2202 avarum
1007 2184 1015 2209 ;
1034 2179 1126 2200 caeteia
1141 2183 1203 2201 vero
1215 2173 1311 2200 referre
1321 2172 1412 2211 pudet.

925 2219 980 2248 Sub
997 2219 1054 2247 haee
1070 2225 1159 2246 autem
1178 2218 1347 2246 Tlieotecnus
1364 2219 1503 2258 presbyter
1515 2221 1630 2248 Romam
1664 2236 1747 2257 Palluit.
1761 2244 1783 2264 t‘·

885 2265 968 2300 venit,
988 2265 1077 2293 literas
1095 2265 1209 2292 afferens
1230 2264 1331 2303 viginti
1351 2265 1468 2303 quinque
1487 2265 1627 2304 episcopo-
1644 2268 1681 2298 Ξῖ
1694 2275 1733 2291 20-

885 2324 955 2347 rum,
971 2312 1017 2350 qui
1038 2322 1099 2340 cum
1116 2312 1219 2340 Joanne
1238 2311 1272 2339 ad
1283 2311 1424 2350 Synodum
1441 2312 1628 2341 celebrandam

885 2365 1083 2388 convenerant:
1107 2358 1182 2395 queis
1204 2357 1359 2386 Innocentio
1377 2358 1455 2396 Papoe
1483 2358 1628 2387 narrabant

887 2416 939 2443 quo
952 2410 1028 2443 pacto
1042 2404 1157 2432 Joannes
1168 2414 1182 2430 a
1193 2403 1311 2431 militum
1320 2413 1401 2431 manu
1414 2403 1519 2442 pulsus,
1536 2404 1627 2432 Cucu-

885 2461 944 2479 sum
960 2451 987 2478 in
1000 2449 1128 2478 exsilium
1144 2449 1240 2477 missus
1254 2449 1355 2478 fuisset.
1377 2449 1461 2477 Paulo
1478 2450 1627 2488 postvenit

885 2497 1024 2532 Paternus,
1033 2495 1079 2534 qni
1091 2506 1118 2524 se
1127 2495 1424 2534 Constantinopolitanae
1434 2495 1560 2524 Ecclesiae
1568 2506 1627 2534 pre-

885 2542 1022 2581 sbyterum
1028 2542 1142 2577 dicebat,
1150 2542 1313 2580 Joannisque
1322 2541 1445 2570 inimicus
1453 2542 1556 2570 :literas
1567 2542 1628 2570 affe-

886 2589 960 2616 rebat
971 2587 1070 2623 Aeacii,
1080 2588 1169 2622 Pauli,
1177 2588 1301 2616 Antiochi
1315 2595 1340 2616 et
1351 2587 1488 2615 Severiani
1499 2587 1626 2615 aliorum-

886 2644 948 2674 que,
961 2634 1006 2673 qui
1022 2635 1151 2664 Joannem
1162 2633 1474 2671 calumniabantur-quasi
1489 2633 1627 2662 ecclesiam
