1849 2927
634 379 682 442 P
747 372 1114 442 AEFATIO

358 568 427 615 IN
468 566 660 616 HUNC
704 550 1037 616 DECIMUM
1079 564 1395 614 TERTIUM

536 739 604 773 ET
644 735 981 773 POSTREMUM
1023 734 1228 770 TOMUM.

820 896 939 912 <o>

138 1057 281 1095 Postquam
296 1056 323 1085 in
338 1055 474 1096 prioribus
487 1055 631 1084 duodecim
648 1054 741 1083 Tomis
756 1065 786 1082 ea
800 1053 889 1082 onmia
907 1054 936 1082 S.
963 1052 1074 1082 „Ioannis
1088 1051 1275 1091 Chrysostomi
1290 1061 1380 1091 opera,
1399 1058 1456 1080 tum
1470 1062 1528 1090 quae
1544 1052 1571 1080 in
1586 1053 1663 1092 prius

99 1102 187 1131 Editis
201 1102 357 1142 prostabant
370 1124 376 1137 ⁷
388 1108 446 1129 tum
460 1101 512 1129 alia
529 1101 595 1129 bene
609 1100 702 1136 inulta,
718 1111 777 1138 quae
792 1110 826 1128 ex
843 1098 926 1128 variis
943 1097 1114 1126 bibliothecis
1130 1098 1196 1126 Mss.
1211 1104 1385 1135 accesserant,
1401 1097 1556 1135 edidimus;
1570 1098 1597 1127 in
1611 1098 1662 1128 de—

98 1150 167 1179 cimo
182 1150 259 1178 tertio
272 1149 360 1178 visum
375 1156 413 1177 est
425 1148 508 1178 ordiri
527 1160 541 1177 a
554 1148 619 1179 Vita
630 1147 748 1186 ejusdem
761 1148 790 1177 S.
800 1148 841 1177 Jo.
857 1145 1043 1185 Clirysostomi
1053 1151 1160 1173 auctore
1172 1144 1294 1173 Palladio
1303 1167 1310 1181 ‚
1325 1144 1517 1184 Helenopoleos
1528 1146 1663 1185 episcopo,

98 1197 285 1236 Chrysostomi
298 1196 395 1231 amieo,
412 1206 493 1234 quam
508 1197 581 1234 prior
600 1195 686 1224 edidit
707 1195 846 1224 Emericus
866 1194 990 1232 Bigotius
1007 1205 1013 1220 ε
1030 1192 1073 1221 cui
1088 1192 1233 1231 adjicimus
1245 1191 1367 1230 ejusdem
1382 1192 1465 1220 sancti
1478 1191 1596 1221 doctoris
1610 1193 1663 1223 Vi..

97 1249 152 1271 tam
164 1254 197 1271 ex
213 1245 270 1282 ejus
279 1243 406 1282 operibus
419 1249 444 1270 et
457 1253 491 1271 ex
506 1242 567 1270 aliis
588 1242 765 1281 scriptoribus
783 1252 798 1270 a
822 1240 899 1269 nobis
922 1238 1118 1268 concinnatam.
1134 1238 1205 1266 Huic
1220 1237 1384 1265 annectimus
1399 1239 1527 1277 synopsin
1553 1249 1665 1277 operum

97 1288 154 1326 ejus
168 1289 289 1317 omnium
309 1299 406 1327 magno
421 1288 511 1317 studio
527 1295 552 1317 et
563 1288 654 1317 labore
666 1299 680 1316 a
692 1287 769 1316 nobis
784 1287 939 1315 adornatam
951 1308 960 1323 ‚
976 1295 1058 1324 quam
1069 1295 1117 1313 nec
1129 1284 1261 1322 ingratam
1271 1305 1279 1318 ‚
1296 1294 1344 1312 nec
1358 1284 1482 1312 inutilem
1502 1284 1593 1313 lectori
1608 1285 1668 1314 fore

97 1344 244 1373 speramus.
257 1335 350 1362 Postea
363 1341 511 1372 sequuntur
520 1344 653 1362 sermones
666 1333 803 1369 tredecim,
812 1332 859 1370 qui
870 1330 1056 1371 Chrysostomi
1069 1330 1176 1358 nomine
1184 1330 1420 1365 circumferuntur,
1431 1341 1446 1358 a
1456 1329 1610 1360 doctissimo
1621 1332 1667 1361 vi·-

97 1392 127 1409 ro
146 1381 275 1409 Gualtero
289 1381 395 1420 Taylor
415 1392 450 1409 ex
464 1380 562 1419 Anglia
581 1380 658 1409 nobis
675 1380 750 1408 missi
764 1393 770 1408 ι
785 1379 811 1407 in
829 1379 934 1407 Montio
948 1384 1037 1406 autem
1052 1377 1162 1416 praevio,
1181 1377 1291 1414 quinam
1312 1387 1374 1405 vere
1390 1377 1575 1417 Chrysostomi
1590 1379 1642 1408 sint
1659 1402 1665 1415 ,

97 1428 207 1466 quinam
222 1428 279 1466 ejus
294 1438 389 1456 nomen
404 1428 526 1456 ementiri
540 1428 700 1461 videantur,
719 1427 812 1466 paucis
826 1427 1010 1455 observamus.
1029 1424 1087 1453 Sub
1105 1424 1161 1452 baec
1185 1423 1335 1452 testimonia
1362 1430 1481 1453 veterum
1505 1426 1666 1464 proferimus

97 1474 131 1503 de
153 1475 197 1504 JO.
215 1474 400 1514 Chrysostomi
423 1475 541 1513 scriptis,
564 1475 692 1513 Sequitur
706 1474 896 1503 Onomastieon
911 1484 1017 1507 vocum,
1033 1483 1091 1510 quae
1112 1472 1139 1500 in
1154 1471 1231 1499 libris
1244 1471 1430 1510 Chrysostomi
1446 1473 1488 1501 vel
1505 1484 1579 1501 novae
1593 1482 1667 1511 sunt,

99 1522 143 1551 vel
160 1521 303 1560 singularis
322 1522 537 1561 significationis.
563 1523 679 1551 Domum
707 1521 789 1550 index
814 1520 999 1561 alphabeticus
1020 1530 1053 1547 ex
1068 1519 1163 1558 primis
1187 1518 1276 1547 verbis
1290 1519 1468 1553 Sermonum,
1485 1520 1666 1550 Homiliarum

100 1575 125 1597 et
147 1568 331 1608 Epistularum
354 1569 540 1608 Chrysostomi
553 1592 560 1605 ,
575 1569 618 1598 vel
642 1580 701 1607 quae
733 1567 920 1607 Chrysostomi
945 1565 1052 1594 nomine
1074 1571 1227 1604 comparent
1253 1564 1279 1591 in
1303 1563 1391 1592 Editis
1412 1572 1436 1592 et
1462 1566 1664 1605 Manuscriptis.

102 1618 203 1654 Agmen
226 1616 355 1645 claudunt
370 1617 455 1645 ludex
479 1617 625 1656 Scripturae
648 1627 744 1652 sacrae,
756 1623 782 1645 et
798 1615 881 1644 Index
894 1625 994 1650 reruni>
1010 1613 1057 1651 qui
1072 1613 1151 1641 ambo
1170 1622 1203 1640 ex
1218 1611 1360 1639 duodecim
1375 1612 1559 1651 Chrysostomi
1573 1615 1667 1643 Tomis

101 1662 250 1690 concinnati
275 1669 346 1690 sunt.

441 1796 488 1824 De
502 1796 714 1835 Manuscriplis
735 1797 939 1833 Cirr-postona
957 1806 1042 1835 opera
1065 1794 1324 1832 complectentibus.

143 1920 256 1950 Codices
270 1931 331 1949 mss.
348 1921 533 1960 Chrysostomi
546 1945 554 1961 ,
570 1923 615 1961 qui
632 1923 657 1951 in
674 1923 817 1962 praecipuis
833 1922 948 1962 Europa)
964 1923 1134 1953 bibliothecis
1154 1923 1302 1959 habentur,
1329 1924 1370 1952 rel
1385 1931 1472 1952 nostra
1486 1925 1529 1952 vel
1553 1924 1666 1953 aliorum

103 1978 183 2006 opera
196 1978 301 1996 summo
315 1967 405 1996 studio
420 1969 629 2007 perquisivimus
645 1981 650 1995 :
667 1970 772 1997 Italicas
788 1977 858 1997 certe
874 1981 940 2008 pene
957 1981 1047 1998 omnes
1070 1971 1247 1999 bibliothecas
1264 1971 1345 1998 trium
1367 1982 1498 1998 annorum
1515 1973 1600 2010 spatio
1619 1983 1667 2011 ego

104 2016 160 2054 ipse
171 2016 245 2050 adii,
262 2023 287 2044 et
302 2027 381 2054 quam
399 2017 596 2045 accuratissime
609 2018 684 2056 potui
700 2018 870 2055 perlustravi.
889 2019 917 2045 lu
934 2018 1103 2046 bibliothecis
1124 2029 1229 2056 quoquc
1253 2019 1349 2046 nostris
1365 2019 1512 2046 Gallicanis
1534 2031 1591 2058 par,
1614 2021 1667 2048 imo

104 2064 192 2102 majus
211 2063 332 2092 studium
347 2064 470 2092 adhibui.
486 2064 517 2092 In
531 2065 629 2103 Anglia
646 2072 670 2093 et
696 2065 722 2093 in
745 2066 889 2093 Germania
905 2066 1053 2093 amicorum
1077 2066 1203 2103 obsequio
1216 2076 1278 2093 usus
1294 2076 1363 2101 sum,
1387 2073 1443 2093 tum
1459 2073 1487 2093 ut
1508 2067 1537 2094 S.
1551 2066 1668 2095 doctoris

104 2122 184 2150 opera
198 2112 285 2150 ignota
302 2112 344 2140 vel
370 2112 488 2140 nondum
506 2123 569 2141 cusa
584 2113 733 2152 exciperem
748 2125 756 2150 3
773 2120 830 2141 tum
853 2120 880 2141 ut
900 2124 990 2141 eorum
1005 2135 1011 2147 ‚
1029 2124 1088 2150 quae
1109 2114 1133 2141 in
1153 2114 1321 2152 paucissimis
1335 2115 1400 2142 Mss.
1417 2114 1558 2149 habentur,
1581 2115 1668 2143 varias

104 2159 229 2187 lectiones
244 2170 424 2194 exsumerem‚
439 2167 464 2188 et
485 2160 583 2195 hiatus,
599 2161 621 2188 si
637 2161 789 2199 quiessent,
802 2161 937 2190 sarcirem.
959 2162 1049 2198 Neque
1060 2161 1200 2189 infeliciter
1213 2161 1280 2189 hanc
1297 2163 1462 2200 suscepimus
1477 2173 1567 2190 curam
1582 2175 1587 2189 :
1602 2162 1668 2191 bene

104 2206 188 2234 multa
204 2207 274 2235 enini
288 2218 379 2246 opera,
395 2218 454 2245 quce
467 2208 554 2235 lucem
574 2207 695 2236 nondum
708 2208 841 2243 viderant,
857 2220 890 2237 ex
901 2211 963 2238 Mss.
976 2209 1141 2247 excepim11S‚
1158 2216 1186 2236 ut
1202 2209 1294 2236 videas
1309 2209 1334 2236 in
1348 2209 1485 2247 prioribus
1498 2210 1586 2245 tomis,
1601 2218 1625 2239 et
1640 2211 1665 2239 in

105 2261 189 2288 sexto,
203 2254 249 2292 qui
264 2265 315 2282 non
328 2266 411 2293 panea
424 2266 491 2283 nova
503 2256 689 2294 complectitur
702 2269 708 2291 3
719 2257 889 2294 maximeque
897 2257 1016 2284 omnium
1028 2256 1054 2284 in
1065 2255 1226 2284 duodecimo
1235 2280 1242 2292 ‚
1254 2256 1299 2284 ubi
1314 2256 1436 2285 undecim
1448 2268 1530 2289 novas
1541 2258 1665 2287 homilias

104 2302 257 2340 praeclaras,
276 2302 350 2330 etad
364 2302 503 2331 historiam
529 2303 603 2331 illius
624 2305 674 2332 mvi
693 2305 808 2332 multum
831 2305 1004 2339 conferentes,
1026 2315 1077 2332 non
1101 2304 1157 2332 sine
1185 2304 1322 2342 voluptate
1345 2305 1413 2341 leget
1436 2303 1557 2333 eruditus
1572 2306 1662 2334 lector.

144 2348 189 2376 Ex
203 2348 280 2376 libris
304 2360 383 2387 porro
398 2356 422 2377 et
443 2350 569 2388 operibus
588 2350 772 2389 Chrysostomi
788 2350 910 2388 quandam
929 2358 999 2381 sunt.
1017 2361 1129 2388 quorum
1143 2361 1206 2379 mss.
1220 2351 1331 2379 Codices
1350 2352 1500 2388 frequenter
1511 2359 1665 2390 occurrunt,

106 2401 134 2422 ut
148 2395 212 2423 libri
224 2394 257 2423 de
269 2395 435 2429 Sacerdofio,
451 2404 475 2425 et
491 2398 687 2426 Commentaria
707 2398 733 2426 in
748 2399 918 2435 Matthaeuiu,
934 2409 1048 2436 quorum
1071 2399 1131 2437 plus
1147 2409 1227 2436 quam
1247 2406 1369 2427 centenos
1387 2398 1498 2427 Codices
1517 2400 1662 2437 novimus;

105 2441 130 2468 in
145 2442 273 2470 Joannem
286 2453 391 2481 quoque
412 2454 464 2471 non
485 2455 598 2483 paucos,
614 2451 639 2473 et
661 2445 687 2472 in
702 2445 898 2473 Commentaria
916 2444 1098 2483 Epistularum
1111 2445 1146 2473 ad
1162 2445 1324 2473 Corinthios.
1339 2446 1368 2473 In
1385 2445 1467 2473 libros
1480 2445 1559 2474 etiam
1574 2455 1664 2476 contra

105 2489 211 2518 Judaeos
235 2490 364 2528 quosdam
389 2492 500 2521 Codices
517 2492 712 2527 adhibuimus;
735 2500 761 2520 at
776 2493 802 2521 in
818 2493 892 2521 nullo
919 2504 1010 2521 eorum
1024 2494 1116 2522 sarciri
1141 2500 1227 2532 potest
1249 2493 1339 2521 hiatus
1364 2493 1410 2522 ille
1429 2505 1541 2533 magnus
1557 2518 1565 2531 ,
1581 2497 1663 2534 quiin

104 2537 222 2565 secundo
237 2537 308 2565 libro
324 2537 447 2566 habetur.
464 2539 601 2567 Diuturno
615 2539 752 2577 multoque
764 2540 854 2568 labore
868 2540 980 2568 Codices
993 2551 1095 2573 omnes,
1113 2540 1160 2578 qui
1171 2540 1250 2568 hasce
1261 2540 1386 2568 homilias
1407 2541 1553 2573 continent,
1568 2543 1664 2571 frustra

105 2584 279 2622 quzesivimus
297 2591 376 2622 atque
393 2585 576 2614 lustravimus.
592 2587 633 2614 Dc
652 2588 843 2627 Manuseriptis
863 2598 925 2616 vero
936 2588 971 2616 ad
981 2588 1085 2626 singula
1097 2598 1176 2627 opera
1190 2587 1320 2616 adhibitis
1342 2594 1402 2615 autc
1415 2588 1521 2616 initium
1535 2590 1665 2629 cujusque

106 2631 193 2670 operis
207 2631 313 2671 agitur:
328 2643 410 2670 quare
433 2643 483 2662 non
510 2640 547 2662 est
571 2633 643 2671 quod
665 2645 695 2663 ca
717 2634 793 2664 dere
814 2635 937 2675 pluribus
950 2635 1123 2674 disseramus,
1140 2635 1227 2664 sedeo
1250 2635 1374 2664 lectorem
1389 2635 1527 2666 mittimus,
