1884 2922
242 185 280 219 31
294 197 310 218 2

241 265 309 287 rent.
327 264 359 286 11.
377 261 441 286 691.
459 266 485 284 n.
503 265 529 283 E.
548 256 653 289 Quanta
669 249 825 280 fortitudine
839 259 888 288 pro
903 247 976 276 veri-

244 309 295 330 tate
305 301 474 329 decertarint.
494 306 524 326 tt.
539 302 603 325 835.
621 307 647 323 Β.
665 306 730 334 sqq.
747 298 809 323 836.
821 294 881 322 Non
899 289 976 319 inviti

241 345 309 385 passi
326 351 385 373 sunt
402 349 539 380 martyres.
563 347 595 368 x.
622 343 666 366 33.
693 349 720 366 Γ..
746 336 858 374 Egregia
884 344 976 362 eorum

241 389 394 417 certamina.
421 394 465 415 tlt.
489 389 549 412 177.
569 394 591 411 n.
619 382 700 410 Omni
721 381 791 409 bello
815 378 977 407 terribiliora

241 444 295 462 esse
311 432 466 471 probantur,
486 436 516 456 11.
531 432 594 455 850-
612 437 636 454 e.
653 427 720 454 Cum
733 424 854 464 tyrannis
870 422 978 450 armatis

245 476 316 504 nude
343 472 596 509 congrediebantur.
613 471 657 497 ΙΙ).
689 469 844 507 Martyrum
870 466 978 494 insu-ma

242 528 351 556 corpora
366 516 471 544 roborat
487 515 582 553 gratia.
594 521 624 541 tt.
636 518 704 543 744,
724 525 750 540 A.

283 563 417 598 Martyres
432 569 482 586 non
499 557 590 585 multis
603 557 679 584 annis
689 579 696 592 ,
710 555 757 584 sed
771 565 823 584 uno
835 554 879 583 die
889 554 979 593 splen-

243 605 322 634 didas
339 603 426 642 adepti
442 608 503 630 sunt
518 611 636 629 coronas.
652 607 670 628 t.
687 606 731 629 10.
749 611 773 628 E.
792 600 897 633 Quanta
913 608 980 636 prae-

245 650 297 678 mia
312 659 356 677 eos
372 652 508 681 maneant,
523 644 597 673 nulla
610 651 695 683 potest
709 644 827 672 oratione
838 641 976 670 declarari.

245 701 279 722 lt.
296 697 360 720 852.
376 702 400 718 e.
412 690 525 718 Illorum
539 698 610 717 mors
628 698 680 716 non
693 694 731 716 est
745 697 834 723 mors,
852 685 895 714 sed
920 684 981 713 vitae

243 735 361 764 melioris
383 734 499 762 initium.
516 740 551 761 11.
569 736 633 760 635.
662 742 690 760 Β.
715 731 882 768 vulneraque
905 728 982 757 astris

245 778 427 819 splendidiora
449 787 478 805 ac
502 774 680 804 mirabiliora,
704 782 736 803 lt.
765 779 829 803 805.
854 784 879 802 E.
906 774 982 801 Mar-

242 824 307 862 tyrii
323 832 425 850 corona}
445 830 491 859 per
506 826 617 847 mortem
635 825 770 847 texuntur.
801 825 832 846 V.
858 822 922 846 319.
951 827 978 844 A.

244 868 338 896 Beatos
350 872 477 903 martyres
492 862 667 902 praedicamus
679 862 796 901 primum
811 861 846 890 ob
860 861 981 896 vulnera,

243 909 390 939 secundum
405 908 438 936 ob
455 906 573 946 praemia.
592 913 635 935 lv.
655 911 717 934 860.
733 917 758 934 A.
782 907 892 943 Propter
908 915 983 932 mor-

245 961 298 983 tem
314 959 444 991 martyres
459 957 522 979 sunt
537 950 657 978 omnium
672 948 826 977 felicissimi.
844 955 889 977 VI.
917 953 980 976 175.

245 997 351 1032 Quibus
370 994 509 1023 tormentis
529 1003 653 1021 coronam
673 993 774 1031 adepti.
798 999 843 1020 111.
869 996 934 1020 602.
955 1004 982 1021 A.

244 1040 326 1070 Multi
342 1039 386 1077 qui
409 1037 547 1066 tormentis
564 1037 639 1065 fracti
660 1043 806 1071 cesserant,
825 1043 914 1075 postea
937 1047 981 1064 re-

244 1085 394 1120 dintegrato
405 1080 547 1110 certamine
560 1091 683 1108 coronam
698 1087 875 1119 reportarunt.
893 1087 912 1108 Ι.
932 1085 978 1109 43.

245 1139 270 1156 c.
292 1126 423 1155 Diabolus
448 1131 557 1152 conatus
576 1131 614 1152 est
634 1131 781 1162 martyrum
808 1123 933 1153 defodere
959 1131 982 1152 et

243 1171 356 1199 obrucre
368 1168 490 1207 gloriam.
508 1175 526 1195 Ι.
545 1171 609 1195 892.
627 1177 650 1194 n.

286 1215 439 1251 Martyrum
452 1211 570 1249 reliquiae
581 1221 626 1238 sua
636 1210 774 1249 praesentia
782 1209 847 1248 quid
854 1209 980 1239 efficiant.

247 1264 281 1286 11.
296 1261 359 1285 779.
377 1266 401 1283 A.
424 1256 563 1283 Daemones
589 1253 749 1291 ubicumque
770 1253 862 1282 vident
883 1260 986 1292 marty-

246 1311 307 1329 rum
321 1309 430 1338 corpora
439 1298 566 1337 jacentia,
578 1297 668 1326 statim
683 1297 801 1335 fugiunt.
823 1305 857 1326 tt.
871 1302 936 1326 743.
957 1310 982 1327 A.

246 1351 271 1373 et
291 1343 481 1380 derelinquunt
511 1342 646 1370 hom-[nem
675 1348 826 1380 correptum
857 1342 891 1370 ab
918 1342 983 1377 illis,

247 1387 355 1426 quando
368 1386 402 1414 ad
416 1396 473 1414 ossa
491 1385 598 1414 illorum
610 1385 728 1415 ducitur.
744 1392 777 1413 ΙΙ.
796 1390 857 1413 805.
875 1396 902 1413 E.
920 1391 984 1414 818.

250 1444 278 1461 A.
293 1442 317 1461 Β.
339 1431 450 1459 Illorum
465 1429 602 1468 pulverem
625 1430 813 1468 pertimescunt
832 1428 963 1458 daemones
979 1453 985 1464 ‚

249 1483 275 1504 et
297 1474 417 1514 sepulcra
440 1483 533 1501 eorum
557 1473 674 1511 fugiunt.
693 1479 723 1500 11.
751 1477 815 1501 823.
840 1474 987 1502 1).Favilla

249 1529 344 1548 eorum
358 1517 489 1545 dcemones
511 1516 594 1554 fugat.
622 1521 730 1544 11.109.
750 1527 776 1544 B.
800 1526 910 1555 ossaque
932 1518 988 1546 vim

250 1572 373 1600 magnam
388 1560 496 1589 habent.
523 1567 556 1587 11.
579 1564 644 1587 770.
672 1570 700 1588 n.
729 1561 883 1598 Martyrum
908 1561 989 1589 mira·

250 1606 310 1634 cula
321 1605 423 1638 crebra,
435 1610 459 1632 et
475 1603 635 1642 populorum
648 1603 682 1631 ad
694 1614 785 1632 eorum
798 1604 918 1642 sepulcra
930 1616 990 1633 con-

251 1656 356 1678 ventus.
374 1656 406 1676 tt.
425 1652 490 1675 663.
505 1658 530 1675 n.
545 1648 599 1675 Cur
608 1647 684 1675 nobis
698 1650 770 1676 Deus
785 1648 911 1685 reliquias
922 1659 991 1677 mar-

253 1700 345 1732 tyrum
359 1690 500 1720 dimiserit.
527 1690 604 1718 Ibid.
622 1691 692 1718 Deus
707 1691 846 1720 nobiscum
861 1699 991 1731 martyres

252 1737 367 1776 partitus
387 1742 436 1769 est,
449 1735 550 1762 animas
565 1733 674 1772 quidem
688 1735 739 1763 sibi
750 1746 866 1770 sumens,
877 1747 991 1776 corpora

253 1791 317 1808 vero
331 1779 406 1808 nobis
419 1778 549 1816 largien53
566 1784 594 1805 ut
608 1777 705 1806 horum
717 1789 774 1807 ossa
789 1787 922 1818 perpetuae
939 1781 993 1809 vir-

256 1825 320 1852 tutis
332 1828 501 1851 monumenta
521 1828 665 1849 teneamus.
683 1829 716 1850 11.
728 1827 792 1851 807.
806 1833 830 1850 E.
850 1823 893 1851 Ad
905 1825 993 1863 sepul—

257 1878 299 1896 cra
316 1873 465 1905 martyrum
481 1865 602 1893 civitates
619 1865 811 1894 concurrebant
825 1890 832 1903 ‚
855 1874 880 1895 et
901 1868 995 1907 populi

257 1921 347 1939 eorum
362 1920 451 1937 amore
464 1908 707 1937 inflammabantur.
734 1916 765 1937 V.
782 1914 846 1938 377.
868 1922 894 1938 A.
914 1914 937 1939 A
951 1923 995 1940 sc-

257 1954 359 1994 pulcris
383 1960 532 1992 martyrum
568 1962 620 1981 non
654 1952 809 1982 recedebant
834 1954 932 1984 fideles.
960 1963 993 1984 V.

259 2002 322 2026 623.
338 2008 365 2025 A.
380 1995 528 2034 Sepulchra
548 1995 665 2031 illorum,
679 1996 724 2033 qui
742 1997 878 2026 Crucifixo
894 1999 995 2028 servie-

257 2049 336 2075 ruut,
353 2040 427 2069 aulas
442 2039 529 2078 regias
543 2046 669 2078 superant
684 2050 735 2068 non
751 2041 837 2069 solum
859 2043 996 2081 magnitu-

257 2085 319 2114 dine
344 2091 368 2113 et
393 2083 596 2123 pulchritudine
620 2083 818 2120 :edim-iorum,
847 2086 894 2114 sed
916 2088 995 2116 etiam

258 2131 411 2159 coeuntium
436 2129 532 2158 studio.
554 2137 585 2157 x.
603 2134 667 2157 741.
686 2141 710 2158 Β.
728 2130 771 2158 ΑΙ)
787 2131 996 2170 Impe:at01·ibus

259 2174 433 2203 honorantur.
447 2180 478 2201 tt.
493 2178 556 2201 840.
584 2184 609 2201 c.
631 2179 659 2201 et
672 2175 748 2203 Ibid.
767 2175 919 2214 Martyrum
935 2176 998 2204 reli-

260 2219 336 2255 quias
348 2228 405 2256 qum
419 2217 469 2245 sub
484 2217 636 2254 pavimento
650 2224 723 2245 erant
739 2218 765 2246 in
781 2219 889 2247 ecclesia
902 2242 908 2255 ‚
923 2227 997 2249 extra

260 2261 354 2289 urbem
370 2259 538 2288 Antiochiam
557 2259 652 2288 extulit
670 2267 695 2288 et
719 2260 867 2290 honestiore
880 2263 937 2291 loco
951 2274 998 2303 po-

262 2304 316 2333 suit
332 2303 475 2332 Flavianus
500 2303 650 2341 episcopus.
675 2311 708 2332 tt.
726 2309 789 2332 529.
804 2310 867 2334 530.
885 2318 909 2335 A.
926 2309 1000 2335 Mar-

261 2356 333 2387 tyres
362 2347 387 2375 in
413 2346 486 2375 villis
510 2357 592 2385 prope
619 2347 787 2376 Antiochiam
807 2360 855 2378 cur
877 2351 1000 2379 collocari

261 2392 374 2420 voluerit
387 2394 470 2419 Deus.
487 2397 520 2418 11.
537 2396 602 2419 777.
619 2402 643 2419 c.
662 2391 773 2420 Illorum
788 2394 876 2422 cultus
892 2395 917 2423 in
937 2406 1001 2434 agro

264 2435 440 2463 Antiocheno.
456 2442 488 2462 lt.
507 2439 572 2462 871.
587 2445 613 2463 ,1.
632 2440 694 2463 872.
710 2437 864 2475 Martyrum
881 2440 1002 2478 sepulcra

265 2478 465 2516 frequentanda.
483 2485 540 2506 x'tt.
561 2482 622 2506 477.
638 2488 665 2508 Β.

308 2524 439 2561 Martyres
453 2522 552 2557 sancti,
570 2522 615 2559 qui
629 2525 685 2551 Deo
698 2523 870 2562 placuerunt,
891 2528 1000 2556 multam

875 185 979 210 tNDEx

1006 184 1133 208 RERUM.

1030 245 1103 283 apud
1116 246 1193 274 illum
1204 245 1302 274 habent
1314 244 1496 274 auctoritatem
1519 254 1567 283 pro
1587 243 1664 271 nobis
1688 243 1767 270 inter-

1031 288 1160 317 cedendo.
1182 296 1202 317 1.
1224 293 1288 317 836.
1308 299 1333 317 e.
1357 289 1481 316 Parentes
1501 287 1599 315 habere
1613 293 1744 325 martyres
1757 306 1766 319 ‚

1032 334 1099 362 nihil
1120 334 1228 373 prodest
1251 333 1379 373 improba:
1402 332 1481 371 proli.
1501 339 1520 361 t.
1540 337 1603 361 920.
1621 342 1645 359 Ε.
1661 333 1768 369 Marty-

1032 389 1092 406 rum
1107 379 1128 406 si
1145 379 1170 406 in
1186 376 1688 409 familiaritateminsinuaverimusnos‚
1699 375 1769 413 ipso-

1033 433 1092 451 rum
1107 432 1185 461 opera
1200 422 1250 450 Dei
1264 420 1473 450 misericordiam
1496 419 1706 458 impetrabimus.
1732 425 1766 448 tt.

1032 471 1098 496 770.
1115 476 1139 494 E.
1156 468 1289 504 Martyres
1305 464 1402 492 nostris
1414 473 1465 492 non
1479 469 1555 501 egent
1573 461 1697 490 laudibus
1709 484 1717 497 ‚
1738 468 1767 489 ut

1033 522 1124 540 eorum
1137 517 1234 539 crescat
1248 510 1342 548 gloria.
1358 517 1378 538 1.
1394 513 1458 537 795.
1476 519 1500 535 e.
1511 519 1539 536 n.

1073 556 1226 593 Martyrum
1238 554 1343 582 festum.
1369 560 1388 583 1.
1412 556 1477 580 794.
1505 562 1530 579 a.
1541 552 1675 590 Martyres
1686 560 1766 578 num-

1034 609 1113 637 quam
1127 609 1173 636 pro
1186 598 1279 626 merito
1291 596 1585 625 laudanturutfftom.
1594 595 1673 623 Nulla
1685 594 1768 633 gloria

1035 642 1099 681 ipsis
1112 648 1280 680 comparatur
1290 651 1323 669 ex
1336 641 1481 669 multorum
1494 639 1641 679 praesentia.
1655 646 1689 667 lt.
1703 643 1753 668 841
1762 663 1768 668 .

1036 697 1061 714 Λ,
1076 688 1136 722 Quo
1148 692 1225 725 pacto
1239 685 1292 713 sint
1303 685 1461 713 honorandi.
1474 692 1507 713 11.
1521 689 1587 713 703.
1601 694 1628 712 n.
1638 694 1666 711 E.
1680 683 1771 711 Honor

1036 730 1161 768 martyris
1173 729 1286 757 imitatio
1297 735 1335 757 est
1347 729 1483 768 martyris.
1498 736 1530 757 11.
1543 732 1639 756 796.c.
1653 729 1773 762 Quomo-

1035 772 1071 801 do
1080 772 1211 801 imitandi.
1224 780 1255 801 ΙΙ.
1271 777 1334 801 813.
1346 783 1372 802 c.
1387 774 1541 812 Martyrum
1553 772 1617 800 festa
1629 771 1770 800 celebrare.

1036 824 1075 845 est
1085 827 1175 845 eorum
1184 817 1309 844 virtutem
1320 815 1430 844 imitari.
1441 817 1517 844 Ibid.
1529 816 1642 844 Illorum
1651 814 1774 842 solemni-

1038 867 1077 889 tas
1088 860 1177 888 schola
1190 859 1331 888 virtutum.
1348 867 1380 888 11.
1393 865 1458 888 797.
1472 870 1498 889 c.
1516 870 1544 887 n.
1558 858 1690 886 Honorem
1702 868 1772 885 mar-

1038 903 1142 942 tyribus
1156 903 1308 938 tribuimus,
1323 904 1344 932 si
1360 914 1453 932 eorum
1464 904 1590 932 virtutem
1601 909 1626 930 et
1638 900 1774 930 fortitudi-

1039 958 1097 975 nem
1113 947 1277 976 aemulemur.
1288 954 1321 975 11.
1336 952 1400 977 808.
1413 958 1438 975 c.
1450 949 1602 986 Martyrum
1613 945 1670 974 dies
1679 946 1770 975 festus.

1040 996 1143 1021 Π.776.
1156 1002 1183 1019 A.
1198 991 1263 1019 Ossa
1271 1001 1361 1019 eorum
1374 998 1510 1019 consumta
1519 1013 1526 1025 ‚
1536 990 1695 1018 atmemoria
1706 1000 1774 1028 quo-

1040 1035 1105 1064 tidie
1116 1035 1147 1063 fit
1159 1035 1297 1063 recentior.
1314 1042 1344 1063 11.
1362 1039 1426 1063 840.
1443 1046 1468 1062 c.
1482 1033 1611 1063 Omnium
1623 1040 1774 1072 martyrum

1036 1079 1130 1107 festum
1150 1085 1209 1117 post
1227 1085 1343 1106 sanctam
1369 1079 1548 1106 Pentecosten.
1578 1084 1611 1106 11.
1651 1082 1714 1106 848.
1744 1088 1771 1105 A.

1037 1121 1149 1150 Illorum
1170 1121 1324 1150 festivitates
1339 1132 1386 1160 per
1400 1122 1495 1149 multos
1510 1121 1576 1150 dies.
1603 1128 1649 1151 [V.
1667 1125 1731 1150 812.
1748 1130 1773 1149 Β.

1040 1165 1127 1192 Tanto
1140 1165 1270 1192 illustrior
1285 1172 1323 1193 est
1338 1165 1449 1194 victoria
1461 1165 1603 1194 mulierum
1613 1172 1774 1205 martyrum,

1040 1215 1138 1246 quanto
1161 1207 1276 1236 debilior
1294 1215 1331 1237 est
1346 1219 1440 1237 sexus:
1461 1215 1486 1237 et
1503 1209 1681 1247 eoinsignior,
1704 1208 1777 1247 quod

1040 1265 1088 1293 per
1104 1265 1132 1282 ea
1152 1255 1250 1292 quibus
1269 1255 1371 1284 vicerat
1386 1254 1520 1288 inimicus,
1539 1256 1698 1283 nuncetiam
1714 1255 1777 1283 vin-

1041 1306 1124 1328 catur.
1136 1306 1168 1327 11.
1181 1303 1244 1329 826.
1253 1309 1280 1326 D.
1296 1300 1431 1337 Martyres
1441 1309 1572 1333 amamus,
1584 1298 1646 1336 quia
1658 1299 1691 1327 ob
1699 1298 1778 1327 Chri-

1042 1350 1112 1371 stum
1128 1342 1290 1370 cruciantur.
1306 1349 1325 1371 1.
1342 1347 1406 1371 755.
1419 1353 1446 1370 A.
1464 1343 1495 1370 In
1518 1342 1629 1380 liturgia
1648 1352 1778 1371 memora-

1042 1387 1149 1417 bantur.
1167 1394 1213 1415 1x.
1228 1392 1290 1415 188.
1306 1397 1330 1414 B.

1083 1432 1217 1469 Martyres
1230 1429 1339 1459 Judaeos
1359 1429 1492 1468 imprimis
1508 1429 1637 1465 oderunt,
1658 1429 1781 1467 quando—

1031 1474 1152 1513 ·quidem
1174 1474 1208 1502 ab
1227 1473 1283 1502 illis
1305 1473 1466 1502 crucifixum
1483 1473 1599 1502 maxime
1609 1473 1735 1512 diligunt.
1758 1482 1777 1503 t.

1044 1523 1110 1548 795.
1125 1529 1155 1547 D.

1082 1561 1213 1600 Martyris
1225 1561 1364 1599 cujusdam
1376 1572 1409 1590 ex
1422 1561 1781 1600 successioneApostolorum

1043 1605 1155 1634 dictum.
1171 1613 1192 1633 1.
1207 1610 1269 1634 848.
1282 1616 1308 1634 c.
1322 1610 1386 1634 849.
1399 1606 1425 1633 Ι5
1437 1605 1542 1633 videtur
1557 1605 1637 1633 fuisse
1650 1606 1780 1644 Ignatius.

1048 1650 1119 1678 Wde
1131 1656 1229 1677 notam
1239 1660 1263 1678 e.

1085 1694 1219 1732 Martyres
1234 1692 1279 1730 qui
1291 1698 1415 1730 torquet,
1427 1703 1488 1720 cum
1504 1693 1560 1721 Deo
1579 1692 1682 1721 bellum
1707 1693 1784 1731 gerit.
1803 1709 1814 1716 -

1047 1744 1079 1766 11.
1092 1741 1156 1764 836.
1173 1748 1195 1764 A.
1207 1736 1288 1765 Inviti
1304 1736 1468 1775 martyribus
1488 1742 1599 1775 prosunt
1612 1735 1658 1774 qui
1679 1736 1740 1764 illos
1751 1736 1785 1764 ad

1048 1781 1207 1819 martyrium
1219 1780 1339 1809 trahunt.
1358 1787 1403 1809 lx.
1420 1785 1484 1809 285.
1500 1791 1526 1809 c.

1087 1826 1240 1863 Martyrum
1251 1824 1441 1863 [Egyptiorum
1451 1824 1610 1854 encomium.
1618 1828 1787 1864 11.835.sqq.

1048 1870 1186 1898 Sermones
1208 1868 1363 1906 panegyrici
1390 1869 1415 1896 in
1439 1874 1543 1897 sanctos
1569 1868 1743 1898 Juventinum
1763 1876 1788 1898 et

1048 1912 1239 1941 Maximinum.
1255 1919 1288 1940 ΙΙ.
1303 1916 1367 1941 690.
1379 1923 1407 1941 A.
1419 1911 1446 1939 in
1455 1918 1571 1940 sanctam
1586 1912 1732 1950 Pelagiam.
1752 1920 1784 1941 tt.

1049 1962 1114 1985 697.
1127 1967 1153 1986 A.
1166 1955 1307 1986 secundus.
1318 1960 1418 1984 11.705.
1431 1967 1456 1984 A.
1470 1955 1497 1983 in
1508 1956 1781 1994 sanctumlgnatium.

1049 2007 1083 2030 11.
1100 2004 1164 2028 706.
1182 2010 1209 2027 A.
1226 2000 1252 2027 in
1272 2000 1302 2029 S.
1326 1999 1507 2027 Eustathium.
1524 2006 1558 2027 11.
1580 2004 1643 2028 719.
1667 2011 1694 2028 A.
1714 2002 1781 2028 Dum

1049 2043 1166 2072 homiliae
1178 2043 1205 2071 in
1213 2050 1333 2072 sanctum
1344 2043 1506 2075 Romanum3
1520 2042 1617 2081 prima.
1628 2050 1660 2071 11.
1677 2047 1740 2071 729.
1759 2054 1786 2071 A.

1051 2088 1143 2116 altera.
1170 2094 1204 2115 11.
1225 2092 1289 2115 736.
1305 2097 1333 2115 D·
1346 2088 1470 2114 Duorum
1489 2093 1640 2124 martyrum
1665 2086 1786 2115 historia.

1051 2139 1098 2160 Xt.
1115 2136 1180 2161 837.
1195 2141 1220 2160 c.
1247 2142 1276 2159 n.
1294 2132 1447 2169 Martyrum
1465 2130 1597 2158 memoriae
1608 2139 1715 2157 cursum
1737 2140 1791 2158 scr-

1052 2185 1162 2203 monum
1178 2182 1269 2203 contra
1284 2175 1424 2202 Anomoeos
1445 2173 1627 2212 intercipiunt.
1645 2181 1665 2202 Ι.
1682 2178 1745 2202 554.
1764 2184 1793 2202 13.

1092 2220 1234 2247 Memoria
1248 2225 1422 2254 martyrum.
1441 2225 1486 2247 ΙΠ,
1509 2222 1571 2245 984,
1588 2228 1611 2245 B.
1635 2219 1794 2246 Honoran-

1052 2270 1098 2291 tur
1108 2270 1245 2299 martyres
1258 2272 1311 2298 pro
1321 2262 1436 2290 Christo
1445 2262 1535 2299 passis
1557 2261 1697 2290 adoratur
1709 2262 1795 2290 Chri-

1051 2313 1111 2335 stus
1125 2309 1176 2345 qui
1198 2317 1250 2344 pro
1264 2307 1395 2334 omnibus
1421 2315 1525 2343 passus
1539 2311 1592 2332 est.
1619 2305 1691 2333 Ibid.
1718 2305 1796 2333 Illo-

1053 2361 1117 2379 rum
1137 2352 1230 2379 honor
1239 2356 1279 2378 esc
1297 2350 1393 2388 gloria
1419 2350 1506 2386 hujus
1531 2359 1581 2386 pro
1607 2359 1663 2387 quo
1687 2355 1799 2385 marty-

1054 2397 1130 2422 rium
1144 2397 1222 2433 passi
1238 2401 1314 2423 sunt.
1343 2393 1417 2422 Ibid.
1439 2394 1542 2421 Honor
1561 2400 1726 2429 martyrum
1748 2399 1791 2421 est

1055 2440 1187 2467 custodia
1190 2439 1274 2478 fidei.
1291 2445 1335 2466 111.
1354 2442 1417 2466 994.
1433 2448 1457 2464 A.

1095 2487 1265 2515 MAnTrmUM
1281 2496 1331 2514 non
1343 2485 1428 2513 solum
1442 2495 1491 2524 pro
1506 2492 1599 2523 negato
1611 2484 1690 2513 idolis
1703 2484 1791 2512 incen-

1056 2542 1084 2560 so
1097 2531 1182 2566 mori,
1197 2529 1242 2559 sed
1253 2529 1333 2558 etiam
1348 2539 1395 2568 pro
1407 2528 1510 2567 justitia
1531 2528 1625 2557 occidi.
1638 2536 1656 2557 1.
1673 2533 1735 2557 839.
1755 2539 1781 2556 A.
