1910 2907
0 458 34 478 'nn
49 455 86 478 15.

13 831 82 855 inp.

0 1387 82 1410 .p.1r.

0 2578 85 2606 vasa.

450 201 522 231 QUAE
550 201 581 223 {N
609 200 771 224 OPEntBUS
798 199 1031 223 CHRYSOSTOMI
1059 200 1316 224 OBSERVANTUR.

100 265 166 294 dicit
177 274 204 293 sc
216 263 286 293 velle
298 263 444 303 baptizari:
463 264 538 292 etsie
551 274 612 292 eum
633 263 768 303 baptizant
790 273 839 303 pro

99 322 129 340 eo
142 311 190 349 qui
204 310 333 344 excessit;
347 321 377 338 ac
400 309 422 338 si
434 309 462 338 in
477 320 554 338 scena
573 309 697 338 luderent
711 320 717 337 :
736 316 841 338 tantum

98 357 185 385 valuit
195 356 320 385 diabolus
333 356 359 385 in
372 356 531 394 ignavorum
542 356 649 384 animis.
664 355 768 384 Deinde
780 366 841 384 cum

97 410 272 437 accusantur,
298 402 446 431 obtendunt
470 402 521 430 hoc
536 402 664 433 verbum,
680 402 841 441 Apostolus,

99 449 242 488 inquiunt,
261 450 317 487 Qui
333 451 522 487 baptizantur·
535 459 587 487 pro
603 450 734 477 mortuis.
753 460 767 474 u

138 495 212 524 Alias
224 506 330 533 quoque
345 495 491 523 Marcionis
503 502 528 522 et
539 493 774 523 Marcionistarum
785 504 844 522 sen-

97 542 192 570 tentias
208 549 233 570 et
247 542 319 570 dicta
329 542 407 570 affert
419 542 636 581 Chrysostomus.
655 541 713 569 Non
729 547 842 580 poterat,

96 587 236 625 inquiebat
251 588 371 616 Marcion
382 610 390 624 ,
405 588 495 623 Dens,
511 594 629 616 assumta
643 597 721 615 carne
731 609 738 621 ,
754 597 844 615 mane-

96 645 124 662 re
147 634 275 662 mundus.
300 634 344 662 Ex
370 634 402 662 iis
418 644 496 668 vero,
521 644 580 671 quse
603 633 637 662 de
662 633 842 661 marcionistis

96 680 196 719 passim
212 680 291 713 dicit.
306 679 440 718 liquidum
456 687 493 708 cst
508 679 743 708 marcionistarum
758 678 843 706 haere-

96 726 148 754 sim
173 737 221 754 suo
246 733 365 765 tempore
387 726 506 764 viguisse
519 738 526 753 .-
555 725 608 753 imo
633 724 842 763 disputationem

97 784 178 811 quam
206 784 267 801 cum
298 772 472 801 Marcionista
498 771 616 810 quodam
642 771 737 799 habuit
763 771 843 798 refert

97 820 214 848 Homilia
227 819 301 848 tertia
315 820 341 847 in
351 819 438 858 Epist.
447 819 480 847 ad
490 818 684 846 Philemonem.
692 818 760 846 Cum
770 816 842 844 enim

96 866 214 904 probare
230 866 326 901 rellet,
344 866 431 893 Deum
446 865 524 893 etiam
540 874 601 892 cum
618 873 708 902 peenas
727 862 840 901 expetit,

98 911 200 939 bonum
215 919 241 940 et
254 911 410 940 clementem
424 921 488 946 esse,
496 917 522 939 et
533 911 604 938 hunc
619 910 708 938 locum
720 909 838 937 afferret:

94 958 190 986 Solem
203 960 273 985 oriri
286 963 369 986 curat
389 967 473 995 super
492 957 585 984 malos
598 962 625 983 et
647 956 744 988 bonos,
764 955 841 992 pluit

94 1013 183 1041 super
195 1004 290 1042 justos
301 1009 329 1031 et
348 1004 471 1040 injustos
484 1014 494 1032 :
506 1002 679 1030 Marcionista
696 1001 743 1039 qui
769 1001 839 1029 ade-

94 1055 136 1076 rat
160 1049 319 1087 respondit:
338 1049 366 1077 Si
383 1055 551 1087 peccatorum
576 1048 706 1076 rationem
722 1057 773 1075 non
792 1058 840 1076 ex·-

94 1101 210 1134 peteret,
228 1095 255 1123 id
271 1095 400 1123 bonitatis
411 1095 487 1131 fore3
504 1095 525 1123 si
546 1101 668 1133 expetat,
685 1093 713 1121 id
724 1094 781 1132 jam
791 1093 840 1122 bo—

93 1142 185 1175 nitatis
202 1152 253 1170 non
268 1152 333 1172 esse.
352 1142 449 1170 Contra
473 1152 538 1170 vero
554 1141 762 1179 Clirysostomus
777 1150 840 1179 pro-

93 1187 184 1223 bavit,
199 1189 304 1222 Deum,
317 1189 338 1216 si
360 1189 490 1216 rationem
508 1198 559 1216 uon
575 1194 699 1226 expetat,
712 1197 763 1215 non
785 1197 840 1215 esse.

94 1233 207 1269 bonum,
225 1241 250 1262 et
272 1234 335 1272 quia
350 1235 466 1273 expetit,
481 1233 540 1262 ideo
561 1234 663 1261 bonum
685 1243 751 1260 esse.
768 1233 840 1267 Quia

94 1290 158 1308 vero
172 1287 330 1318 argumenta
345 1282 401 1319 ejus
416 1280 504 1308 omnia
520 1279 622 1307 referre
644 1278 773 1317 longioris
797 1289 840 1307 es-

94 1334 133 1354 set
146 1335 248 1365 operae,
263 1326 296 1354 ad
313 1327 401 1354 locum
414 1326 502 1365 ipsum
516 1325 657 1354 mittimus.

134 1374 228 1401 Manes
250 1380 276 1400 et
297 1372 439 1400 Manichzei
454 1394 461 1408 ‚
479 1382 545 1410 quos
575 1372 671 1410 passim
696 1371 840 1399 insectatur

95 1419 314 1458 Clirysostomus‚
335 1418 472 1453 dicebant,
489 1425 517 1446 ut
540 1417 660 1446 Marcion
675 1424 700 1445 et
716 1417 840 1445 Valenti-

92 1475 153 1500 nus,
167 1465 304 1493 materiam
318 1471 381 1492 ante
395 1464 491 1492 mundi
511 1465 674 1492 creationem
692 1464 836 1492 exstitisse.

91 1511 150 1539 Non
174 1518 279 1550 poterat
304 1510 376 1539 enim
403 1512 477 1539 Deus
491 1533 499 1545 ‚
517 1510 675 1548 inquiebant
707 1509 839 1538 mundum

93 1567 182 1585 creare
195 1557 295 1594 absque
316 1556 436 1585 materia.
462 1557 568 1585 Bonum
583 1564 607 1584 et
634 1556 735 1584 malum
757 1555 839 1585 deum

76 1627 81 1632 .
93 1602 271 1631 admittebant
283 1615 288 1629 :
302 1603 403 1631 malum
413 1603 494 1631 deum
507 1603 603 1631 veteris
613 1602 780 1631 Testamenti
793 1613 839 1630 au-

44 1651 54 1657 *
76 1657 82 1663 '
97 1656 195 1677 ctorem
206 1660 261 1678 esse
269 1649 450 1682 affirmabant,
459 1649 559 1677 bonum
572 1656 661 1677 autem
674 1648 737 1676 novi
749 1648 840 1676 Testa·

94 1695 258 1723 mentiz³imo
266 1702 380 1724 veterem
389 1695 474 1734 legem
483 1695 631 1724 exdiabolo
641 1706 696 1724 esse
705 1695 838 1723 dicebant.

77 1765 82 1770 .
94 1740 107 1756 ¹³
116 1741 285 1769 Patriarchas
299 1749 387 1770 autem
402 1749 426 1770 et
441 1743 584 1781 propbetas
597 1742 655 1771 ideo
667 1742 838 1781 spernebant,

94 1787 170 1829 quod*
181 1787 208 1816 in
224 1788 305 1816 veteri
321 1788 379 1827 lege
397 1789 516 1817 fuissent.
537 1790 643 1817 eDeum
663 1799 724 1817 vero
738 1795 839 1816 creato-

95 1844 151 1862 rem
166 1844 221 1862 esse
235 1834 387 1873 negaban23
402 1834 414 1850 ²¹
426 1835 480 1863 imo
502 1842 623 1874 naturam
639 1835 715 1873 quasi
731 1845 783 1863 non
798 1835 838 1862 fa-

78 1890 82 1895 '
96 1888 165 1908 ctam
186 1881 370 1908 honorabant
383 1903 390 1915 ,
404 1881 544 1918 ἐτίμησαν.
570 1881 662 1919 Neque
676 1888 763 1909 tamen
785 1880 837 1909 sibi

78 1952 82 1956 .
96 1926 270 1961 constabant,
285 1926 307 1954 si
321 1925 355 1954 de
376 1926 430 1954 illis
445 1926 650 1965 intelligendum
666 1927 699 1954 sit
715 1926 742 1954 id
763 1926 838 1964 quod

95 1972 161 2000 dicit
183 1972 411 2011 Cbrysostomus,
433 1979 462 2000 ut
484 1973 592 2001 omnino
611 1973 759 2001 verisimile
779 1980 835 2001 est:

96 2031 110 2045 «
120 2018 268 2053 Quidam‚»
281 2019 380 2056 inquit,
397 2019 504 2047 «alium
518 2029 574 2047 esse
587 2018 680 2047 mundi
694 2025 838 2047 creatorem

96 2063 206 2100 dicunt,
220 2075 353 2104 operaque
367 2065 486 2094 visibilia
502 2076 553 2094 non
575 2067 632 2105 ejus
646 2076 718 2101 esse,
733 2065 780 2094 sed
795 2066 839 2094 al-

95 2111 176 2140 terius
199 2112 265 2147 Dei,
282 2111 334 2150 ipsi
349 2112 509 2141 contrarii.»
524 2111 587 2140 Ideo
602 2119 692 2140 autem
712 2111 839 2150 reproba-

98 2164 153 2186 tam
169 2157 250 2186 fuisse
270 2165 384 2185 veterem
400 2157 486 2196 legem
501 2157 627 2186 dicebant
637 2181 644 2193 ‚
659 2158 721 2196 quia
737 2168 751 2185 a
767 2157 838 2185 malo

96 2204 145 2232 deo
160 2204 244 2239 facta,
261 2203 330 2232 mala
344 2210 368 2232 et
392 2204 449 2243 ipsa
465 2211 537 2240 erat,
552 2211 631 2242 atque
652 2204 703 2232 hoc
723 2203 838 2243 apostoli

37 2277 43 2284 ,
80 2249 167 2281 ,dicto
180 2250 340 2278 utebantur:
356 2251 529 2289 Reprobatio
548 2251 664 2289 quidem
674 2251 717 2289 fit
730 2260 839 2289 praece-

79 2324 84 2328 ,
97 2297 192 2324 dentis
207 2297 341 2324 mandati
359 2303 475 2335 propter
485 2297 687 2335 infirmitatem
703 2303 729 2324 et
745 2298 838 2324 inuti-

98 2343 223 2370 litatem.
252 2342 320 2370 Ecce
340 2342 456 2378 Paulus,
478 2343 635 2380 inquiebant
658 2343 717 2376 illi,
736 2343 839 2371 malum

95 2387 161 2416 dicit
174 2387 341 2416 mandatum.
357 2388 432 2417 «Sed
441 2389 548 2418 attende
558 2389 718 2428 diligenter,
731 2401 745 2415 »
761 2399 840 2428 repo-

97 2435 135 2463 nit
144 2435 364 2474 Chrysostomus:
374 2447 388 2461 «
397 2445 449 2463 non
463 2435 613 2474 dicitquod
625 2436 660 2464 sit
674 2435 803 2464 vitiosum
816 2442 841 2464 et

95 2491 228 2520 pravum,
245 2481 291 2509 sed
307 2488 415 2521 propter
438 2481 622 2510 infirmitatem
637 2482 694 2521 ejus
709 2488 733 2511 et
755 2481 842 2510 inuii-

98 2527 234 2556 litatem.»

133 2574 265 2602 Naturam
277 2580 395 2602 nostram
408 2584 464 2602 esse
484 2574 583 2602 malam
598 2574 768 2604 affirmabant
780 2587 786 2602 ε
799 2582 842 2603 ta-

99 2629 211 2657 menque
226 2620 290 2658 quia
309 2630 361 2649 non
384 2627 467 2659 potest
494 2620 617 2660 impietas
633 2632 723 2650 secum
740 2633 844 2661 semper

1577 193 1644 227 223

895 263 1053 299 consentire,
1065 277 1080 291 «
1091 264 1118 292 in
1134 274 1210 292 canes
1221 271 1247 292 et
1261 263 1352 292 simias
1369 263 1492 303 ferasque
1503 265 1590 294 omnis
1603 276 1646 304 ge-

895 309 965 338 neris
979 309 1101 338 divinam
1123 312 1264 339 essentiam
1278 310 1452 345 inducebant,
1475 310 1593 340 dicentes
1607 312 1645 340 se-

896 367 986 384 rarum
1005 356 1126 385 omnium
1147 357 1249 385 animas
1261 367 1294 385 ex
1309 357 1402 385 diviua
1413 357 1525 386 essentia
1541 368 1598 386 esse
1610 369 1619 395 ;
1632 370 1645 384 »

897 402 934 430 ita
956 410 984 431 ut
996 403 1074 441 longe
1092 403 1238 432 nobiliores
1252 403 1347 432 auimae
1363 403 1479 432 ferarum
1492 411 1576 432 essent
1588 403 1646 432 ani-

900 448 995 477 mabus
1010 449 1160 478 hominum.
1175 450 1331 478 Creaturam
1345 460 1433 478 vero«
1450 450 1606 486 Manicbaei,
1621 457 1646 479 et
1656 459 1797 491 T,3.p.!472,

897 494 943 522 alii
962 494 1078 523 haeretici
1094 494 1205 533 quidam
1215 518 1222 531 ,
1237 495 1279 524 dei
1304 507 1355 524 non
1369 496 1434 524 boni
1449 507 1517 535 opus
1530 507 1585 525 esse
1599 496 1642 525 di·
1657 500 1678 514 Ε·

897 550 1014 571 xerunt:
1039 543 1151 581 quidam
1173 554 1253 571 unam
1276 545 1333 583 ejus
1357 551 1460 583 partem
1480 545 1604 573 avulsam
1629 555 1645 573 a

897 589 1014 624 ceteris,
1029 589 1169 629 αὐτομάτῳ
1181 590 1297 618 materiae
1319 591 1516 625 attribuerunt,
1534 602 1646 630 eamque

896 634 1035 671 indignam
1050 646 1105 663 esse
1119 636 1167 663 Dei
1180 636 1288 674 opificio
1297 636 1463 675 judicarunt.
1477 649 1490 664 »
1507 639 1582 667 Licet
1594 650 1646 667 au-

897 687 949 708 tem
964 681 1129 709 Manicliaeos
1150 692 1202 709 non
1219 682 1335 710 nominet
1349 683 1375 711 in
1392 683 1463 711 libro
1479 683 1513 712 de
1525 685 1645 723 Prophe-

897 727 995 755 tiarum
1013 727 1186 761 obscuritate,
1202 727 1263 756 illos
1278 736 1364 756 tamen
1381 729 1489 768 respicit
1508 740 1570 758 cum
1591 731 1645 759 im-

896 780 998 812 pugnat
1009 784 1052 801 eos
1063 773 1109 810 qui
1124 772 1246 802 dicebant
1264 785 1360 813 corpus
1379 785 1434 802 esse
1450 775 1551 804 malum
1567 788 1573 810 ;
1588 776 1646 804 illo·

896 829 1008 857 rumque
1023 829 1138 847 errorem
1152 819 1277 859 depellit,
1291 831 1343 859 quo
1363 821 1535 850 affirmabant
1547 823 1645 851 malam
1655 830 1796 859 T.7.p.587.

897 875 953 893 esse
968 872 1101 894 naturam.
1657 869 1677 882 ‘³'

939 912 1102 940 Manichacus
1117 912 1196 940 Persa
1211 912 1420 942 incarnationem
1436 914 1521 942 Verbi
1537 915 1586 943 Dei
1601 925 1645 944 ne·
1656 933 1675 954 T
1695 933 1748 964 3⁸9·
1760 941 1798 955 2²·

895 959 992 996 gabat,
1015 965 1083 987 utet
1108 960 1228 988 Marcion
1250 967 1275 988 et
1297 960 1471 994 Valentinus,
1485 961 1645 1000 dicebatque
1655 965 1678 985 b-

895 1005 1033 1033 Christum
1057 1005 1161 1033 nonnisi
1183 1006 1307 1041 δοκήσει,
1330 1006 1357 1034 id
1383 1014 1436 1042 est,
1457 1018 1504 1046 per
1528 1008 1644 1046 speciem

895 1052 1049 1083 advenisse,
1065 1052 1155 1090 sicque
1180 1052 1334 1081 Docitarum
1351 1053 1463 1082 haeresin
1484 1053 1640 1082 renovabat.

894 1097 1020 1136 Idemque
1042 1098 1224 1132 manichaeus,
1252 1099 1363 1138 perinde
1395 1107 1474 1138 atque
1504 1101 1793 1139 Marcion,T.7.p.5·=6.

894 1145 1031 1173 Christum
1047 1156 1099 1174 non
1116 1156 1171 1173 esse
1191 1153 1335 1175 creatorem
1347 1147 1526 1175 asseverabat.
1654 1142 1677 1162 ¹³·

934 1191 1096 1227 Manichaei,
1113 1192 1199 1229 inquit
1223 1192 1449 1231 Chrysostomus,
1471 1205 1548 1223 canes
1575 1195 1642 1224 muti
1653 1208 1792 1238 [4'9530.

893 1244 918 1266 et
933 1237 1021 1266 rabidi
1034 1237 1148 1276 speciem
1162 1238 1271 1276 quidem
1286 1250 1340 1278 prae
1352 1250 1379 1267 se
1393 1239 1481 1268 ferunt
1496 1240 1642 1273 modestice,
1652 1240 1675 1260 ¹³·

894 1284 966 1312 intus
977 1294 1040 1312 vero
1052 1294 1163 1322 gravem
1175 1295 1270 1312 canum
1283 1285 1412 1313 insaniam
1427 1286 1534 1321 fovent,
1546 1293 1572 1314 et
1583 1286 1642 1315 ovis
1654 1297 1689 1314 iss

893 1330 964 1369 pelle
980 1330 1074 1369 lupum
1090 1330 1240 1358 occultant:
1254 1341 1287 1359 ex
1299 1331 1351 1359 boc
1371 1331 1446 1366 loco,
1463 1334 1560 1361 Amen
1578 1334 1642 1361 dico
1655 1349 1796 1378 L1u-.23.[.3.

895 1378 958 1409 tihi,
972 1377 1058 1404 hodie
1077 1387 1185 1404 mecum
1202 1379 1258 1405 eris
1272 1379 1304 1405 in
1313 1379 1465 1416 paradiso,
1479 1379 1641 1415 inferebant,

894 1423 1096 1451 retributionem
1118 1422 1193 1450 illam
1209 1423 1306 1451 animae
1329 1423 1441 1452 latronis
1457 1424 1588 1463 integram
1608 1425 1645 1453 sa-

894 1476 963 1497 ctam
982 1469 1064 1497 fuisse
1083 1475 1108 1497 et
1127 1479 1274 1507 numquam
1299 1469 1353 1497 fore
1371 1480 1514 1509 corporum
1534 1481 1649 1498 resurre-

898 1515 1034 1544 ctionem:
1053 1525 1119 1552 quos
1139 1514 1244 1553 egregie
1260 1514 1357 1542 refellit
1375 1514 1446 1543 idem
1462 1516 1490 1545 S.
1503 1515 1606 1550 doctor,
1618 1523 1648 1544 ut

893 1561 1009 1599 quisque
1022 1560 1115 1590 videre
1128 1561 1219 1599 possit.
1235 1560 1367 1589 Dicebant
1383 1572 1489 1600 quoque
1501 1573 1548 1601 pcr
1560 1573 1646 1590 resur·
1682 1573 1709 1594 T,
1728 1580 1762 1595 io.
1775 1581 1798 1602 p.

894 1607 1036 1635 rectionem
1049 1607 1164 1645 intelligi
1184 1614 1296 1635 mortem
1310 1614 1335 1635 et
1351 1607 1538 1637 liberationem
1550 1619 1563 1636 a
1579 1619 1642 1648 pec·
1655 1605 1710 1627 365.
1731 1613 1750 1625 ⁰·

893 1660 970 1681 catis.

937 1698 1117 1727 Affirmabant
1129 1721 1136 1734 ,
1159 1698 1247 1736 inquit
1263 1699 1471 1739 Chrysostomus
1483 1723 1489 1735 ‚
1501 1700 1645 1729 Manichaei
1657 1714 1727 1744 T-N‘
1742 1714 1797 1736 321,

895 1745 1027 1773 malitiam
1042 1755 1097 1773 esse
1118 1744 1255 1780 ἀκίνητον,
1266 1745 1293 1773 id
1312 1752 1366 1781 est,
1380 1746 1519 1774 immotam
1535 1747 1578 1775 vel
1593 1747 1643 1775 im·
1657 1753 1677 1766 Π·

893 1791 1019 1819 mobilem
1032 1812 1040 1825 ‚
1056 1801 1142 1828 neque
1164 1801 1240 1829 posse
1258 1791 1378 1830 superari
1394 1798 1418 1819 et
1440 1792 1536 1827 avelli,
1551 1805 1564 1819 «
1576 1792 1641 1821 dia-

893 1837 949 1865 boli
963 1848 1017 1865 rem
1029 1844 1148 1875 agentes,
1162 1848 1176 1862 »
1188 1836 1223 1864 nit
1237 1836 1293 1871 ille,
1309 1844 1356 1865 «et
1371 1848 1474 1872 eorum,
1491 1838 1536 1876 qui
1551 1838 1647 1868 virtuti

898 1894 1006 1923 operam
1021 1883 1085 1911 dare
1104 1883 1218 1917 vellent,
1232 1893 1327 1910 manus
1341 1883 1515 1912 dissolventes
1525 1907 1532 1920 ‚
1543 1884 1646 1912 vitam-

893 1942 945 1969 que
961 1940 1068 1958 omnem
1088 1936 1244 1957 evertentes.
1256 1929 1325 1957 Nam
1339 1929 1385 1966 qui
1406 1929 1462 1957 haec
1483 1929 1645 1968 persuadere

893 1983 1039 2011 conantur,
1062 1986 1114 2004 non
1130 1975 1220 2003 futura
1245 1981 1348 2002 tantum
1377 1975 1569 2013 pessumdant,
1597 1975 1644 2004 sed

893 2022 1032 2062 praesentia
1054 2031 1162 2060 quoque
1180 2020 1313 2058 susdeque
1333 2027 1478 2050 vertunt.»
1495 2022 1553 2050 lmo
1573 2022 1644 2050 dice-

891 2070 958 2098 bant
981 2068 1081 2097 malum
1107 2078 1162 2095 csse
1184 2066 1339 2105 ἀγέννητον,
1356 2067 1515 2105 ingenitum.
1540 2068 1642 2104 Quanti
1654 2083 1714 2112 T.9.

891 2122 980 2143 autem
996 2114 1058 2142 hinc
1069 2123 1170 2141 errores
1186 2119 1358 2150 sequerentur
1382 2113 1478 2151 probat
1490 2114 1536 2142 ille
1553 2121 1578 2143 et
1597 2114 1643 2142 lu—
1655 2122 1694 2136 21·

893 2161 995 2198 cisugas
1015 2159 1136 2197 depellit.
1153 2158 1227 2186 Alibi
1245 2169 1351 2196 quoque
1367 2158 1422 2186 haec
1437 2159 1538 2198 profert
1550 2171 1556 2187 z
1570 2173 1584 2187 (ι
1593 2162 1643 2189 Per
1653 2173 1793 2203 T.to.p.'77.

891 2206 1018 2245 putidum
1041 2215 1070 2232 os
1093 2204 1307 2233 Manichaeorum
1337 2203 1462 2234 diabolus
1488 2216 1515 2234 se
1536 2206 1643 2245 ingeni·
1655 2205 1677 2225 ¹³-

893 2258 951 2279 tnm
977 2261 1032 2279 csse
1059 2250 1145 2278 dicit:
1167 2260 1245 2285 nam,
1267 2250 1355 2288 inquit
1377 2250 1438 2286 ille,
1460 2252 1642 2281 Manichfeum

893 2297 1020 2325 dicebant
1040 2295 1116 2335 apud
1139 2296 1255 2324 Paulum
1277 2295 1358 2324 deum
1385 2296 1467 2336 hujus
1486 2299 1577 2327 saeculi
1602 2301 1639 2327 si·

895 2343 1024 2382 gnificare
1039 2342 1190 2370 diabolum.
1206 2354 1219 2368 u

935 2389 1084 2418 Encratitas
1099 2399 1150 2416 una
1165 2399 1226 2419 cum
1248 2389 1430 2418 Marciomstis
1446 2397 1471 2419 et
1483 2392 1641 2421 Manicbaeis
1678 2403 1706 2424 T.
1725 2409 1758 2423 ιι,
1771 2410 1794 2431 p.

896 2442 1084 2464 commemorat
1099 2435 1316 2474 Clirysostomus.
1334 2436 1375 2463 De
1390 2436 1440 2464 bac
1451 2444 1540 2466 autem
1555 2438 1641 2466 haere-
1653 2434 1707 2456 ⁶¹0·
1719 2442 1740 2457 ³·

897 2483 917 2511 si
944 2481 1079 2510 rarissime
1095 2480 1177 2509 verba
1193 2480 1274 2517 facit3
1290 2487 1433 2519 tamenque
1457 2493 1505 2511 suo
1523 2490 1643 2523 tempore

898 2528 1042 2557 Encratitae
1060 2527 1149 2556 adhuc
1172 2527 1320 2555 Antiochiae
1335 2535 1427 2563 erant,
1440 2535 1504 2557 teste
1525 2530 1644 2569 Epipha-

899 2575 953 2603 nio.
969 2573 1122 2603 Encratitas
1137 2583 1190 2602 non
1210 2573 1293 2602 semel
1309 2582 1499 2603 commemorat
1521 2575 1643 2605 Clemens

904 2620 1116 2654 Alexandrinus,
1130 2619 1176 2658 qui
1201 2619 1272 2648 libro
1288 2620 1305 2647 7
1329 2620 1494 2649 Stromatum
1510 2621 1561 2658 ait,
1584 2623 1644 2652 illos

1726 2092 1795 2113 pum.
