1910 2907
0 773 57 794 lina-

595 199 685 223 Nt'uc
712 200 842 224 Prummu
869 189 1072 226 ΑοοιῑΝΑτΑἰ

73 259 162 288 literas
186 259 257 289 ctam
284 260 434 301 surripuit,
455 261 530 299 queis
554 268 641 292 totum
664 263 811 303 Theophili

71 307 241 345 propositum
263 306 458 338 declarabatur.
479 309 519 337 Ea
543 319 571 337 re
591 309 745 348 perterritus
761 309 813 338 lsi-

70 353 170 389 dorus,
186 354 258 383 illico
283 356 388 394 aufugit
414 357 617 386 Alexandriam.
642 357 812 396 Theophilus

70 407 158 428 autem
182 411 242 430 cum
267 403 515 442 Constantinopolin
533 403 659 438 venisset,
680 414 694 431 a
718 403 811 431 multis

70 447 259 483 accusabatur,
275 449 322 486 qui
338 449 443 477 libellos
455 449 528 477 varia
544 449 657 477 crimina
673 449 810 477 efferentes

71 492 220 532 episcopis,
235 494 280 532 qui
301 501 364 523 tunc
386 495 513 530 aderant,
534 495 690 523 offerebant.
710 496 811 524 Eutro—

69 537 130 576 pius
141 547 262 578 acceptos
277 540 384 569 libellos
398 541 550 580 Theophilo
564 541 698 576 ostendit,
712 541 811 580 eligere

68 593 128 611 eum
141 585 237 623 jubens
253 593 342 615 utrum
359 587 449 615 mallet
460 610 467 619 ,
480 588 644 616 Joannemne
669 587 807 624 ordinare,

67 639 100 657 an
118 629 152 658 de
175 631 332 660 criminibus
357 633 409 661 sibi
430 634 541 672 objectis
557 634 691 672 judicium
708 634 808 662 subire.

2 710 20 730 E
49 692 58 696 -
68 675 117 704 His
129 678 329 715 perterrefactus
341 679 509 718 Theophilus
524 681 654 709 Joannem
673 680 808 708 ordinavit

23 718 57 739 p·-

67 729 162 760 quarto
175 723 310 753 Kalendas
326 725 359 753 de
374 726 466 754 Martii
483 737 551 755 anno
567 726 636 765 598.

107 769 192 797 Verbi
212 769 299 798 divini
318 771 487 800 concionator
508 771 632 800 assiduus
647 771 808 811 Chrysosto-

67 820 137 848 mus,
150 815 231 854 paulo
247 824 306 855 post
321 828 401 855 quam
416 817 554 846 ordinatus
568 818 655 846 fuerat
667 818 806 846 homiliam

65 859 177 898 habuit,
193 864 320 902 quaejam
336 875 387 892 non
410 871 544 903 comparet
557 871 582 892 et
596 864 716 892 fortassis
736 864 806 903 inju-

65 906 105 934 ria
129 914 279 947 temporum
303 910 411 938 interiit.
432 910 484 938 Sed
499 912 557 950 ejus
571 916 761 948 argumentum
778 910 804 938 in

0 967 57 980 ¹«mes
65 953 165 990 altera,
184 965 264 992 quam
279 956 510 996 Constantinopoli
534 956 624 992 dixit,
640 956 722 995 paulo
746 963 806 996 post

0 1020 52 1050 ⁵4·-

65 998 172 1028 initium
195 1001 296 1030 retulit.
316 1014 330 1028 «
346 1003 374 1030 In
390 1002 477 1041 prima
497 1002 584 1037 enim,
599 1013 613 1028 υ)
629 1002 726 1039 inquit,
742 1015 755 1029 (ι
771 1002 806 1031 de

65 1046 148 1075 armis
167 1047 282 1075 Davidis
294 1054 319 1075 et
335 1047 457 1077 Goliathi
472 1047 546 1087 apud
562 1058 608 1076 vos
623 1047 803 1087 philosopha-

63 1092 175 1128 bamur,
187 1093 367 1130 ostendentes,
380 1094 451 1122 hunc
466 1093 575 1132 quidem
589 1094 730 1132 omnigena
743 1104 804 1132 gra—

62 1137 145 1176 vique
159 1146 294 1168 armatura
315 1140 435 1178 undique
449 1141 584 1169 munitum
595 1162 603 1175 ‚
620 1140 698 1169 illum
714 1147 803 1168 autem

63 1183 144 1212 armis
160 1184 277 1221 nudum,
291 1185 344 1214 side
361 1187 590 1223 munitissimum;
608 1186 680 1215 hunc
696 1187 802 1215 extrin—

63 1239 138 1257 secus
153 1230 287 1268 fulgidum
302 1231 409 1260 thorace
424 1239 448 1260 et
467 1240 556 1268 scuto,
571 1233 649 1260 illum
662 1233 735 1261 intus
750 1233 804 1272 spi·

62 1275 116 1303 ritu
133 1283 157 1304 et
168 1277 252 1314 gratia
266 1277 424 1311 radiantem,
439 1285 517 1317 atque
531 1279 600 1307 hanc
615 1279 649 1307 ob
665 1289 772 1308 causam
788 1290 803 1308 a

62 1331 144 1359 puero
157 1323 300 1351 certamine
313 1323 414 1352 victum
423 1325 560 1363 juvenem,
577 1335 592 1352 a
609 1324 681 1353 nudo
694 1336 803 1364 snpera-

60 1374 119 1396 tum
139 1375 289 1403 armatum,
303 1380 316 1397 a
335 1376 439 1408 pastore
461 1377 625 1408 prostratum
648 1371 772 1407 militem,
787 1383 802 1401 a

61 1415 201 1452 pastoralis
226 1414 322 1454 lapidis
347 1423 442 1444 natura
466 1416 555 1444 bellici
584 1417 643 1445 aeris
677 1425 800 1447 naturam

61 1460 202 1489 contritam
222 1467 247 1489 et
265 1460 460 1490 labefactatam.
477 1474 491 1488 ν)
507 1462 578 1496 Quia
596 1473 658 1491 vero
673 1464 804 1492 Constan-

29 1532 33 1535 .
60 1505 192 1545 tinopoli,
217 1507 328 1546 perinde
353 1515 432 1546 atque
456 1508 604 1537 Antiochiae
633 1510 712 1538 multi
740 1517 802 1540 tunc

16 1559 136 1585 ¹31t‘rant
151 1553 283 1590 Anomoei,
299 1565 325 1582 se
340 1554 400 1583 illos
418 1565 606 1593 aggressurum
621 1566 677 1584 esse
693 1557 802 1595 pollici-

0 1751 48 1779 3⁴0.

62 1604 104 1626 tus
118 1605 157 1626 est
171 1599 197 1627 in
214 1600 298 1638 prima
312 1600 357 1628 illa
369 1623 375 1634 ‚
388 1611 448 1638 quae
462 1601 579 1638 interiit,
591 1602 731 1637 concione,
749 1614 800 1632 non

62 1644 218 1679 ratiociniis,
235 1645 278 1674 sed
295 1656 328 1674 ex
342 1647 542 1685 Scripturarum
556 1648 723 1682 auctoritate,
741 1660 800 1686 quae

61 1689 112 1717 tela
128 1690 271 1719 ratiociniis
282 1691 361 1730 longe
374 1692 506 1721 validiora
520 1700 590 1722 sunt.

100 1737 196 1764 Paucis
211 1747 273 1765 vero
285 1745 376 1776 postea
390 1738 485 1767 diebus
498 1761 506 1773 ,
525 1746 555 1767 ut
572 1739 708 1778 pollicitus
722 1747 779 1769 erat
790 1763 798 1777 ,

60 1781 200 1811 homiliam
223 1791 313 1812 contra
338 1787 479 1813 Anomoeos
502 1785 597 1814 habuit
608 1808 616 1823 ,
634 1797 693 1824 quae
708 1787 798 1815 conti-

60 1836 152 1857 nenter
164 1836 189 1857 et
206 1831 281 1858 nulla
296 1830 450 1869 interposita
463 1853 470 1867 ,
485 1831 599 1860 secunda
619 1832 680 1861 fuit.
704 1833 735 1860 In
751 1832 798 1861 itta

60 1875 146 1914 primo
169 1875 250 1910 dicit,
268 1887 296 1904 se
307 1899 315 1913 ‚
336 1877 394 1915 jam
408 1877 488 1905 semel
504 1878 690 1906 concionatum
702 1901 709 1913 ,
724 1888 800 1906 amo—-

59 1931 116 1949 rem
139 1932 201 1960 erga
225 1923 533 1961 constantinopolitanos
554 1924 720 1952 Christianos
739 1932 800 1952 tan-

61 1973 116 1994 tum
129 1968 280 2007 concepisse
293 1991 301 2005 ‚
318 1976 448 2007 quantum
472 1969 494 1998 si
518 1980 579 1998 cum
594 1970 647 1998 illis
667 1971 700 1998 ab
722 1970 799 1999 initio

60 2012 151 2041 fuisset
167 2013 313 2050 educatus;
328 2015 410 2053 idque
424 2015 551 2053 quoniam
566 2016 592 2044 in
608 2016 662 2044 illis
677 2016 800 2045 adverte-

60 2065 100 2086 rat
113 2058 220 2097 igneum
235 2060 320 2088 zelum
330 2083 337 2095 ‚
350 2061 486 2089 caritatem
498 2062 599 2100 absque
611 2062 780 2092 simulatione
791 2087 799 2100 ,

59 2103 270 2134 benevolentiam
298 2106 325 2135 in
348 2114 523 2146 praeceptores
535 2131 541 2143 ,
562 2109 733 2137 concordiam
762 2110 800 2138 in-

61 2156 101 2178 ter
113 2161 156 2179 se:
173 2164 186 2178 «
195 2152 261 2187 Quae
276 2164 338 2182 sane
350 2154 450 2189 omnia,
465 2167 479 2180 n
491 2156 577 2194 pergit
589 2155 644 2189 itte,
662 2168 676 2182 (ι
687 2156 751 2185 satis
763 2167 800 2184 es-

61 2204 119 2225 sent
130 2204 158 2225 ut
169 2198 211 2226 vel
220 2199 357 2238 lapideum
367 2200 487 2228 animum
499 2201 574 2230 vohis
583 2202 774 2230 conciliarent?
783 2215 797 2229 n

60 2243 166 2272 Deinde
191 2244 496 2285 Constantinopolitanos
531 2258 591 2275 cum
625 2247 799 2276 Antiochenis

60 2298 218 2327 comparans
232 2289 268 2317 ita
282 2291 451 2329 prosequitur
464 2302 470 2320 :
484 2305 498 2319 «
514 2293 657 2332 Propterea
671 2303 722 2321 non
744 2293 798 2321 mi-

59 2345 111 2362 nus
128 2345 174 2363 vos
189 2345 309 2363 amamus
321 2359 329 2370 ,
345 2347 425 2374 quam
446 2338 594 2366 Ecclesiam
615 2338 689 2366 illam
705 2338 730 2366 in
746 2349 798 2376 qua

59 2380 114 2408 nati
126 2402 133 2415 ,
149 2380 252 2408 educati
265 2388 290 2409 et
305 2382 406 2410 eruditi
425 2394 526 2413 sumus.
542 2384 625 2413 Soror
638 2385 709 2412 enim
725 2384 799 2413 illius

58 2425 116 2454 haec
130 2433 186 2459 est,
202 2436 303 2464 vosque
317 2429 500 2466 cognationem
516 2430 590 2458 illam
615 2441 693 2469 opere
711 2430 798 2458 decla-

59 2472 147 2500 rastis.
165 2472 297 2506 Quamvis
312 2481 400 2503 autem
414 2475 459 2504 illa
474 2483 593 2515 tempore
605 2477 639 2505 sit
651 2477 797 2515 antiquior,

60 2518 118 2547 haec
132 2525 219 2546 tamen
235 2518 290 2547 fide
303 2519 448 2549 ferventior
463 2529 500 2550 est
513 2537 520 2558 -,
533 2529 558 2550 et
569 2522 625 2551 illic
640 2523 724 2562 major
739 2534 796 2552 con-

61 2571 155 2592 ventus
169 2571 226 2601 est,
243 2571 268 2593 et
283 2565 414 2595 celebrius
428 2567 578 2605 theatrum,
594 2569 641 2598 sed
655 2569 699 2598 hic
714 2570 799 2608 major

60 2610 184 2649 patientia
201 2611 364 2651 majorisque
384 2612 551 2643 fortitudinis
571 2614 712 2645 indicium.
730 2616 798 2645 Nam

1544 194 1608 229 153

866 264 946 293 video
959 265 1004 295 hic
1016 265 1136 305 undiquc
1149 265 1227 304 lupos
1241 264 1424 295 obambulare.
1444 279 1458 294 η
1474 267 1545 307 Lupi
1562 279 1608 297 au·

866 316 918 338 tem
934 311 974 339 illi
987 319 1061 340 erant
1081 311 1201 340 Anomoei
1217 319 1243 340 et
1259 313 1411 342 vetustioris
1425 313 1537 352 originis
1552 314 1606 343 lize-

865 357 959 394 retici,
976 365 1005 386 ut
1016 358 1213 393 Marcionistae,
1231 359 1373 388 Manichaei
1395 366 1420 388 et
1439 359 1608 389 Valentinia-

866 402 911 437 ni,
935 404 1034 441 quibus
1049 412 1207 433 annumerat
1228 406 1308 433 etiam
1325 405 1481 435 judaeorum
1500 414 1583 435 coetus
1599 420 1604 435 :

867 458 951 486 neque
979 449 1093 479 dubium
1115 459 1153 480 est
1179 450 1220 480 his
1247 452 1326 480 etiam
1353 452 1528 481 accensendos
1552 463 1608 481 esse

864 495 975 532 gentiles
1001 503 1026 524 et
1051 497 1222 534 idololatras,
1239 498 1285 536 qui
1313 508 1364 526 non
1390 509 1472 537 parvo
1495 509 1606 528 numero

865 540 1095 581 Constantinopoli
1117 543 1207 571 adhuc
1230 551 1312 572 erant.
1328 544 1421 572 Postea
1444 555 1508 573 vero
1532 547 1606 573 Ano-

864 596 945 615 moeos
967 588 1071 616 fortiter
1086 589 1260 627 aggreditur,
1278 590 1373 629 probat
1397 590 1535 618 Christum
1559 591 1608 619 Fi-

862 632 930 660 lium
951 634 1000 662 Dei
1022 635 1110 663 Deum
1127 646 1199 671 esse,
1218 636 1304 663 Patris
1318 635 1517 671 consiliarium,
1532 637 1606 665 Patri

862 679 1009 716 aequalem;
1033 680 1150 709 affirmat
1180 692 1286 719 quoque
1312 688 1403 709 contra
1439 682 1605 711 Manict1aeos

862 725 948 753 Vetus
983 726 1185 755 Testamentum
1224 737 1284 755 cum
1322 728 1398 755 Novo
1434 737 1579 756 consonare
1596 751 1604 764 ,

862 769 1018 809 clauditque
1043 772 1140 800 docens
1166 779 1281 810 quantus
1301 772 1404 801 fructus
1430 783 1465 802 ex
1484 773 1604 802 collectis

862 817 1011 854 proveniat.
1032 819 1092 846 Duo
1112 818 1291 857 Manuscripti
1315 818 1393 847 titulo
1408 819 1513 847 addunt
1536 819 1606 848 hanc

863 862 1018 892 concionem
1038 863 1160 892 habitam
1182 864 1263 893 fuisse
1280 865 1306 893 in
1322 876 1390 893 nova
1413 865 1533 894 ecclesia.
1548 867 1606 897 Ve-

860 918 920 936 rum
934 919 991 937 rem
1007 916 1107 937 certam
1121 920 1174 938 non
1188 920 1243 938 esse
1258 910 1284 938 in
1300 911 1404 940 Monito
1418 911 1557 950 probatur.

901 955 995 983 Paucis
1008 955 1058 984 sub
1072 955 1130 984 haec
1144 955 1240 985 diebus
1252 958 1406 986 concionem
1419 958 1529 987 alteram
1541 969 1603 987 con·
1614 968 1754 1000 T.1.p.547.

859 1005 900 1028 tra
911 1001 1054 1029 Anomoeos
1070 1001 1164 1030 habuit
1175 1024 1184 1036 ,
1197 1002 1273 1041 cujus
1286 1003 1382 1031 titulus
1393 1010 1449 1031 est:
1462 1006 1499 1032 In
1511 1006 1604 1034 Para-

859 1046 997 1082 lyffcum,
1010 1049 1060 1086 qui
1075 1058 1169 1076 annos
1182 1051 1304 1086 triginta
1313 1055 1375 1078 octo
1387 1050 1562 1079 decubuerat
1572 1053 1603 1078 in

859 1092 1030 1130 infirmitate
1041 1104 1095 1122 sua
1106 1106 1117 1127 ;
1133 1101 1157 1122 et
1173 1094 1199 1122 in
1212 1095 1281 1123 illud
1294 1118 1301 1130 ,
1316 1097 1409 1124 Pater
1423 1107 1501 1125 meus
1515 1107 1604 1134 usqne

858 1139 942 1167 modo
958 1146 1112 1178 operatur,
1128 1147 1155 1168 et
1175 1151 1226 1179 ego
1244 1151 1366 1180 operor:
1381 1142 1427 1170 ubi
1445 1143 1533 1171 statim
1549 1144 1604 1172 Deo

856 1184 991 1214 benedicit
1021 1186 1095 1224 quod
1127 1194 1272 1216 conventus
1299 1188 1420 1226 quotidie
1449 1196 1601 1224 accrescat,

859 1237 884 1258 et
904 1230 1028 1260 divinum
1055 1242 1143 1260 semen
1166 1233 1272 1272 copiose
1297 1235 1436 1271 germinet.
1458 1236 1604 1273 Postquam

858 1283 947 1305 antem
962 1277 995 1305 de
1014 1278 1164 1317 paralytico
1179 1279 1265 1307 multa
1282 1279 1387 1308 dixerat
1400 1303 1407 1315 ,
1422 1287 1514 1309 contra
1529 1282 1603 1310 Ano-

860 1333 942 1351 moeos
958 1323 1059 1363 stylum
1075 1325 1208 1353 convertit
1222 1347 1229 1361 ,
1244 1326 1393 1364 probatque
1403 1326 1504 1355 Filium
1518 1334 1542 1356 et
1556 1338 1605 1356 ve-

858 1378 886 1396 re
899 1369 987 1397 Deum
1004 1376 1029 1397 et
1045 1370 1117 1398 Patri
1132 1371 1261 1408 aequalem
1279 1382 1342 1400 esse.

897 1415 1012 1443 Joannes
1037 1414 1063 1443 in
1085 1422 1158 1443 tanto
1172 1415 1311 1454 dignitatis
1330 1424 1437 1445 evectus
1457 1418 1593 1453 culmine,

857 1459 1020 1498 praecipuam
1035 1471 1127 1489 curam
1145 1461 1239 1490 habuit
1249 1485 1257 1496 ‚
1272 1469 1301 1490 ut
1315 1463 1366 1491 sibi
1386 1464 1520 1492 commissi
1532 1475 1596 1503 gre-

857 1505 897 1543 gis
920 1505 994 1534 vitiis
1020 1506 1185 1543 mederetur,
1210 1515 1326 1536 errantes
1346 1508 1380 1536 ad
1401 1516 1500 1537 rectam
1522 1510 1595 1538 viam

856 1552 1009 1589 reduceret,
1035 1554 1160 1592 pietatem
1181 1562 1309 1584 sectantes
1330 1556 1440 1585 foveret.
1463 1569 1476 1583 «
1498 1558 1600 1586 Rerum

855 1644 1009 1673 tionabilem
1032 1646 1150 1674 fistulam
1166 1658 1227 1675 oves
1246 1648 1360 1686 probare
1381 1659 1503 1680 exorsus.
1529 1652 1600 1679 Raro

855 1697 943 1719 autem
957 1691 1089 1720 adhibens
1105 1693 1183 1721 etiam
1199 1694 1300 1732 pedum
1315 1693 1506 1733 increpationis
1520 1719 1526 1730 ,
1541 1707 1600 1724 ser-

856 1747 1015 1776 monemque
1036 1737 1131 1777 dirigit
1156 1739 1284 1768 adversus
1307 1741 1465 1769 ementitum
1487 1742 1601 1770 fratrum

854 1794 1029 1822 sororumque
1040 1784 1208 1820 convictum,
1222 1796 1313 1814 revera
1327 1793 1415 1814 autem
1429 1794 1536 1826 turpem
1548 1788 1603 1816 im-

853 1830 1022 1869 probumque
1034 1854 1040 1865 ‚
1059 1830 1092 1859 de
1106 1831 1316 1860 subintroductis
1330 1854 1337 1867 ,
1360 1834 1536 1861 συνεισάκτων
1549 1855 1556 1867 ,
1572 1841 1601 1862 nt

854 1883 969 1912 vocant,
985 1887 1066 1915 agens
1077 1900 1084 1913 ‚
1100 1876 1295 1915 ostendensque
1309 1878 1330 1905 si
1344 1878 1478 1906 malorum
1490 1879 1600 1907 daretur

854 1923 928 1962 optio
941 1946 947 1956 ,
964 1923 1088 1951 meliores
1111 1923 1167 1951 istis
1194 1923 1300 1951 lenones
1324 1934 1389 1952 esse.
1418 1924 1461 1951 llli
1486 1934 1601 1962 namque

855 1969 947 2008 procul
962 1980 976 1997 a
994 1969 1103 1997 medicis
1118 1968 1269 1997 habitantes
1284 1968 1356 2008 apud
1372 1980 1399 1997 se
1413 1969 1538 1998 morbum
1554 1970 1600 1999 ha-

854 2016 932 2051 bent,
943 2015 988 2044 sed
1005 2015 1157 2045 volentibus
1173 2027 1178 2042 :
1192 2014 1220 2042 hi
1236 2021 1324 2043 autem
1340 2015 1366 2043 in
1383 2015 1476 2044 salutis
1491 2017 1598 2046 officina

853 2062 1021 2097 habitantes,
1038 2061 1118 2090 etiam
1141 2070 1218 2089 sanos
1242 2060 1385 2099 impellunt
1407 2061 1442 2089 ad
1459 2063 1594 2091 morbum.

854 2108 919 2136 Inde
934 2118 996 2146 pars
1008 2106 1078 2135 Cleri
1090 2106 1200 2134 minime
1211 2106 1335 2144 religiosa
1348 2129 1356 2143 ,
1371 2117 1430 2145 quae
1446 2108 1539 2136 morbo
1551 2109 1597 2137 illo

857 2153 998 2182 tenebatur
1010 2175 1017 2189 ‚
1033 2159 1163 2181 commota
1179 2159 1225 2180 est.
1239 2165 1252 2178 u
1266 2154 1331 2187 Quae
1346 2160 1373 2181 nt
1389 2154 1488 2182 clarius
1504 2155 1595 2194 perci-

853 2201 961 2240 piantur
974 2223 980 2235 ,
1011 2200 1105 2239 paucis
1133 2200 1292 2239 explicanda
1317 2207 1386 2231 sunt.
1419 2201 1502 2230 Erant
1531 2209 1595 2232 tunc

854 2246 1083 2285 Constantinopoli
1099 2246 1193 2285 puellae
1208 2246 1367 2275 Christianae
1380 2270 1388 2283 ,
1403 2259 1462 2286 quae
1478 2250 1594 2288 virgini-

854 2300 934 2321 tatem
948 2293 1156 2332 profitebantur:
1169 2293 1215 2320 has
1227 2292 1337 2321 domum
1350 2293 1513 2323 inducebant
1524 2295 1575 2324 viri
1586 2319 1594 2331 ,

854 2340 939 2377 specie
954 2338 1061 2376 quidem
1077 2345 1106 2367 ut
1121 2349 1168 2367 cen
1183 2339 1277 2367 fratres
1290 2349 1349 2368 cum
1366 2340 1504 2370 sororibus
1523 2349 1594 2370 caste

852 2385 988 2420 viverent,
1004 2384 1048 2413 sed
1063 2395 1096 2414 ex
1111 2385 1159 2413 tali
1173 2386 1304 2413 consortio
1315 2392 1340 2413 et
1356 2386 1480 2415 societate
1493 2395 1594 2425 quanta

852 2438 1010 2470 paret-entur
1025 2431 1094 2460 mala
1120 2431 1190 2460 haud
1207 2431 1320 2460 difficile
1340 2439 1378 2460 est
1401 2434 1536 2471 angurari.
1553 2435 1594 2463 Act

852 2478 909 2506 haec
924 2488 986 2506 vero
1001 2478 1119 2515 virgines
1131 2478 1182 2506 illae
1197 2478 1282 2506 cultui
1299 2478 1417 2517 corporis
1433 2485 1459 2506 et
1477 2480 1592 2508 vestium

852 2523 997 2553 admodum
1023 2524 1180 2560 studebant,
1211 2535 1270 2563 quae
1298 2525 1375 2564 signo
1402 2533 1477 2554 erant
1504 2526 1594 2555 omnia

852 2571 920 2599 hanc
935 2571 1054 2600 virorum
1066 2578 1092 2600 et
1103 2571 1241 2610 virginum
1260 2571 1411 2600 societatem
1424 2578 1522 2610 pestem
1538 2582 1593 2600 csse

853 2617 999 2646 exitialem.
1013 2616 1149 2647 Adversus
1160 2616 1317 2656 hujusmodi
1331 2618 1481 2646 societatem
1495 2618 1593 2647 acerri-

960 2726 976 2738 v

1667 1573 1753 1595 Pallad-

856 1608 947 1626 curam
968 1599 1151 1637 aggreditur»
1166 1623 1174 1637 ,
1190 1602 1277 1639 inquit
1292 1602 1430 1631 Palladius
1442 1625 1449 1639 ,
1463 1616 1476 1630 «
1491 1615 1539 1643 per
1554 1615 1599 1632 ra-
1613 1603 1685 1632 t‘·45·
