1884 2922
220 225 289 268 254

218 297 386 331 voluntates,
411 305 443 324 nc
468 295 561 334 perdat
587 302 707 323 nostrum
740 295 854 323 liberum
881 294 957 322 arbi-

219 340 315 369 trium.
328 347 387 369 XII.
414 344 479 368 177.
493 349 520 366 n.
540 340 560 366 A
578 341 635 366 Deo
647 338 854 376 proficiscuntur
869 338 957 366 omnia

220 385 288 412 bona
305 394 310 410 z
324 394 355 412 ex
371 393 398 411 se
409 383 489 410 homo
507 382 575 410 nihil
593 382 689 417 habet,
706 392 737 410 ne
754 381 834 410 fidem
850 381 958 419 quidem

222 439 307 458 suam,
322 435 368 455 Ix.
380 431 444 454 261.
455 437 482 453 n.

262 474 333 499 Deus
355 471 411 508 ipse
429 480 474 508 per
489 469 679 507 prophetarum
695 468 813 507 linguam
825 469 954 506 loquitur.

223 522 266 542 IV.
286 519 331 542 21.
347 525 371 542 Β.
390 524 415 541 (1.
437 518 496 541 137.
512 524 535 540 c.
552 511 693 541 Interdum
713 513 801 541 sutum
821 523 869 552 per
888 512 956 540 indi-

221 568 286 593 gnos
302 556 430 595 przedicit.
452 563 496 584 IV.
517 560 576 584 221.
604 566 627 583 c..
652 557 701 583 Pcr
722 556 810 584 literas
824 557 879 594 agit
896 566 956 584 cum

223 600 388 628 hominibus.
413 607 458 628 IV.
481 604 546 628 719.
574 610 599 627 E.
627 599 677 627 Dei
699 600 883 638 praedictiones
909 611 957 628 ne-

220 651 320 681 queunt
344 643 482 682 impediri.
509 650 553 672 IV.
580 648 644 672 680.
668 655 696 671 D.
729 647 800 672 Deus
824 644 958 682 quomodo

221 687 370 715 doctrinam
392 698 466 715 suam
487 687 711 717 disseminaverit.
729 695 761 717 V.
779 694 824 717 18.
848 700 877 717 n.
891 690 959 717 Con-

221 738 260 759 tra
281 731 330 759 Dei
355 731 426 760 dicta
445 742 495 760 non
524 732 747 760 ratiocinandum.
766 740 786 761 1.
808 737 870 761 556.
886 744 911 762 Ε.
930 744 956 762 A.

221 777 294 803 Deus
308 775 509 814 prophetiarum
524 782 617 803 auctor
640 776 752 814 primus.
771 783 814 805 VI.
835 782 863 805 4.
879 787 904 806 c.
928 787 957 806 D.

220 819 359 858 Sapientes
375 825 398 847 et
408 819 489 847 fortes
503 819 645 858 prophetas
657 820 800 850 efficiebat.
814 828 858 850 VI.
869 826 960 850 lo.D.E.

220 862 271 890 Dei
285 862 369 900 gratia
389 863 416 890 in
434 862 512 891 labiis
523 863 613 891 David
628 863 768 892 residebat.
785 871 830 892 IV.
853 869 915 893 880.
931 876 956 892 B.

221 910 294 935 Deus
318 908 464 946 prophetiae
487 908 621 946 quomodo
649 909 731 937 fidem
764 910 882 940 adderet.
913 917 958 938 IV.

222 956 268 979 85.
282 962 308 980 A.
322 955 367 979 86.
381 952 480 980 Doctor
492 959 578 980 noster
590 953 646 991 ipse
658 959 704 982 est.
721 960 765 982 XI.
779 957 842 982 821.
857 964 886 983 n.
900 954 960 982 Non

222 994 380 1032 loquebatur
395 1005 442 1033 per
457 995 546 1023 literas
560 997 617 1024 Noe
630 1003 654 1024 et
677 997 829 1025 Abrahamo
844 1004 868 1025 et
879 1007 960 1036 nepo-

222 1037 294 1066 tibus
318 1038 383 1076 ejus,
398 1045 448 1066 etc.
462 1046 519 1067 VII.
539 1043 565 1067 2.
587 1050 612 1068 A.
630 1041 727 1068 Auctor
749 1040 811 1068 novi
826 1047 851 1068 et
866 1041 962 1069 veteris

222 1084 381 1112 testamenti.
394 1091 438 1114 III.
458 1089 522 1113 278.
538 1095 564 1115 e.
580 1096 608 1113 n.
627 1092 660 1113 V.
677 1090 742 1114 234.
756 1097 781 1113 Α.

262 1127 313 1155 Dei
331 1128 460 1166 promissa
484 1135 565 1157 certa.
581 1136 613 1156 II.
630 1133 694 1157 831.
712 1132 800 1158 Deum
815 1129 959 1165 glorificat,

223 1170 268 1208 qui
288 1171 344 1208 ejus
361 1171 489 1210 promissa
514 1181 565 1200 non
586 1172 717 1210 explorat.
741 1179 761 1200 1.
783 1177 848 1201 561.
869 1183 895 1200 c.
912 1173 962 1201 Dei

224 1214 364 1252 promissio
389 1214 442 1242 fide
459 1214 576 1253 dignior,
589 1226 669 1253 quam
683 1215 739 1253 ipsa
754 1226 841 1243 rerum
858 1226 964 1254 posscs-

223 1257 273 1286 sio.
288 1264 332 1285 IV.
346 1262 409 1286 615.
425 1258 476 1286 Dei
488 1258 620 1296 promissa
635 1258 789 1297 implentur.
806 1265 839 1286 V.
855 1263 919 1288 437.
935 1270 961 1288 E.

224 1308 272 1331 XI.
290 1305 334 1329 13.
359 1312 385 1329 A.
404 1312 468 1339 sqq.
490 1305 563 1330 Deus
585 1312 695 1339 regnum
720 1302 861 1340 pollicetur
874 1310 897 1332 et
912 1304 964 1332 de·

223 1343 354 1382 spicitur;
369 1344 515 1382 gehennam
531 1345 656 1373 conciliat
670 1345 836 1380 diabolus,et
851 1346 964 1375 honora-

225 1394 277 1415 tur.
300 1394 333 1416 V.
350 1392 394 1415 91.
412 1399 438 1414 13.
455 1395 499 1416 Ix.
514 1393 560 1416 61.
577 1399 603 1416 c,
620 1391 694 1417 Deus
716 1399 767 1417 non
791 1389 881 1418 statim
900 1402 966 1429 pro-

224 1430 304 1459 missa
321 1430 439 1459 exhibet.
460 1439 518 1460 XII.
538 1436 601 1460 158.
619 1443 644 1461 1³.

266 1476 350 1502 Deum
367 1481 475 1512 propter
488 1475 555 1503 mori
568 1485 662 1513 magna
678 1477 903 1508 remuneratiO.V.
917 1483 961 1507 91.

224 1529 247 1545 Β.
264 1519 321 1545 Deo
336 1517 514 1545 comminante
539 1528 590 1546 non
618 1519 828 1558 desperandum;
854 1522 965 1560 promit-

224 1566 294 1588 tente
311 1569 362 1587 non
380 1559 593 1598 torpescendum.
610 1569 641 1590 V.
658 1567 722 1592 437.
742 1575 769 1592 n.
786 1567 859 1593 Deus
874 1564 900 1592 in
916 1575 967 1593 cae-

224 1603 250 1631 lo
261 1602 402 1641 splendore
417 1614 465 1631 suo
481 1603 588 1642 angelos
599 1612 625 1633 et
639 1612 743 1634 sanctos
758 1607 925 1637 condecorat.
942 1616 961 1637 I.

225 1650 290 1674 605.
307 1656 333 1674 ε.

264 1691 337 1716 Deus
351 1689 431 1717 homo
443 1690 528 1718 faetus
541 1697 578 1718 est
591 1714 598 1728 ,-
615 1698 640 1720 et
655 1691 735 1721 homo
750 1695 831 1722 Deus.
850 1699 953 1725 V.93.c

264 1736 336 1763 Deus
351 1734 396 1772 qui
411 1745 424 1762 a
440 1735 527 1774 seipso
541 1736 623 1766 vitam
638 1736 796 1773 habet‚vitae
810 1746 901 1768 auctor
914 1748 962 1769 est.

228 1785 274 1808 Ix.
294 1783 338 1807 84.
356 1791 380 1808 Β.

266 1825 339 1850 Deus
363 1823 470 1861 ignotus
484 1823 685 1852 Atheniensium
708 1825 777 1863 quis.
797 1833 842 1855 Ix.
858 1832 920 1856 323.
938 1839 965 1856 r..

265 1865 315 1893 Dei
329 1876 424 1898 eausa,
450 1876 501 1894 non
516 1874 625 1905 propter
640 1868 714 1906 regni
729 1870 963 1908 exspectationem,

227 1916 330 1947 oportet
344 1920 390 1937 nos
405 1910 492 1938 omnia
508 1911 574 1949 pati.
590 1918 620 1939 V.
639 1916 684 1940 91.
700 1923 723 1940 Β,
736 1913 785 1941 Dei
799 1924 878 1942 causa
894 1915 966 1954 rapi-

226 1963 287 1981 nam
297 1953 365 1981 ferre
375 1954 459 1992 majus
469 1961 506 1982 est
518 1955 676 1992 quambene
686 1955 781 1985 facere.
796 1964 841 1987 XI.
858 1962 920 1986 578.
936 1969 962 1986 Ε.

266 1999 339 2024 Deus
355 2007 402 2024 cur
417 1997 575 2036 permiserit,
591 2004 620 2025 ut
639 1998 685 2035 qui
703 1999 812 2028 Petrum
834 2001 965 2030 eustodie-

225 2041 298 2074 hant,
308 2040 333 2068 in
347 2050 449 2068 carcere
459 2040 651 2069 occiderentur.
668 2049 713 2070 XI.
723 2048 758 2071 70
773 2054 797 2071 c.
808 2055 834 2073 n.
844 2044 898 2072 Cur
906 2056 965 2083 per<

227 2084 355 2112 missurus
379 2084 411 2112 sit
431 2084 626 2112 Antichristum
647 2086 746 2114 venire.
763 2095 807 2116 XI.
818 2092 880 2116 611.
896 2100 921 2118 E.
937 2100 963 2117 f.

228 2129 283 2155 Cur
315 2128 466 2166 permiserit
503 2136 606 2157 sanctos
636 2130 719 2158 multa
754 2130 885 2169 ignorare.
918 2140 962 2161 XI.

230 2176 292 2199 52⁶2.
310 2182 336 2200 E.

265 2217 305 2241 Dc
329 2217 386 2242 Deo
404 2221 428 2242 et
448 2214 481 2242 dc
503 2216 602 2243 mundo
629 2217 764 2245 sententiae
786 2218 875 2246 varim.
892 2226 962 2248 VIII.

225 2262 270 2286 57.
288 2268 312 2285 Β.

263 2302 347 2329 Deum
363 2301 396 2329 ad
421 2301 548 2330 ultionem
578 2303 702 2332 invocare
718 2315 798 2342 quam
820 2306 962 2346 indignum

224 2344 384 2373 Christiano.
406 2352 450 2374 IV.
469 2351 534 2374 876.
552 2349 645 2375 mom
673 2348 752 2377 illatae
776 2350 881 2388 injuriae
903 2352 964 2380 vin-

224 2386 362 2421 dicandae,
381 2387 456 2415 nobis
471 2395 559 2416 autem
576 2389 656 2417 Iltatae
671 2390 793 2419 ferendae.
812 2400 854 2422 VI.
871 2399 914 2424 49.
934 2408 959 2425 Α.

263 2433 335 2458 Deus
350 2431 439 2469 gioriae
462 2442 516 2459 sum
532 2440 659 2470 quantam
682 2445 772 2464 curam
789 2437 893 2468 habeat.
912 2447 957 2468 IX.

225 2478 288 2503 682.
299 2473 384 2501 Α.Ὀοί
402 2485 495 2502 nomen
512 2486 593 2513 quam
605 2478 795 2507 venerandum.
811 2488 856 2509 lx.
871 2486 915 2510 90.
930 2493 957 2510 D.

266 2518 500 2546 D‹·1'e.rsistentia
521 2522 670 2557 probatur.
695 2529 726 2552 V.
751 2528 816 2552 675.
842 2536 866 2553 B.
882 2526 960 2555 Deus

225 2570 282 2586 uon
294 2560 356 2587 loco
368 2563 619 2592 circumscribitur.
637 2572 668 2593 II.
682 2570 746 2594 987.
761 2577 789 2596 n.
805 2575 847 2597 VI.
861 2573 925 2598 565.
935 2581 958 2598 Β.

226 2603 282 2629 Dei
296 2605 386 2631 verbo
397 2607 495 2633 omnia
507 2614 648 2636 constant.
664 2616 693 2636 II.
709 2615 772 2638 945.
787 2623 810 2638 A.
826 2613 899 2650 Ejus
916 2624 960 2642 es-

856 235 957 256 INDEX
985 234 1111 256 RERUM.

1010 297 1104 322 sentia
1116 295 1211 323 videri
1223 298 1328 333 nequit.
1344 303 1387 325 VI.
1403 302 1468 326 722.
1482 308 1506 325 13.
1520 298 1614 326 Deum
1629 298 1679 335 qui
1694 306 1744 324 cu-

1010 339 1085 366 riose
1105 345 1262 374 scrutatur,
1280 341 1467 379 interfideles
1487 351 1545 368 non
1565 346 1743 368 numeratur.

1012 387 1055 409 VI.
1074 386 1135 410 197.
1148 393 1171 411 re.
1186 383 1262 411 Deus
1272 386 1595 421 proeeerita‚proeseutia
1608 390 1633 412 et
1642 384 1747 421 littura

1012 425 1101 453 videt.
1125 432 1168 453 VI.
1195 431 1259 454 545.
1288 437 1314 454 E.
1342 428 1502 456 Proenoscit
1527 434 1608 456 actus
1635 426 1728 454 malos
1739 448 1746 461 ‚

1012 479 1070 496 non
1092 471 1336 507 praedelerniinat.
1357 478 1425 500 VIII.
1443 476 1506 500 858.
1521 482 1544 499 n.
1559 482 1585 499 c,
1603 472 1659 499 Dei
1670 481 1747 508 prae-

1011 513 1134 541 scientia
1147 517 1320 551 poenitenliae
1335 525 1394 542 non
1405 522 1496 543 nocet.
1511 522 1542 543 V.
1559 519 1623 543 925.
1640 525 1666 543 Ε.
1681 518 1746 542 926.

1014 556 1092 584 Deus
1115 557 1192 585 solus
1218 559 1271 586 scic
1296 558 1497 595 (It'ffirentiarn
1520 560 1596 586 inter·
1621 563 1747 585 sanctos.

1015 605 1059 626 VI.
1083 605 1146 629 892.
1173 612 1202 630 A.
1229 613 1252 630 B.
1273 593 1352 629 Deits
1372 601 1537 640 sine-slusa
1556 603 1660 640 gignit.
1680 607 1748 629 VIII.

1013 648 1078 671 919,
1092 654 1118 672 A.
1137 646 1216 673 Deus
1241 646 1291 673 lui·
1308 652 1367 681 est,
1379 646 1531 684 quomodo.
1553 652 1621 673 VIII.
1642 649 1706 673 687.
1721 655 1747 673 e.

1013 687 1090 715 Deus
1102 689 1306 726 τρισυπόστςιτον
1319 692 1373 728 φῶς
1383 712 1390 725 ,
1405 690 1483 717 trium
1500 699 1673 728 personarum
1688 689 1748 716 lux.

1014 737 1082 759 VIII.
1101 737 1165 761 687.
1184 745 1210 761 Α.

1054 775 1133 804 Deus
1155 788 1190 804 et
1211 779 1340 806 bonitate
1354 780 1488 815 castigat.
1509 784 1541 805 V.
1565 780 1629 804 868.
1647 776 1751 803 Vindi-

1012 825 1089 846 ctam
1105 821 1275 860 infuturum
1293 828 1401 860 tempus
1412 827 1547 849 reservat.
1565 824 1668 848 V.⁴.)78.
1679 829 1706 847 ε.
1720 829 1748 846 A.

1014 863 1075 890 Cur
1093 865 1124 890 in
1140 865 1193 892 hoc
1209 866 1316 893 mundo
1335 872 1501 904 peccatores
1515 873 1613 892 onmes
1629 873 1686 890 non
1698 872 1750 900 pu-

1014 908 1087 934 niat.
1104 914 1174 937 VIII.
1190 913 1256 938 797,
1274 919 1303 937 D.
1327 914 1391 937 981.
1414 920 1441 937 c,
1469 909 1601 946 Castigat
1627 908 1656 935 in
1675 913 1752 934 terra

1014 950 1118 985 malos,
1132 958 1161 979 ul
1175 953 1337 980 excitentur
1347 955 1426 981 boni.
1441 959 1486 980 VI.
1499 956 1563 980 92⁷2.
1578 962 1601 979 A.
1611 951 1668 979 Dei
1677 952 1752 978 iram

1013 1000 1039 1021 et
1054 995 1182 1031 furorem
1196 1007 1278 1023 nemo
1294 997 1373 1035 ferre
1392 1003 1496 1034 polest.
1514 1003 1544 1024 V.
1559 999 1622 1023 665.
1638 1006 1664 1022 A.
1677 995 1751 1032 Ejus

1015 1038 1217 1068 benevolentia
1237 1042 1287 1078 qui
1308 1042 1461 1078 privatur,
1481 1047 1611 1068 mortuus
1636 1044 1689 1066 est.
1716 1044 1749 1065 V.

1014 1086 1078 1111 870.
1097 1093 1122 1110 c.
1142 1084 1233 1111 Deum
1257 1084 1374 1123 diligere
1389 1096 1423 1113 ex
1440 1091 1496 1112 toto
1518 1083 1667 1117 cordam:
1691 1088 1752 1110 tota

1014 1128 1123 1159 anima,
1139 1137 1175 1153 ex
1198 1133 1257 1154 tola
1286 1135 1380 1156 mente
1403 1129 1474 1167 quid
1497 1129 1544 1156 sit.
1570 1133 1614 1155 VI.
1631 1130 1695 1153 921.
1719 1135 1749 1153 Ι).

1016 1172 1078 1196 922.
1096 1180 1123 1196 A.
1140 1180 1204 1208 sqq.
1223 1172 1296 1199 Cum
1317 1173 1394 1200 Deus
1421 1178 1576 1209 operatur,
1591 1171 1666 1198 ratio
1690 1179 1750 1197 non

1016 1214 1183 1250 quaerenda.
1201 1221 1234 1244 Υ.
1251 1220 1315 1244 712.
1334 1226 1363 1244 D.

1056 1257 1115 1284 Dei
1139 1259 1335 1287 misericordia
1367 1260 1548 1297 peccantium
1574 1264 1686 1296 portus.
1718 1263 1750 1285 Υ.

1017 1304 1083 1327 700.
1098 1310 1121 1327 c.

1056 1344 1151 1371 Deum
1171 1355 1275 1383 negare
1287 1346 1401 1385 factis,
1418 1356 1504 1384 quam
1521 1345 1616 1380 dictis,
1635 1344 1753 1381 gravius

1017 1394 1070 1416 est.
1090 1394 1122 1415 V.
1136 1392 1201 1417 674.
1219 1399 1242 1417 1³.
1259 1400 1284 1419 e.

1058 1431 1137 1459 Deus
1152 1433 1194 1459 ita
1206 1433 1325 1470 populo,
1337 1439 1366 1461 ul
1382 1435 1429 1460 vir
1441 1434 1533 1468 uxori,
1545 1432 1708 1470 copulatur.
1721 1437 1752 1459 V.

1017 1478 1082 1502 772.
1105 1485 1130 1503 E..
1147 1476 1226 1503 Deus
1242 1486 1300 1503 non
1314 1478 1455 1504 erubescit
1470 1476 1615 1514 appellari
1640 1480 1751 1513 pastor.

1018 1524 1064 1545 III.
1080 1522 1143 1547 984.
1162 1529 1188 1546 A.
1206 1524 1270 1548 985.
1286 1520 1365 1547 Deus
1387 1526 1426 1547 est
1441 1517 1755 1558 parsfitlelium,fide-

1019 1561 1060 1590 les
1073 1569 1140 1590 sunt
1148 1573 1218 1601 pars
1230 1564 1295 1591 Dei.
1310 1571 1381 1594 VIII.
1399 1568 1462 1592 926.
1478 1575 1502 1591 Β.

1058 1606 1137 1634 Deus
1152 1618 1309 1646 numquam
1322 1609 1452 1636 vincitur
1465 1617 1557 1647 neque
1565 1609 1668 1640 vincit,
1685 1614 1756 1643 quo-

1021 1650 1116 1679 modo.
1131 1657 1177 1679 111.
1196 1656 1301 1679 9716.

1060 1694 1141 1722 Deus
1166 1695 1274 1734 effudit
1289 1696 1426 1734 Spiritum.
1453 1706 1548 1731 suum,
1566 1695 1620 1722 Ιιοε
1635 1699 1674 1721 est
1686 1714 1693 1728 ‚
1706 1692 1769 1733 (ἰο-β

1021 1747 1087 1765 num
1121 1739 1260 1776 Spiritus.
1284 1746 1329 1767 III.
1347 1743 1412 1767 982.
1437 1749 1463 1768 e.
1492 1739 1547 1767 Dei
1576 1737 1677 1776 lingua
1698 1746 1756 1764 non

1021 1787 1159 1809 mutatur.
1178 1789 1223 1810 III.
1241 1787 1304 1811 993.
1324 1793 1348 1810 B.

1061 1826 1114 1853 Dei
1130 1826 1223 1854 hostes
1236 1837 1291 1854 non
1307 1827 1439 1854 timendi.
1454 1832 1486 1854 Υ.
1505 1830 1569 1854 698.
1582 1836 1606 1852 13.
1620 1835 1645 1853 c.
1662 1824 1756 1852 Deum

1020 1870 1055 1897 de
1076 1869 1147 1897 coelo
1160 1871 1322 1907 prospicere
1343 1870 1416 1908 quid
1431 1871 1479 1898 sit.
1497 1877 1529 1897 Υ.
1548 1873 1612 1897 679.
1630 1878 1658 1897 o.
1676 1868 1756 1895 Deus

1020 1920 1123 1941 nostroe
1135 1923 1196 1942 sese
1210 1920 1382 1952 attemperat
1395 1914 1600 1942 imbecillitati.
1614 1916 1753 1940 V.771.c.

1059 1959 1131 1985 Deus
1151 1957 1265 1985 idolicus
1286 1957 1350 1995 quid
1367 1957 1412 1986 sit.
1429 1964 1499 1986 VIII.
1517 1961 1560 1984 34.
1577 1967 1604 1985 E.
1620 1958 1690 1983 Deos
1704 1954 1754 1982 sibi

1018 2001 1149 2029 faciebant
1164 2001 1323 2037 idololatrae,
1339 2012 1390 2039 quo
1406 2001 1472 2029 nihil
1486 2000 1602 2039 turpius.
1621 2006 1665 2028 VI.
1678 2003 1755 2027 20-c.

1019 2047 1137 2074 Deorum
1152 2045 1248 2073 cultus.
1266 2053 1297 2074 V.
1316 2050 1379 2074 275,
1398 2057 1424 2073 Β.
1444 2045 1488 2073 Dii
1504 2042 1684 2083 gentium,dii
1702 2052 1754 2070 uon

1018 2096 1088 2117 sunt.
1109 2094 1198 2118 vetis
1226 2100 1250 2117 B.
1267 2097 1312 2120 IX.
1330 2094 1375 2118 47.
1395 2101 1421 2118 A.
1436 2089 1480 2117 Dii
1499 2099 1547 2116 cur
1560 2087 1704 2125 aliquando
1720 2086 1754 2114 li-

1018 2133 1076 2169 gnei
1092 2133 1164 2169 facti,
1179 2144 1226 2162 uec
1241 2144 1291 2161 non
1305 2133 1343 2161 dii
1355 2133 1437 2168 aurei,
1453 2133 1578 2171 argentei.
1592 2139 1635 2160 VI.
1650 2136 1714 2160 266.
1725 2141 1752 2158 c.

1018 2177 1136 2205 Deorum
1163 2177 1247 2205 insani
1270 2178 1296 2205 in
1319 2178 1448 2206 masculos
1468 2187 1578 2205 amores.
1595 2183 1628 2206 V.
1646 2181 1710 2204 357.
1727 2186 1754 2203 n.

1018 2223 1087 2248 Deos
1108 2221 1207 2249 Labani
1227 2222 1328 2249 furatur
1344 2221 1452 2250 Rachel.
1470 2228 1514 2250 IV.
1527 2226 1590 2250 fito,
1606 2224 1711 2248 1).ssst
1725 2230 1754 2250 n.

1057 2267 1278 2293 szmocnem
1294 2265 1370 2303 quid.
1389 2273 1433 2294 VI.
1449 2270 1495 2294 52.
1513 2277 1542 2293 s.

1058 2311 1197 2337 Dmnoms
1209 2309 1295 2338 matu>
1305 2316 1329 2338 et
1340 2317 1457 2349 apostata
1472 2309 1609 2337 dictus.11.
1622 2312 1717 2335 309,ε.
1730 2319 1755 2336 Α.

1018 2350 1165 2381 Diabolus.
1184 2351 1208 2379 id
1232 2360 1269 2381 est
1297 2360 1449 2390 accusator,
1466 2353 1500 2380 ab
1514 2351 1682 2386 accusando(
1697 2351 1751 2379 δια-

1018 2395 1123 2423 &mem
1139 2399 1148 2431 )
1165 2395 1263 2424 dictus.
1293 2404 1326 2425 II.
1349 2401 1413 2425 309.
1439 2407 1467 2424 n.
1496 2395 1566 2423 Mala
1596 2394 1681 2422 bestia
1703 2401 1752 2423 est.

1016 2446 1061 2467 IV.
1077 2444 1141 2468 355.
1160 2451 1182 2469 1³.
1206 2441 1283 2469 Prior
1297 2441 1398 2480 peperit
1413 2440 1590 2469 mendacium.
1608 2446 1678 2467 VIII.
1693 2442 1754 2467 366.

1016 2494 1041 2511 A.
1056 2483 1103 2511 Est
1118 2483 1237 2512 absolute
1251 2484 1348 2514 malus.
1366 2491 1398 2512 V.
1417 2489 1480 2512 505.
1495 2495 1520 2510 Β.
1535 2483 1590 2511 Cur
1603 2482 1688 2510 malus
1704 2492 1751 2510 vo-

1015 2534 1096 2556 cetur.
1113 2535 1171 2556 VIl.
1188 2532 1240 2556 288
1268 2540 1293 2555 Α.
1312 2533 1376 2558 289,
1401 2528 1506 2563 Quibus
1527 2527 1680 2556 nominibus
1701 2537 1751 2555 vo-

1015 2578 1088 2600 cetur
1105 2571 1130 2599 in
1143 2572 1290 2611 Scriptura.
1308 2580 1353 2601 XI.
1365 2577 1427 2602 276.
1446 2583 1470 2602 C.
1485 2583 1512 2600 D.

1055 2614 1184 2643 Diabolus
1195 2625 1228 2643 cx
1243 2615 1365 2654 superbia
1381 2616 1489 2643 effectus
1503 2621 1540 2643 est
1553 2613 1684 2642 diabolus.
1695 2621 1704 2637 I
1719 2621 1749 2643 II.
