1950 2922
258 1949 292 1967 ¹62⁷

151 2325 218 2348 Mam
231 2325 296 2345 incla-

153 2362 217 2377 ποκα.
227 2358 248 2375 in
257 2364 293 2376 ex-

153 2388 201 2407 sulio
219 2394 282 2413 quarn

151 2418 275 2438 (Konstanti-

154 2449 238 2476 tropoli-

152 2494 238 2512 ὃυζιιη),
249 2492 262 2512 Ι.
272 2491 294 2513 8.

187 2529 213 2539 <m

307 185 370 219 192
775 183 803 205 S.

301 244 441 273 enuntians
455 255 462 274 :
475 254 535 272 nani
549 244 693 272 innumera„¹
707 253 772 282 pene
784 249 844 270 sunt
856 241 975 280 ejusdem
986 241 1039 269 sor-

304 302 354 319 mae
364 298 388 319 et
398 290 495 319 tenoris
506 290 633 329 epistolae.
645 288 774 316 Antiocho
785 288 847 316 item
856 287 941 316 amico
948 287 1042 315 scribit

303 338 381 376 epist.
395 338 452 366 189
462 359 470 373 ,
483 336 669 364 difficultatem
684 333 819 362 scribendi
835 334 869 362 ob
884 333 1041 362 tabellario-

300 394 361 411 rum
377 383 514 422 penuriam
536 390 684 409 memorans
696 403 703 415 ‚
719 380 867 417 frequentes
882 379 916 407 ab
929 389 959 407 eo
981 379 1041 407 lite-

300 440 342 458 ras
365 436 469 468 petens,
492 428 621 464 illumque
646 425 816 454 Artemidoro
838 425 945 453 cuidam
966 435 1041 453 com-

301 475 408 503 mendat
423 474 450 501 in
463 473 540 512 epist.
552 474 619 502 177.
631 473 747 511 Alypius
758 482 819 500 vero
831 471 943 510 quidam
956 471 1041 510 Chry-

301 527 414 548 sostomo
429 518 574 547 admodum
592 517 715 546 addictus
728 541 736 555 ‚
753 517 803 556 ipsi
824 517 900 556 prior
923 517 1039 555 scripse-

304 573 344 593 rat
358 565 434 604 epist.
447 566 529 601 (186,
543 563 707 599 178),l1aud
721 563 804 592 dubie
819 573 879 591 cum
894 563 980 602 primo
989 563 1041 590 Cu-

299 621 394 639 cusum
417 610 585 646 advenisset,
601 608 648 637 sed
670 619 731 637 cum
751 609 934 644 excusatione,
956 619 988 636 ne
1007 619 1039 636 ex

299 655 346 684 illa
370 656 536 684 festinatione
552 655 627 693 quasi
649 654 796 683 admodum
812 666 927 694 praeceps
942 665 1042 693 argue-

301 709 385 730 retur.
401 701 553 741 Respondet
567 702 606 729 illi
627 701 850 740 Chrysostomus,
866 711 893 729 se
905 723 911 736 ,
923 708 953 729 ut
967 700 1041 740 prius

302 748 470 786 diligentiam
482 755 506 776 et
518 748 712 776 festinationem
727 748 783 786 ejus
797 747 970 784 laudaverat,
984 747 1041 786 jam

303 793 455 823 tarditatem
469 804 589 832 arguere.

339 839 383 868 Ad
403 840 557 868 Euthaliam
577 850 684 878 quoque
706 839 813 879 pietatis
834 839 978 877 singularis
999 839 1041 867 fe·-

298 886 398 914 minam
418 886 507 914 literas
520 886 593 915 misit
611 887 664 922 5⁴2,
682 886 739 914 178
753 909 760 919 ,
779 886 953 924 queriturque
967 884 1043 922 quod

300 932 399 961 multas
414 933 470 971 ipse
484 955 492 970 ,
506 943 604 971 paucas
616 933 662 960 illa
671 932 723 960 sibi
737 932 826 960 literas
837 931 945 967 mittat,
961 930 1042 959 dicit—

299 988 354 1015 que
367 985 470 1006 tantum
487 978 538 1006 sibi
554 979 683 1017 gaudium
694 978 842 1020 amicorum
860 978 949 1006 literas
960 978 1040 1006 affer-

300 1034 344 1059 re,
361 1031 390 1052 ut
405 1023 559 1053 solitudinis
574 1024 721 1052 molestiam
737 1024 839 1052 nullam
854 1024 958 1052 sentiat.
974 1024 1042 1052 Cum

299 1071 445 1108 Amprucla
460 1077 484 1098 et
500 1070 662 1108 quibusdam
675 1070 736 1098 aliis
749 1093 756 1103 ‚
774 1081 833 1108 quae
846 1081 906 1098 cnm
919 1070 965 1097 illa
980 1081 1042 1098 ver-

299 1116 441 1151 sabantur,
462 1117 557 1154 majori
583 1117 662 1144 etiam
689 1116 807 1144 caritatis
829 1116 937 1144 vinculo
959 1126 1043 1144 nexus

298 1163 380 1191 fuisse
396 1162 523 1199 videtur,
545 1169 575 1190 ut
597 1173 630 1191 ex
654 1169 768 1200 quatuor
785 1162 903 1201 epistolis
918 1162 951 1190 ad
967 1162 1044 1190 illam

300 1208 388 1236 missis
408 1208 495 1237 tribus
510 1210 519 1243 (
536 1209 587 1236 191
605 1231 613 1244 ,
632 1210 703 1243 105,
722 1208 783 1243 90)
801 1207 956 1246 percipitur.
977 1208 1044 1235 Erat

301 1254 451 1292 Amprucla
484 1255 593 1282 fortasse
620 1255 689 1292 Syra
702 1275 709 1287 ‚
731 1254 772 1282 vel
799 1253 909 1281 alterius
936 1254 1044 1281 fortasse

302 1299 417 1327 nationis
429 1322 437 1333 ‚
452 1309 538 1337 neque
557 1300 650 1327 Graece
671 1299 786 1327 scribere
806 1299 921 1335 sciebat;
933 1309 966 1326 ex
991 1299 1046 1326 sin-

304 1355 364 1373 cero
378 1351 465 1373 autem
475 1368 482 1379 ,
504 1356 556 1383 quo
571 1356 632 1383 erga
650 1345 870 1384 Chrysostomuni
885 1345 1024 1373 tenebatur
1034 1366 1042 1381 ,

301 1391 397 1419 affectu
410 1398 505 1419 vexata
521 1391 651 1429 malisque
663 1391 754 1419 multis
768 1398 793 1419 et
805 1391 850 1419 illa
860 1398 884 1419 et
892 1390 969 1419 sociae
981 1400 1046 1429 pene

302 1436 398 1464 obruta
416 1437 509 1465 fuerat.
530 1437 609 1465 Illam
623 1447 685 1465 vcro
705 1437 805 1465 solatur
820 1437 1028 1476 Chrysostomus
1038 1459 1045 1469 ,

304 1482 445 1519 praesentia
461 1482 550 1510 omnia
566 1482 640 1511 fluxa
655 1493 712 1510 esse
725 1482 816 1511 dicens·
829 1505 836 1518 ,
853 1483 942 1510 sutura
957 1489 1044 1511 autem

301 1527 371 1555 bona
390 1528 468 1555 firma
485 1535 509 1556 et
528 1528 554 1556 in
570 1535 697 1556 :eternum
714 1527 859 1556 manentia.
878 1528 1047 1556 Harmatium

303 1583 380 1609 vem,
400 1574 516 1612 probum
531 1574 620 1602 virum
635 1581 660 1603 et
673 1574 828 1614 opulentum
839 1597 846 1609 ,
863 1574 909 1612 qui
926 1574 1046 1602 bomini-

303 1619 355 1647 bus
382 1619 436 1647 suis
459 1619 654 1658 imperaverat,
678 1627 708 1648 ut
730 1620 819 1648 omnia
844 1620 943 1657 quibus
967 1630 1044 1658 egere

303 1672 390 1704 posset
419 1665 626 1704 Clirysostomus
648 1665 699 1704 ipsi
719 1665 935 1704 suppeditarent,
962 1666 1045 1694 literis

302 1712 357 1740 suis
385 1712 458 1748 (75)
478 1719 566 1741 monet
580 1713 631 1740 sibi
647 1713 735 1741 onmia
751 1713 875 1747 affluere,
891 1718 917 1740 et
931 1723 958 1741 se
973 1713 1047 1741 nullo

301 1768 369 1796 opus
388 1757 501 1793 habere,
518 1758 563 1786 sed
587 1758 608 1786 si
632 1758 776 1797 gratificari
799 1758 849 1786 sibi
867 1757 948 1794 velit,
963 1758 1047 1787 literis

303 1815 331 1832 se
350 1804 501 1842 frequenter
514 1804 547 1832 de
560 1814 607 1832 sua
630 1811 656 1832 et
680 1804 787 1832 familiae
802 1804 882 1832 totius
897 1804 1049 1833 valetudine

305 1850 445 1878 certiorem
461 1849 548 1878 faciat.

350 1896 462 1934 Hyemis
483 1905 546 1924 vero
572 1902 707 1934 tempore,
730 1896 786 1924 sive
805 1896 900 1935 hyeme
921 1896 1047 1932 ineunte,

304 1942 349 1971 καὶ
362 1945 377 1977 ἡ
390 1945 434 1970 τοῦ
444 1945 573 1981 χειμῶνος
589 1942 645 1981 ὥρα
656 1942 816 1981 ἀποτειχίζει
826 1942 872 1975 τὰς
883 1942 970 1977 ὁδούς,
984 1953 1048 1971 cum

303 1991 367 2027 jam
382 1989 498 2024 hyemis
514 1995 624 2026 tempus
641 1991 708 2016 vias
723 1988 938 2025 intercluderet,
952 1990 1049 2017 Muso-

305 2035 349 2063 nio
380 2034 486 2073 scripsit
506 2045 547 2073 ep.
572 2036 645 2062 916:
661 2045 739 2073 quem
760 2033 853 2062 laudat
867 2045 882 2062 a
901 2035 1050 2063 sinceritate

307 2080 428 2108 caritatis
440 2103 447 2117 ,
463 2080 497 2108 ab
517 2079 615 2108 amoris
637 2080 731 2108 ardore
743 2103 750 2115 ‚
766 2081 799 2108 ab
820 2081 904 2109 animi
925 2088 1048 2110 constan-

311 2126 347 2153 tia
359 2148 366 2161 ,
387 2126 421 2154 ab
440 2126 604 2165 ingenuitate
622 2126 800 2155 simulationis
817 2134 924 2166 experte
939 2140 945 2162 ;
959 2128 1048 2165 queri-

312 2177 356 2199 tur
376 2178 464 2200 autem
479 2195 485 2205 ‚
501 2172 572 2210 quod
590 2172 651 2200 licet
662 2173 719 2211 jam
741 2173 856 2201 secundo
876 2173 973 2202 scribat
989 2173 1049 2212 ipsi,

309 2217 414 2245 nullam
439 2218 528 2246 adhuc
556 2218 612 2256 ejus
639 2219 770 2257 acceperit
798 2219 953 2257 epistolam,
979 2219 1051 2257 quod

310 2263 446 2291 silentium
463 2263 561 2292 crebris
574 2263 707 2292 desiderat
718 2264 837 2302 epistolis
849 2265 1024 2304 compensari.

348 2310 463 2338 =loannes
489 2320 551 2337 vero
570 2309 595 2337 in
611 2310 706 2338 exsilio
723 2309 822 2348 degens
839 2311 924 2349 magis
940 2311 1051 2340 inclare-

309 2355 412 2391 scebat,
431 2365 512 2392 qnam
526 2366 587 2383 cum
604 2356 752 2384 Antiochia:
763 2356 807 2385 vel
822 2357 1051 2396 Constantinopoli

309 2408 384 2429 esset.
402 2401 470 2428 Cum
487 2401 557 2428 enim
573 2402 694 2439 pecuniis
716 2402 883 2438 abundaret,
907 2414 973 2441 quas
995 2410 1051 2431 tum

311 2447 453 2485 Olympias
463 2445 610 2474 diaconissa
622 2470 628 2480 ,
640 2454 696 2475 tum
709 2448 753 2475 alii
770 2448 848 2476 multi
864 2449 1052 2477 subministra-

309 2493 374 2521 bant
387 2515 394 2528 ,
409 2492 529 2531 captivos
542 2493 671 2531 plurimos
684 2493 718 2521 ab
732 2494 830 2522 Isauris
842 2494 970 2529 redemit,
983 2496 1051 2523 mul·

311 2540 344 2568 tis
358 2539 437 2567 etiam
458 2539 547 2577 egenis
566 2539 710 2567 necessaria
734 2539 845 2578 largitus
859 2547 913 2577 est,
930 2552 988 2576 eos,
1005 2541 1051 2579 qui

311 2584 429 2622 pecuniis
445 2594 495 2612 nou
513 2584 642 2622 egebant,
660 2584 798 2622 colloquiis
814 2585 864 2614 sibi
879 2586 1046 2615 conciliabat.

833 181 971 205 'omens
999 180 1231 203 cttttfsosToatt
1259 181 1360 209 VITA,

1096 241 1214 278 Eratque
1225 240 1372 270 admodum
1387 252 1463 270 carus
1479 249 1534 271 tum
1550 243 1672 271 Armenis
1684 243 1754 282 apud
1768 254 1832 281 quos

1094 285 1226 323 degebat,
1243 293 1299 314 tum
1321 287 1443 315 finitimis
1458 289 1590 317 omnibus.
1611 290 1692 318 Multi
1715 290 1834 328 qnotidie

1095 331 1130 360 ad
1145 342 1204 360 cum
1227 332 1395 361 confluebant
1410 343 1443 361 ex
1454 334 1520 362 urbe
1534 335 1673 363 Antiochia
1683 357 1691 372 ,
1704 346 1738 363 ex
1754 335 1834 374 Syria

1095 385 1167 406 etex
1183 378 1285 407 Cilicia.
1307 381 1408 417 Atque,
1425 386 1454 407 ut
1478 380 1601 418 pluribus
1621 380 1688 409 infra
1708 381 1832 414 dicetur,

1095 434 1138 452 eos
1151 424 1198 461 qui
1212 424 1380 463 evangelium
1393 425 1576 462 praedicabant
1590 425 1616 453 in
1629 426 1762 456 Phoenicia
1775 428 1837 466 ‚ju-

1095 469 1175 497 vabat
1188 492 1195 505 ,
1210 477 1234 498 et
1254 470 1362 498 monitis
1382 478 1407 499 et
1423 471 1613 510 largitionibus
1624 494 1632 509 ,
1650 472 1714 500 alios
1729 483 1835 511 quoque

1094 514 1216 550 mittens,
1233 515 1278 552 qui
1294 515 1380 544 eidem
1395 516 1468 555 operi
1486 517 1669 545 incumberent
1683 529 1688 544 :
1702 518 1835 556 etiamque

1096 560 1259 589 Gotthorum
1274 568 1299 589 et
1314 563 1456 591 Persarum
1472 563 1604 591 Ecclesias
1619 564 1739 592 curabat.

1134 607 1198 635 Illos
1218 614 1306 636 autem
1331 608 1378 646 qui
1396 609 1449 637 sibi
1466 609 1568 637 addicti
1586 617 1675 643 erant,
1691 617 1744 638 tam
1761 611 1835 639 Con-

1094 654 1266 694 stantinopoli
1278 679 1285 691 ,
1301 666 1382 694 quam
1404 657 1569 694 Anfiochiae,
1585 657 1612 686 in
1631 658 1758 686 aerumnis
1776 658 1835 686 idco

1095 707 1245 735 versantes,
1271 701 1380 730 fovebat
1405 703 1618 741 sustentabatque
1645 714 1694 742 pro
1721 703 1834 732 viribus.
1847 702 1919 740 ΡῗΗΜ

1097 746 1166 774 Cum
1194 757 1258 775 vero
1282 747 1428 776 Flavianus
1453 749 1594 787 episcopus
1620 756 1742 778 mortuus
1770 756 1836 777 esset
1846 739 1923 796 ἐξὲξ

1094 802 1163 819 anno
1174 793 1248 827 404,
1267 793 1434 832 Porphyrius
1455 794 1498 822 vir
1512 804 1527 822 a
1542 794 1635 832 probis
1649 795 1769 823 moribus
1785 795 1835 822 ab-
1848 815 1867 828 c,
1877 808 1915 834 ²4·

1094 837 1205 866 horrens
1221 849 1295 874 ,sese
1313 840 1507 868 Antiochenum
1520 840 1674 880 episcopum
1694 847 1754 880 post
1773 841 1836 869 Fla-
1849 850 1921 870 Panna

1095 883 1169 911 viani
1184 884 1289 912 obitum
1305 884 1423 923 indignis
1442 886 1529 914 modis
1545 886 1663 914 ordinari
1681 887 1786 915 curavit
1802 888 1836 916 ab
1852 881 1904 909 ¹4⁵*
1934 885 1940 911 l

1095 929 1207 966 Acacio,
1225 930 1369 959 Severiano
1384 938 1408 959 et
1428 932 1574 968 Antiocho,
1590 932 1733 970 statimque
1746 933 1838 972 Chry-

1094 975 1203 1003 sostomi
1234 976 1450 1006 condemnationi
1474 978 1655 1017 subscripsit:
1677 986 1839 1018 quapropter

1096 1021 1175 1049 multi
1193 1023 1219 1050 in
1239 1023 1318 1062 Syria
1335 1024 1369 1052 ab
1383 1024 1440 1062 ejus
1456 1024 1588 1052 consortio
1613 1035 1668 1053 sese
1689 1031 1838 1062 sequestra-

1096 1074 1177 1103 runt,
1192 1079 1222 1096 ac
1246 1069 1356 1097 seorsim
1383 1070 1505 1099 collectas
1533 1070 1716 1108 celebrantes,
1739 1071 1837 1099 multas

1096 1123 1228 1141 {erumnas
1242 1125 1272 1142 ac
1286 1115 1420 1144 molestias
1435 1123 1496 1144 sunt
1511 1116 1638 1155 perpessi.
1658 1117 1728 1144 Nam
1744 1117 1836 1145 Clerus
1849 1122 1926 1159 eorpu-

1098 1159 1284 1188 Antiochenus
1298 1161 1438 1199 'insignior
1459 1162 1527 1190 clam
1549 1162 1653 1201 plebem
1677 1162 1923 1212 colligebat,¹:;¹m2

1096 1205 1284 1234 accedentibus
1299 1206 1379 1234 etiam
1399 1207 1560 1235 mulieribus
1579 1219 1639 1246 quae
1661 1208 1757 1247 opibus
1778 1209 1836 1247 pol·
1848 1216 1927 1236 unche»

1097 1251 1198 1279 lebant.
1215 1253 1284 1280 Tota
1298 1252 1351 1280 sere
1365 1253 1528 1282 Antiochena
1543 1254 1663 1283 Ecclesia
1674 1255 1785 1284 Joannis
1799 1255 1838 1283 in·
1849 1248 1935 1294 iun-usu}

1096 1296 1200 1325 visendi
1226 1307 1305 1326 causa
1320 1298 1347 1326 in
1362 1299 1513 1328 Armeniam
1529 1299 1676 1339 migravit,
1692 1307 1718 1329 et
1739 1301 1766 1329 in
1791 1312 1837 1330 re·-
1934 1302 1935 1305 ’

1097 1343 1157 1371 ditu
1181 1353 1271 1372 omnes
1285 1344 1341 1383 ejus
1356 1344 1556 1384 philosophiam
1568 1346 1746 1385 praedicarunt
1759 1359 1766 1375 t
1780 1359 1837 1386 qua:

1098 1399 1139 1416 rcs
1155 1389 1331 1418 Severianum
1345 1397 1370 1418 et
1387 1391 1570 1430 Porphyrium
1587 1393 1623 1420 ita
1637 1393 1793 1432 mordebat,
1809 1401 1839 1422 ut

1099 1434 1155 1472 ejus
1170 1434 1230 1463 ideo
1244 1442 1390 1464 extremam
1404 1437 1549 1475 perniciem
1565 1439 1737 1469 molirentur.

1141 1480 1198 1509 Hoc
1214 1481 1320 1510 circiter
1343 1489 1447 1521 tempus
1472 1483 1608 1512 Cucusum
1631 1485 1704 1514 venit
1726 1486 1839 1525 presby-

1100 1532 1140 1554 ter
1160 1527 1269 1564 quidam
1285 1538 1300 1555 a
1320 1529 1426 1557 Domno
1445 1529 1568 1568 episcopo
1581 1530 1616 1558 ad
1629 1531 1757 1560 Joannem
1772 1532 1840 1559 mis-

1101 1584 1155 1602 sus.
1174 1574 1237 1602 Erat
1259 1581 1347 1602 autem
1371 1576 1492 1604 Domnus
1516 1575 1568 1615 ipsi
1586 1577 1818 1615 conjunctissimus
1831 1599 1839 1612 ,

1100 1630 1179 1658 quem
1203 1628 1279 1658 rogat
1302 1622 1452 1659 frequenter
1473 1621 1562 1650 literas
1586 1623 1672 1651 solatii
1695 1633 1773 1651 causa
1787 1623 1839 1651 sibi

1100 1666 1197 1694 mittat.
1223 1668 1360 1696 Accessere
1384 1679 1489 1706 quoque
1511 1669 1558 1697 alii
1579 1670 1730 1709 presbyteri
1756 1670 1840 1709 ipsius
1932 1703 1934 1710 y

1100 1711 1232 1741 invisendi
1249 1713 1349 1752 gratia,
1365 1721 1390 1742 et
1406 1715 1525 1743 fortassis
1544 1716 1720 1751 Anfiocheni,
1742 1717 1842 1755 quibus
1932 1716 1934 1735 t

1100 1758 1133 1786 ad
1154 1769 1201 1787 sua
1225 1760 1420 1789 revertentibus
1440 1761 1530 1789 literas
1551 1761 1624 1790 dedit
1643 1762 1679 1790 ad
1700 1762 1842 1801 Elpidium

1101 1805 1259 1844 episcopum
1273 1805 1428 1835 deferendas
1440 1829 1446 1842 ,
1460 1818 1500 1846 ep.
1524 1807 1561 1835 25
1576 1819 1582 1836 ι
1596 1807 1623 1835 in
1638 1818 1751 1846 quarum
1763 1808 1841 1848 prin-

1101 1850 1172 1889 cipio
1186 1851 1269 1888 dicit,
1287 1862 1313 1880 se
1327 1852 1489 1890 frequentius
1505 1852 1556 1891 ipsi
1567 1853 1732 1892 scripturum
1744 1854 1842 1890 fuisse,

1101 1896 1153 1925 nisi
1175 1897 1309 1925 latronum
1332 1904 1418 1926 metus
1430 1921 1437 1934 ‚
1463 1899 1525 1926 anni
1540 1905 1682 1938 tempestas
1694 1921 1702 1933 ,
1719 1907 1743 1929 et
1759 1900 1843 1928 tabel-

1101 1943 1232 1971 lariorum
1248 1943 1341 1982 inopia
1350 1966 1359 1980 ,
1372 1944 1524 1972 facultatem
1538 1944 1589 1972 sibi
1601 1944 1748 1974 adimerent
1762 1958 1768 1981 ;
1782 1957 1845 1985 prc-

1102 1996 1232 2027 caturque
1255 1996 1284 2018 ut
1298 1990 1449 2028 frequenter
1464 2000 1491 2018 se
1511 1991 1595 2019 literis
1616 1992 1764 2030 compellet.
1787 1992 1845 2020 Eo-

1102 2035 1224 2064 rumdem
1247 2036 1467 2074 presbyterorum
1491 2036 1638 2065 ministerio
1663 2036 1756 2065 eadem
1778 2048 1845 2077 pene

1102 2081 1160 2120 ipsa
1174 2081 1267 2109 scribit
1281 2081 1315 2109 ad
1331 2083 1460 2119 Magnum
1476 2082 1641 2120 episcopum.
1664 2083 1741 2111 Dona
1755 2091 1844 2112 autem

1103 2126 1220 2164 undique
1238 2126 1387 2165 accipiebat
1407 2138 1421 2155 a
1443 2127 1509 2155 viris
1530 2128 1636 2166 probis,
1655 2135 1680 2157 et
1695 2129 1845 2168 insignibus

1103 2172 1207 2200 feminis
1226 2173 1295 2211 aequi
1317 2173 1434 2211 bonique
1455 2173 1625 2208 amantibus,
1645 2174 1681 2202 ita
1703 2181 1733 2203 ut
1756 2186 1843 2204 rerum

1103 2218 1221 2247 omnium
1237 2219 1313 2257 copia
1327 2218 1485 2249 abundaret,
1504 2220 1676 2259 Quapropter
1691 2231 1754 2250 cum
1773 2232 1843 2260 quo-

1104 2263 1168 2292 tidie
1193 2265 1346 2292 muneribus
1362 2275 1402 2292 res
1418 2265 1557 2294 familiaris
1574 2266 1643 2295 ultra
1660 2267 1770 2296 modum
1792 2279 1844 2296 au-

1105 2317 1227 2348 geretur,
1243 2311 1324 2349 coepit
1337 2311 1382 2339 ille
1394 2311 1556 2340 donantibus
1572 2323 1681 2341 munera
1698 2314 1845 2349 remittere,

1104 2363 1129 2385 et
1155 2363 1183 2384 ut
1206 2356 1338 2395 largiendi
1354 2358 1435 2386 finem
1455 2358 1571 2386 facerent
1587 2368 1695 2397 rogare,
1710 2366 1739 2387 ut
1756 2359 1846 2388 videre

1104 2408 1143 2430 est
1163 2402 1187 2430 in
1209 2402 1329 2441 epistolis
1345 2404 1383 2432 50
1404 2403 1436 2431 ad
1459 2403 1672 2442 Diogenem,61
1700 2404 1734 2433 ad
1756 2405 1848 2433 Theo-

1105 2447 1198 2476 dotum
1220 2459 1254 2476 ex
1275 2448 1488 2486 Consularibus,
1510 2456 1535 2477 et
1555 2452 1613 2479 252
1635 2450 1668 2479 ad
1686 2451 1842 2481 Carteriam.

1106 2495 1237 2533 Diogenes
1248 2505 1310 2523 vero
1323 2494 1392 2523 dona
1408 2506 1456 2523 sua
1472 2495 1580 2524 miserat
1600 2507 1647 2535 per
1662 2497 1821 2535 Apbraatem
1834 2519 1843 2531 ,

1105 2541 1195 2569 virum
1220 2541 1467 2579 religiosissimum,
1484 2552 1564 2579 quem
1592 2542 1707 2580 jusserat
1731 2543 1846 2581 Chryso-

1106 2594 1190 2615 stomo
1216 2587 1314 2616 nolenti
1339 2598 1446 2616 munera
1469 2587 1625 2625 relinquere.
1645 2587 1789 2626 Aphraates
1807 2599 1838 2616 ne

1933 853 1941 876 τ
