1884 2922
737 231 839 254 INDEX

90 291 298 331 Cbrysostomus
330 291 396 321 dum
423 291 552 320 adversus
589 291 774 322 schismaticos
808 300 832 322 et

96 335 279 364 schismaticas
294 336 443 364 invehitur.
461 343 508 365 XI.
525 341 588 364 101.
607 346 632 364 c.

132 384 207 413 EUsT
216 395 309 413 irrues
322 385 347 413 in
357 384 514 413 Macedonia
527 384 676 424 episcopus,
685 390 832 415 III.836.A.

132 432 312 462 Et-srmncs
331 444 344 461 a
370 432 513 461 Theodora
534 433 613 461 domo
638 434 747 472 ejectus.
787 441 832 462 ΙΙΙ.

95 481 161 506 793.
175 487 201 505 c.

133 521 290 549 Burnum:
308 520 401 549 scribit
420 520 638 559 Chrysostomus.
655 528 700 549 III.
717 526 783 549 736.
807 532 832 550 Β.

93 568 155 593 844.
172 575 201 592 E.

135 608 307 637 Emnomcs.
331 609 360 636 In
374 608 536 647 Eutropium
551 608 705 636 eunuchum
718 631 725 645 ,
739 608 830 637 Patri-

95 651 166 680 cium
185 662 215 680 ac
231 652 378 686 consulem,
395 652 522 682 Homilia.
547 659 592 681 III.
615 657 679 681 454.
703 665 728 681 A.
748 652 836 691 Hujus

96 706 172 724 casus
196 703 220 723 ct.
249 696 413 724 calamitates
440 695 586 724 admodum
609 694 756 734 stupendae.
788 703 833 724 III.

94 744 157 768 454.
172 752 198 768 A.
214 751 239 768 n.
257 745 322 769 455.
338 740 487 779 Eutropius
500 740 526 767 in
538 739 686 768 Ecclesiam
699 738 777 768 modo
789 738 835 767 dc-

91 784 284 813 bacchabatur.
302 789 367 813 455.
387 795 416 813 n.
432 795 458 811 A.
474 795 498 811 B.
514 784 591 812 Hunc
604 782 728 821 objurgat
740 783 836 822 Chry-

93 834 234 856 sostomus.
250 830 295 856 Ib.
310 828 365 868 Ipsi
379 828 406 856 in
422 827 554 866 dignitate
571 827 714 856 constituto
736 827 836 855 monita

92 871 185 906 dabat,
203 872 248 900 scd
267 872 415 911 Eutropius
433 871 539 900 nolebat
558 871 675 900 credere.
695 872 738 899 lb.
757 881 784 900 c.
804 881 834 898 D.

94 916 220 955 Eutropii
235 916 361 955 splendor
377 922 437 944 ante
452 915 640 943 calamitatem.
658 921 704 943 III.
722 919 786 943 456.
804 924 833 945 n.

94 960 244 998 Eutropius
258 961 285 988 in
301 959 450 994 ecclesiam,
466 960 543 998 cujus
568 958 765 986 immunitatem
777 957 837 986 vio-

93 1004 208 1038 laverat,
221 1004 313 1042 sugere
329 1010 436 1032 coactus
447 1010 493 1031 est.
507 1007 571 1032 457.
586 1013 612 1030 B.
628 1013 655 1031 c.
672 1002 836 1041 Eutropium

94 1047 224 1076 Arcadius
244 1048 394 1087 Imperator
419 1047 518 1076 abduci
535 1057 549 1075 a
566 1046 665 1086 templo
679 1047 765 1085 jubet.
787 1053 834 1075 III.

94 1096 160 1121 456.
176 1103 204 1122 E.
220 1103 249 1120 A.
264 1091 424 1120 Exanimem
443 1091 522 1120 illum
537 1090 659 1129 depingit
675 1089 836 1129 Chrysosto-

94 1146 163 1164 mus.
173 1136 218 1165 Ib.
227 1142 254 1164 et
267 1140 357 1165 458.c.
366 1136 397 1164 In
407 1136 464 1173 ejus
473 1135 586 1173 gratiam
598 1134 730 1174 populun]
739 1134 834 1163 flectit.

94 1186 142 1210 111.
160 1184 224 1210 457.
239 1190 301 1219 sqq.
316 1180 346 1207 In
363 1179 527 1218 Eutropium
537 1185 644 1217 captum
659 1178 741 1206 altera
752 1178 838 1206 homi-

94 1223 140 1251 lia.
156 1231 200 1252 III.
215 1228 280 1252 460.
298 1223 431 1262 Eutropio
446 1223 471 1251 in
486 1222 596 1251 ecclesia
610 1230 715 1261 agente,
731 1222 837 1251 obsessa

95 1268 145 1296 fuit
161 1268 287 1303 ecclesia,
310 1278 383 1296 enses
404 1267 520 1296 districti
551 1267 632 1296 suere.
655 1274 701 1296 III.
719 1272 783 1296 461.
806 1278 834 1295 n.

95 1312 244 1351 Eutropius
266 1310 401 1350 quomodo
418 1317 511 1349 captus
534 1320 594 1338 cum
611 1321 643 1339 ex
661 1310 770 1339 ecclesia
789 1321 838 1339 au-

96 1355 216 1395 fugisset.
239 1357 281 1384 ΙΙ).
297 1366 324 1383 Ε.
343 1355 470 1394 abreptus
485 1365 500 1383 a
518 1354 636 1394 propriis
654 1354 797 1384 clientibus
813 1362 838 1384 et

95 1400 212 1428 famulis.
230 1407 277 1429 III.
291 1404 356 1430 465.
372 1411 398 1427 A.
416 1410 439 1427 n.
453 1398 577 1437 Eutropii
590 1409 649 1436 spes
664 1405 689 1427 et
703 1399 837 1437 refugium

95 1446 214 1475 ecclesia.
231 1454 276 1475 III.
296 1450 360 1474 467.
378 1456 406 1473 n.
425 1444 471 1473 Ad
484 1444 644 1483 Eutropium
659 1444 692 1473 ab
705 1445 766 1473 aula
780 1446 837 1474 Im-

96 1490 226 1530 peratoris
241 1491 354 1529 ejectum
368 1488 466 1517 alludit
478 1488 696 1528 Chrysostomus.
709 1496 755 1518 XI.
770 1494 834 1519 432.

96 1545 122 1562 F.
138 1546 163 1562 A.
182 1542 241 1563 XII.
260 1538 324 1563 459.

137 1579 307 1607 Eunomus
317 1578 343 1606 in
353 1576 509 1606 Macedonia
520 1576 802 1616 episcopus.111.836.
812 1590 836 1607 A.

137 1622 267 1651 Ecrrcm
277 1633 318 1650 im
332 1628 481 1650 notantur.
495 1628 540 1650 III.
553 1625 617 1650 949.
633 1632 657 1648 s.

137 1666 294 1695 Eumenes
317 1665 350 1694 de
372 1666 485 1694 fenestra
502 1665 604 1704 lapsus,
620 1664 685 1693 dum
704 1665 837 1694 audiendo

96 1711 180 1740 Paulo
191 1721 237 1750 per
252 1717 353 1738 noctem
370 1715 488 1740 vacaret.
505 1716 525 1737 I.
544 1713 607 1737 504.
622 1719 648 1738 c.

134 1755 244 1784 Erxm
261 1753 338 1782 Ponti
349 1753 453 1782 incolae.
472 1760 490 1781 I.
508 1757 571 1780 559.
590 1762 615 1779 c.

134 1799 313 1834 ExAcromzs,
321 1807 450 1836 quosnam
461 1807 491 1825 eo
501 1795 606 1824 nomine
617 1795 836 1834 designetlsaias.

96 1849 141 1870 VI.
154 1847 200 1871 47.
214 1852 240 1871 C.

134 1887 178 1915 Ex
187 1896 260 1914 mEN
283 1883 508 1921 ordinandorum,
524 1883 558 1912 de
577 1894 630 1922 quo
644 1895 658 1913 a
676 1884 837 1924 praesulibus

97 1929 164 1958 ratio
180 1928 314 1958 reddenda
329 1934 378 1956 est.
397 1935 442 1956 III.
463 1933 507 1956 10.
526 1938 554 1956 Ι).

136 1973 257 2002 Examen
270 1972 437 2001 conscientias
449 1971 542 2000 sedulo
556 1971 715 2000 ineundum.
731 1977 834 2002 11:793.

96 2029 120 2046 B.
134 2025 179 2046 lv.
196 2021 242 2046 36.
257 2027 283 2045 C.
301 2022 394 2046 101.D.
405 2020 468 2044 268.
487 2027 509 2043 B.
523 2020 661 2046 674.B.V.
677 2021 720 2045 22.
734 2027 761 2045 Δ.
776 2024 833 2046 VII.

98 2059 494 2090 512.c.n.513.lnstituendum
504 2060 651 2099 praesertim
661 2067 721 2089 ante
732 2067 837 2100 tempus

96 2111 231 2134 nocturnae
255 2104 363 2143 quietis.
381 2110 413 2132 V.
432 2108 478 2132 22.
492 2114 520 2132 D.
534 2115 562 2133 E.
582 2115 608 2132 c.
625 2105 837 2133 Examinanda

98 2150 276 2178 conscientia
293 2154 360 2176 arzle
374 2157 516 2176 somnum.
532 2154 565 2176 V.
582 2152 648 2178 716.
666 2158 693 2176 n.
708 2152 774 2177 717.

135 2193 382 2221 Exorai-Amnum
398 2190 619 2219 condemnantur.
636 2199 670 2220 11.
689 2196 752 2220 287.
766 2203 794 2220 A.

135 2236 290 2271 Excessus,
303 2246 348 2264 scu
365 2234 483 2269 ecstasis,
495 2234 561 2272 quid
575 2235 618 2264 sit.
630 2242 663 2265 V.
681 2240 745 2264 374.
764 2246 789 2263 e.
807 2246 834 2264 n.

135 2280 456 2308 EXCOMMUNICATIONIS
467 2279 595 2307 sententia
606 2280 632 2307 in
644 2290 688 2308 eos
701 2280 746 2318 qui
760 2279 836 2308 thea-

95 2331 198 2352 trorum
221 2322 372 2362 spectacula
399 2322 494 2350 diebus
518 2324 615 2352 sanctis
631 2323 764 2352 adierunt.
790 2330 834 2351 VI.

96 2372 159 2396 327.

135 2411 299 2447 Excoxsm„
308 2410 334 2443 ἐξ
342 2411 460 2447 birinum
469 2410 654 2449 expraefectus,
667 2411 692 2444 ἐξ
701 2411 836 2450 ὑπάρχων.

96 2463 129 2484 II.
149 2459 212 2483 193.
228 2466 254 2482 A.

137 2499 306 2528 Excusvrro
323 2498 349 2526 in
367 2497 482 2537 peccatis
494 2498 615 2537 pessima.
631 2505 664 2526 V.
683 2502 747 2527 527.
767 2509 792 2528 Ε.
809 2510 833 2526 A.

96 2545 166 2572 Iram
180 2542 229 2570 Dei
244 2542 329 2580 magis
339 2541 469 2571 accendit.
487 2549 506 2570 I.
525 2546 589 2571 492.
610 2555 635 2572 A.

138 2586 268 2615 ExEMPLI
283 2587 323 2615 vis
335 2593 443 2624 quanta.
459 2593 478 2614 I.
500 2590 560 2615 120.
578 2596 602 2615 c.
618 2590 681 2615 121.
698 2597 721 2617 n.
737 2587 837 2615 Exem-

1587 220 1601 229 ,μ

869 231 994 254 annun.
1561 221 1627 255 233

888 293 925 332 pli
940 293 1003 322 boni
1020 293 1060 322 vel
1079 293 1141 322 mali
1161 293 1211 322 vis.
1229 300 1274 330 IX.
1290 297 1354 322 788.
1371 304 1394 321 n.
1416 292 1542 332 Exempli
1564 293 1626 322 boni

888 337 930 366 vis
945 344 970 366 et
985 337 1114 367 efficacia.
1128 345 1159 366 II.
1173 342 1218 366 98.
1235 349 1260 366 A.
1277 349 1301 365 B.
1317 342 1381 367 317.
1402 349 1429 366 E.
1445 344 1531 366 A.1v.
1545 342 1592 366 69.
1607 349 1631 366 A.

891 392 915 410 n.
936 392 961 408 c.
984 381 1111 420 Exempli
1131 381 1195 409 mali
1212 387 1310 419 quanta
1328 381 1468 420 pernicies.
1487 389 1507 410 I.
1528 386 1592 410 725.
1605 393 1632 409 A.

891 429 956 453 726.
970 436 996 455 Β,
1014 425 1178 464 Exemplum
1189 425 1290 453 malum
1305 425 1383 453 etiam
1392 425 1538 464 gentilibus
1549 432 1574 453 et
1586 426 1632 454 Ju-

891 468 957 497 dmis
970 469 1091 497 nocuisse
1101 469 1188 497 innuit
1200 470 1226 498 S.
1238 469 1347 503 Paulus,
1360 477 1384 498 et
1396 480 1486 508 quare.
1497 476 1540 498 IV.
1553 474 1597 497 60.
1607 480 1633 498 c.

890 512 1023 552 Exemplo
1060 513 1144 551 magis
1172 524 1252 551 quam
1286 513 1459 552 philosophia
1480 512 1634 552 praedican-

888 555 962 584 dum.
977 564 1009 585 X.
1025 562 1102 586 25.A.
1117 558 1248 596 Exemplo
1261 557 1306 595 qui
1322 567 1372 586 non
1383 557 1523 597 praedicat,
1535 557 1632 586 doctor

889 600 969 628 valde
982 601 1143 629 miserabilis
1154 608 1202 629 est.
1220 609 1278 630 YII.
1292 606 1356 630 791.
1371 613 1397 630 A.
1413 613 1439 629 B.
1451 605 1516 629 792.

930 644 1062 683 Exempla
1075 645 1121 672 etsi
1133 656 1189 673 rem
1199 651 1281 673 totam
1294 652 1483 684 repraesentare
1493 650 1633 682 nequeant,

889 688 1015 726 majorem
1024 689 1080 727 ejus
1089 696 1190 727 partem
1199 689 1460 728 menticogitandam
1469 689 1632 726 relinquunt.

890 736 1003 760 ΧΙ.282.
1014 743 1038 761 Β.
1050 732 1180 771 Exempla
1192 732 1387 761 vicissitudinis
1398 743 1487 761 rerum
1499 732 1633 760 humana-

890 785 961 804 rum.
983 783 1013 804 V.
1027 780 1091 805 610.
1110 788 1139 806 n.

930 819 1077 858 Exempla
1095 821 1266 858 paenitentia
1282 820 1311 847 in
1327 825 1448 858 utroque
1467 820 1633 848 Testamen-

890 870 927 892 10.
944 869 976 891 V.
989 869 1054 891 711.
1072 874 1097 893 P..

930 905 1091 935 Exnnmrro
1106 907 1191 935 virtus
1207 907 1377 936 informatur.
1395 914 1443 936 IX.
1455 912 1519 936 255.
1538 918 1566 936 D.
1580 918 1607 935 B.

930 951 1132 979 Exisrtmario
1150 951 1291 980 hominum
1306 951 1383 991 parvi
1405 951 1554 991 pendenda.
1584 959 1631 980 IX.

892 999 957 1023 137.
974 1005 1000 1021 A.

929 1042 1057 1074 Egffing,
1090 1038 1188 1074 abolla,
1208 1039 1324 1079 pallium
1344 1038 1581 1079 philosophorum.
1610 1048 1631 1070 I.

891 1089 955 1113 333.
968 1095 995 1112 E.
1015 1090 1060 1112 VI.
1075 1087 1121 1111 29.
1139 1095 1165 1111 Α.

930 1130 1126 1157 ΕΧΡΕΜΕΝΤΗ
1150 1126 1260 1157 cautelae
1289 1126 1427 1165 magistra.
1457 1134 1488 1156 II.
1510 1132 1574 1156 183.
1604 1140 1630 1157 A.

890 1171 1066 1210 Experientia
1090 1170 1240 1209 plurimum
1259 1169 1293 1198 ad
1315 1171 1493 1209 cognitionem
1520 1172 1632 1200 confert.

891 1224 950 1245 XII.
966 1221 1013 1244 79.
1029 1227 1054 1243 A.
1072 1226 1097 1243 B.
1111 1214 1291 1254 Experientiae
1305 1221 1331 1243 et
1344 1215 1544 1244 exercitationis
1557 1226 1634 1244 com-

891 1259 984 1290 moda.
1002 1266 1046 1287 vi.
1067 1263 1129 1287 193.
1145 1269 1171 1286 c.

930 1305 1095 1337 ExsEQUIAs
1105 1302 1239 1341 quomodo
1252 1302 1385 1331 celebrare
1397 1303 1487 1332 deceat
1502 1304 1632 1333 Christia-

891 1358 946 1377 nos.
961 1356 982 1378 I.
1005 1352 1068 1376 938.
1096 1358 1125 1375 n.
1149 1357 1212 1385 sqq.
1232 1346 1430 1385 Exsequiarum
1452 1348 1559 1376 modus.
1585 1356 1632 1378 XI.

891 1397 955 1421 249.
977 1403 1004 1420 F.
1028 1402 1054 1419 A.
1079 1401 1142 1430 sqq.
1158 1390 1367 1429 Splendidarum
1383 1394 1572 1430 exsequiarum
1588 1403 1634 1421 va-

890 1436 969 1467 nitas,
987 1443 1019 1464 V.
1036 1440 1103 1467 265,
1124 1446 1149 1463 A.
1176 1445 1201 1464 n.
1224 1439 1288 1463 266.
1309 1434 1457 1472 Exsequias
1473 1436 1632 1465 Graecorum

890 1491 972 1517 more,
983 1490 1031 1509 suo
1043 1487 1161 1519 tempore
1174 1479 1355 1517 frequentatos
1366 1480 1535 1518 reprehendit
1547 1481 1636 1520 Chry-

891 1532 1031 1554 sostomus.
1049 1531 1107 1553 XII.
1126 1528 1170 1552 65.
1188 1534 1214 1552 A.
1233 1534 1257 1551 Β.
1274 1530 1298 1551 et
1324 1530 1413 1562 turpes
1443 1524 1511 1552 ritus
1526 1525 1550 1552 in
1565 1536 1636 1553 exse-

890 1570 971 1607 quiis.
987 1577 1045 1599 XII.
1059 1573 1104 1597 66.
1122 1580 1146 1598 A.
1160 1578 1224 1607 sqq.
1239 1568 1269 1596 In
1281 1568 1416 1605 exsequiis
1431 1569 1544 1607 praefica?
1557 1569 1635 1598 adhi-

890 1613 962 1642 bitae.
980 1620 1024 1642 XI.
1042 1617 1106 1641 250.
1125 1623 1150 1641 B.
1174 1612 1285 1640 Illarum
1301 1622 1380 1640 usum
1395 1612 1530 1651 vituperat
1545 1613 1635 1653 Chry-

891 1664 1032 1686 sostomus.
1048 1663 1106 1685 XII.
1122 1661 1167 1685 68.
1186 1667 1212 1683 B.

931 1702 1116 1730 Exsmmxrio
1134 1700 1185 1728 alia
1198 1700 1283 1735 bona,
1296 1699 1349 1727 alia
1365 1700 1446 1730 mala,
1464 1707 1496 1728 V.
1521 1706 1583 1730 151.
1605 1713 1630 1730 A.

890 1745 1043 1775 Exsultatio
1064 1755 1116 1772 non
1134 1750 1219 1783 potest
1235 1754 1290 1772 esse
1305 1743 1361 1771 sinc
1380 1744 1562 1783 simplicitate.
1583 1752 1632 1774 IX.

890 1794 936 1820 68.
948 1794 993 1818 69.

930 1840 1076 1869 EzncnIAS
1092 1849 1143 1867 non
1159 1838 1259 1877 gladii,
1278 1838 1323 1867 sed
1337 1839 1519 1878 precationum
1535 1840 1633 1879 praesi-

889 1884 935 1913 dio
958 1883 1137 1913 communitus
1163 1883 1296 1921 ingentem
1318 1881 1519 1911 multitudinem
1541 1884 1633 1912 celeri—

890 1935 930 1957 ter
951 1929 1031 1957 vertit
1048 1927 1073 1955 in
1092 1927 1191 1965 fugam.
1208 1933 1240 1954 II.
1259 1931 1321 1955 944.
1335 1936 1361 1954 n.
1376 1926 1504 1954 Ezechias
1520 1927 1632 1966 supinus

890 1973 917 2001 in
928 1973 996 2001 lecto
1010 1971 1120 2006 cubans,
1135 1981 1212 1999 versa
1228 1969 1262 1998 ad
1277 1969 1404 2009 parietem
1418 1970 1497 2007 facie,
1514 1981 1566 2000 non
1580 1972 1631 2000 mi-

890 2027 981 2046 norem
994 2016 1044 2045 sibi
1054 2014 1167 2054 gratiam
1179 2013 1341 2048 conciliavit,
1355 2024 1385 2042 ac
1397 2013 1419 2042 si
1430 2021 1501 2042 stans
1513 2022 1538 2043 et
1553 2015 1632 2044 flexis

890 2061 1002 2100 genibus
1015 2059 1152 2088 oravisset.
1170 2065 1213 2086 IV.
1232 2062 1296 2088 855.
1318 2069 1345 2087 D.
1370 2068 1397 2086 E.
1419 2057 1547 2088 Ezechias
1563 2069 1633 2098 aeger

890 2115 921 2133 ac
933 2105 1045 2144 jamjam
1059 2103 1205 2131 moriturus
1220 2101 1254 2130 ad
1269 2101 1428 2140 prophetam
1443 2102 1564 2142 confugit
1578 2109 1634 2132 tan-

892 2159 972 2187 quam
986 2154 1070 2176 morte
1083 2146 1267 2186 potentiorem.
1282 2152 1302 2175 1.
1322 2149 1385 2176 146,
1402 2156 1431 2174 A.
1450 2145 1588 2183 Ezechias,
1604 2147 1634 2175 li-

891 2198 931 2220 cet
942 2191 998 2230 ipse
1011 2191 1108 2220 virtute
1120 2189 1270 2229 pietateque
1285 2187 1416 2227 praeditus
1430 2189 1484 2225 vir,
1501 2190 1535 2218 ob
1549 2191 1633 2229 patris

892 2234 1009 2263 Davidis
1023 2234 1149 2262 virtutem
1161 2244 1175 2260 a
1188 2233 1244 2261 Deo
1257 2238 1378 2261 servatus
1388 2239 1435 2261 est.
1449 2240 1470 2261 1.
1491 2238 1553 2263 138.
1568 2246 1593 2264 Β.
1608 2245 1633 2264 c.

931 2278 1078 2306 Ezncnmt.
1094 2276 1189 2304 maluit
1209 2276 1235 2303 in
1252 2275 1338 2304 aliena
1358 2283 1428 2305 terra
1449 2287 1510 2305 cum
1531 2279 1633 2317 populo

894 2322 940 2351 Dei
948 2321 981 2349 ad
990 2321 1047 2359 ejus
1058 2320 1265 2349 consolationem
1273 2319 1368 2358 degere
1380 2331 1462 2358 quam
1476 2321 1501 2349 in
1513 2322 1632 2361 propria.

893 2373 937 2395 VI.
957 2370 984 2395 2.
1002 2376 1024 2393 n.
1040 2375 1065 2393 c.
1084 2365 1153 2392 Cum
1168 2364 1225 2403 ipse
1235 2364 1326 2402 justus
1339 2370 1426 2399 esset,
1446 2365 1576 2394 Israelitis
1591 2372 1633 2394 ta-

892 2419 963 2446 men,
978 2418 1044 2447 quos
1059 2414 1207 2447 peccatores
1221 2414 1331 2436 noverat
1345 2429 1351 2443 ,
1364 2409 1480 2447 compati
1495 2409 1593 2438 voluit.
1609 2417 1630 2438 I.

892 2458 955 2482 229.
981 2463 1007 2481 Ε.
1031 2464 1055 2481 A.
1079 2453 1201 2488 Quantos
1217 2451 1351 2479 cruciatus
1366 2462 1414 2491 pro
1438 2452 1532 2481 alienis
1555 2454 1633 2483 malis

892 2496 1041 2536 pertulerit.
1058 2503 1076 2525 I.
1088 2500 1153 2525 268.
1168 2507 1191 2524 n.
1209 2494 1356 2523 Ezechielis
1366 2496 1434 2524 visio
1443 2497 1522 2535 juxta
1534 2497 1632 2526 flumen

891 2541 1008 2570 Chobar.
1028 2547 1047 2568 I.
1065 2544 1130 2568 572.
1150 2550 1178 2567 D.
1197 2550 1222 2567 E.
1240 2551 1264 2568 A.
1284 2540 1423 2568 Ezechiel
1437 2541 1518 2579 apud
1529 2542 1634 2570 Persas

893 2585 1053 2614 turnulatus
1068 2590 1122 2612 est.
1143 2590 1214 2612 VIII.
1237 2588 1300 2614 914.
1317 2594 1343 2612 c.
