1884 2922
822 226 864 272 vil

76 301 178 329 xit-iuis
195 307 308 329 attento
328 300 426 329 lectori
447 301 528 330 litcile
545 301 710 340 supplenda
725 324 731 330 .
752 312 812 339 quo
833 301 1014 340 repetitionis
1030 309 1134 337 genere
1149 298 1240 327 altera
1260 299 1389 328 recensio
1410 298 1565 334 abundat,
1587 307 1614 328 εἰ

77 347 122 376 vel
137 347 193 376 hoc
209 347 271 377 solo
290 350 433 385 posterior
446 359 506 378 esse
522 348 766 388 deprehenditur.
780 349 814 377 In
831 349 934 387 primis
945 349 1004 377 sere
1028 355 1056 376 et
1078 347 1232 385 postremis
1246 346 1384 375 Homiliis
1395 346 1482 385 plura
1501 346 1616 376 diversa

76 402 240 424 cernuntur
257 407 348 434 quam
362 398 391 425 in
407 397 505 425 medio
523 407 621 436 opere.
637 395 699 426 Nos
710 397 826 435 cognita
842 396 920 425 illius
937 395 1042 425 codicis
1054 395 1228 424 auctoritate
1250 402 1278 423 et
1289 395 1453 433 praestantia
1463 417 1470 430 ‚
1485 395 1617 434 plurima

76 453 111 470 ex
123 454 157 471 eo
172 443 200 471 in
215 450 298 472 textu
307 444 583 483 redintegravimus,
592 444 693 484 aliqua
703 446 793 473 etiam
807 455 840 473 ex
852 445 954 473 ceteris
965 444 1073 478 tribus,
1089 444 1141 481 qui
1154 443 1183 471 in
1202 453 1308 481 magna
1327 442 1557 481 interpolatione
1569 450 1612 471 ta—

77 501 144 518 nien
162 492 292 530 genuina
313 493 450 530 quaedam
462 493 517 522 soli
531 493 688 522 servabant
701 505 708 521 z
725 492 774 522 sed
786 503 846 531 quo
859 493 958 520 minus
970 492 1072 520 omnia
1091 502 1126 519 ex
1139 497 1239 519 nostra
1253 497 1354 520 mente
1367 498 1396 519 et
1414 501 1489 519 verae
1507 491 1617 520 criticae

78 538 140 576 lege
149 538 439 577 administraremus,
449 541 563 569 obstitit
582 542 678 579 operis
688 540 779 578 hujus
801 540 985 572 institutum,
1003 538 1085 576 quod
1100 539 1137 567 ab
1160 538 1368 567 Montsauconi
1382 539 1513 568 editione
1523 540 1616 569 disce-

79 584 149 615 dere
165 587 282 616 vetabat
301 589 357 617 nisi
371 590 453 627 gravi
467 589 637 628 impellente
651 600 749 619 causa.
772 589 871 627 Quare
883 589 978 618 multa
993 589 1022 617 in
1039 589 1101 617 imo
1115 589 1249 626 margine
1264 589 1350 617 uncis
1363 596 1477 618 retenta
1492 589 1618 624 licerent,

78 643 151 671 quae,
164 635 186 663 si
199 646 243 664 res
255 637 369 674 integra
384 637 495 674 fuisset,
510 638 541 665 in
563 639 704 667 orationis
717 639 791 668 serie
802 637 902 666 locum
918 637 1028 666 hahere
1040 636 1196 665 debebant.

117 728 254 767 Denique
272 737 332 758 tam
344 730 554 768 praeclarorum
568 729 771 759 subsidiorum
786 740 841 767 ope
852 739 888 757 co
903 734 1082 766 perventum
1094 733 1147 763 cst,
1161 734 1195 755 ut
1205 737 1257 764 per
1268 733 1381 755 nostras
1392 726 1615 756 emendationes

78 777 125 806 vel
140 778 170 805 in
191 785 274 806 textu
293 779 403 816 positas
425 778 470 807 vel
488 777 629 807 indicatas
641 779 671 806 in
686 777 879 806 adnotatione
891 775 936 804 lire
949 775 1085 804 Homiliae
1099 776 1160 812 jam
1176 775 1272 803 multo
1285 775 1409 812 propius
1422 775 1565 805 accedant
1575 776 1614 804 ad

78 826 236 863 pristinam
249 826 455 864 integritatem,
467 836 560 864 quam
574 826 605 853 in
620 825 678 854 alia
690 824 820 854 editione
838 823 908 852 ulla.

120 913 218 942 Altera
235 925 302 952 pars
317 914 408 952 liujus
429 913 592 943 voluminis
605 913 815 952 complectitur
841 911 988 939 Homilias
1003 912 1033 939 in
1050 909 1216 949 Epistolam
1232 909 1269 938 ad
1291 909 1454 945 Romanos,
1475 908 1513 938 ab
1528 909 1615 939 nobis

77 972 146 989 cnm
159 972 220 990 uno
236 962 335 990 codice
354 962 488 995 collatas;
507 963 592 1000 cujus
605 961 718 991 auxilio
733 967 761 989 et
778 959 924 989 varietatis
935 959 1091 997 diligenter
1102 957 1140 986 ab
1155 957 1265 986 San-'ilio
1279 964 1424 996 excerpta}
1448 967 1508 986 non
1522 968 1616 996 pauca

80 1010 186 1046 passim
203 1010 309 1038 melius
323 1011 483 1038 constituta
494 1016 572 1039 sunt.
588 1009 623 1037 In
645 1008 784 1038 Homiliis
799 1010 837 1037 25
852 1015 881 1037 et
902 1008 937 1035 31
962 1007 1074 1035 fontem
1093 1005 1354 1045 deprehendimus,
1371 1015 1406 1034 ex
1421 1016 1482 1044 quo
1501 1016 1617 1044 anony-

80 1067 143 1085 mus
158 1057 282 1096 scriptor
297 1057 433 1085 Homz'lioe
454 1059 485 1085 in
505 1058 624 1085 Domini
642 1057 798 1084 adventum
828 1054 1031 1094 (Spuriorum
1047 1054 1210 1084 voluminis
1235 1056 1265 1090 8,
1280 1063 1346 1092 pag.
1365 1054 1433 1087 194,
1458 1053 1490 1084 B.
1508 1064 1589 1092 seqq.
1608 1056 1616 1085 Ἰ

78 1106 208 1142 profecit.

119 1184 272 1213 Postremo
282 1183 390 1221 Spuria
400 1185 509 1223 partim
525 1183 627 1213 Savilii
642 1185 828 1222 conjecturis7
841 1193 915 1222 quas
934 1182 1113 1222 plerumque
1127 1181 1317 1221 neglexerant
1332 1181 1528 1211 Benedictini.
1543 1192 1615 1220 pat·-

81 1233 134 1260 tim
150 1232 257 1261 nostris
277 1232 515 1261 emendavimus.

119 1323 257 1353 Eundem
268 1323 391 1353 modum
403 1324 555 1353 tenuimus
567 1324 596 1352 in
610 1322 724 1362 Spurijs
732 1322 887 1352 volumine
894 1322 1009 1351 decimo
1021 1321 1257 1361 comprehensisq
1271 1321 1321 1350 sed
1331 1320 1367 1350 de
1377 1321 1513 1359 genuinis
1523 1320 1603 1359 Chry
1612 1337 1620 1340 -

80 1372 212 1408 sostomi‚
225 1372 261 1401 de
273 1372 408 1401 Homiliis
420 1373 450 1400 in
463 1372 591 1410 primam
598 1370 763 1409 Epistolam
775 1370 813 1399 ad
824 1370 1002 1403 Corinthios,
1013 1370 1050 1399 al)
1061 1370 1173 1399 savilio
1183 1377 1211 1398 et
1224 1369 1441 1398 Montfaucono
1464 1368 1502 1397 ad
1514 1379 1611 1397 unum

78 1420 168 1449 modo
183 1420 314 1448 codicem
325 1429 456 1458 eumque
470 1419 624 1458 aliquoties
639 1418 824 1447 deficientem
839 1418 958 1451 exactis,
977 1428 1029 1446 nos
1049 1417 1257 1446 consuluimus
1272 1416 1386 1445 codices
1401 1416 1509 1454 Regios
1525 1416 1611 1445 duos.

79 1468 142 1504 His,
157 1478 225 1497 cum
236 1467 414 1506 plerumque
426 1468 457 1495 in
472 1467 587 1496 diversa
609 1466 728 1502 abeant,
742 1467 872 1495 maxinm
885 1467 1046 1495 auctoritas
1066 1473 1108 1495 est
1124 1465 1308 1504 ubicumque
1323 1465 1354 1493 in
1380 1476 1477 1493 unum
1494 1465 1614 1503 conspi-

79 1522 146 1544 rant
159 1527 166 1542 :
184 1515 294 1554 quibus
308 1516 360 1551 ita,
383 1522 418 1544 ut
427 1515 622 1549 debebamus,
638 1513 668 1543 id
679 1521 721 1543 est
732 1513 936 1542 moderatione
951 1521 980 1543 et
992 1515 1129 1543 cautione
1143 1524 1262 1552 magna,
1279 1512 1318 1541 ad
1329 1512 1553 1541 emendandum
1570 1513 1615 1541 usi

76 1574 192 1599 sumus,
207 1562 303 1592 multa
317 1563 348 1591 in
359 1563 552 1591 annotatione
561 1562 702 1591 indicasse
715 1562 856 1591 contenti.
876 1562 908 1589 ln
925 1561 970 1591 liis
985 1562 1124 1591 Homiliis
1136 1562 1228 1600 paulo
1240 1561 1430 1600 frequentius
1439 1571 1531 1599 quam
1544 1560 1614 1589 alibi

77 1611 113 1640 de
126 1611 272 1640 sententia
286 1610 448 1639 verborum
462 1610 665 1649 Chrysostomi
679 1609 886 1639 djsserendum
902 1618 976 1645 erat,
994 1618 1116 1649 cogente
1130 1621 1162 1639 re
1182 1611 1291 1639 critica.
1305 1609 1415 1638 Praeter
1430 1608 1613 1637 Savilianam

76 1658 250 1694 editionem,
264 1666 298 1687 ut
316 1659 347 1687 in
362 1658 546 1697 praecedente
562 1657 726 1693 volumine,
743 1659 782 1686 ita
797 1658 826 1685 in
841 1656 897 1685 hoc
919 1665 947 1687 et
971 1658 1165 1696 sequentibus
1185 1668 1260 1696 saepe
1275 1657 1457 1696 inspeximus
1473 1655 1615 1686 Comme-

78 1707 233 1743 liniauam‚
248 1717 317 1736 cum
330 1713 359 1736 et
373 1707 534 1736 vetustiore
547 1706 716 1736 Veronensi
730 1713 759 1736 et
773 1707 934 1745 posteriore
947 1705 1125 1735 Morelliana
1138 1715 1315 1735 careremus.

116 1799 151 1827 In
168 1799 307 1829 Homiliis
323 1800 353 1827 in
366 1799 489 1828 alteram
503 1799 668 1838 Epistolam
681 1799 720 1828 ad
733 1798 903 1828 Corinthios
917 1797 1011 1827 codici
1025 1797 1218 1833 Coisliniano‚
1238 1807 1301 1835 quo
1323 1797 1368 1826 usi
1391 1797 1508 1827 fuerant
1523 1796 1615 1825 Bene-

76 1846 179 1876 dictini
195 1870 203 1884 ,
217 1848 356 1876 comitem
367 1846 542 1876 addidimus
557 1847 687 1885 Regium
700 1858 770 1876 cum
784 1847 884 1876 fructu
897 1857 957 1875 non
974 1845 1206 1880 contemnendo,
1224 1844 1292 1873 licet
1306 1855 1415 1883 magna
1426 1855 1494 1884 pars
1508 1855 1614 1874 eorum

77 1904 143 1933 quae
153 1894 202 1924 hic
216 1894 299 1923 nobis
313 1894 451 1933 praebuit,
469 1895 500 1922 in
513 1893 615 1923 Savilii
627 1894 757 1923 editione
771 1901 824 1923 aut
835 1895 976 1923 varietate
991 1894 1032 1922 ibi
1044 1899 1187 1922 annotata
1199 1894 1261 1931 jam
1273 1899 1411 1921 exstaret.

115 1984 159 2013 Ad
170 1984 429 2014 Commentarium
442 1986 472 2014 in
491 1985 655 2024 Epistolam
678 1985 717 2014 ad
731 1984 851 2014 Galatas
874 1985 1110 2014 Montfauconus
1129 1985 1249 2014 scribit:
1268 1985 1399 2023 Hujusce
1413 1987 1610 2013 commentarii

77 2042 211 2060 nezanum
224 2033 339 2071 quidem
355 2035 447 2070 reperi
461 2033 587 2060 codicem
602 2036 843 2072 manuscripzmn.
855 2035 893 2063 At
905 2033 1075 2063 Colbertina
1085 2033 1266 2063 bibliotheca
1277 2033 1414 2062 servabat
1422 2033 1510 2068 duos,
1521 2034 1614 2073 Regia

78 2090 174 2109 unum
186 2079 285 2109 saeculi
298 2086 358 2115 xn,
370 2090 461 2118 quem
473 2090 526 2109 nos
538 2087 635 2109 totum
647 2080 841 2117 contulimus,
854 2082 884 2110 in
895 2087 1044 2120 postrema
1056 2088 1138 2119 parte
1149 2082 1239 2110 etiam
1249 2080 1489 2110 Colbertinorum
1502 2092 1613 2111 unum.

78 2127 317 2157 Licetindiffusis
335 2127 381 2156 his
399 2129 619 2157 commentariis
636 2139 730 2166 pauca
755 2128 974 2158 offenderemus
986 2128 1110 2157 obscura
1120 2136 1173 2157 aut
1184 2135 1335 2167 corrupta,
1353 2135 1452 2158 tamen
1474 2140 1536 2158 non
1551 2130 1614 2160 sine

78 2176 203 2206 utilitate
213 2176 299 2205 nobis
316 2176 484 2205 institutam
497 2176 587 2205 fuisse
602 2176 791 2205 collationem
802 2177 885 2206 illam
896 2187 931 2205 ex
946 2176 1057 2205 notulis
1071 2177 1178 2205 criticis
1191 2176 1352 2215 apparebit.

114 2269 171 2298 Per
185 2269 337 2307 integrum
349 2268 493 2298 volumen
508 2268 702 2297 undecimum
716 2268 871 2298 Savilianae
886 2268 1023 2297 editionis
1041 2274 1139 2297 textus
1149 2268 1334 2307 praestantior
1347 2276 1390 2298 est
1404 2268 1609 2299 Benedictino.

76 2318 156 2347 Nam
172 2324 199 2346 et
213 2316 351 2355 pluribus
365 2316 584 2354 manuscriptis,
600 2323 628 2345 et
651 2317 815 2345 accuratius
838 2317 974 2355 inspectis
995 2323 1024 2345 et
1046 2315 1200 2345 subtiliore
1217 2316 1329 2354 judicio
1343 2318 1477 2355 expensis
1497 2317 1612 2357 Anglus

76 2366 126 2399 ille
139 2365 380 2404 diligentissimus
395 2374 467 2392 usus
480 2371 533 2392 est.
559 2364 745 2393 Benedictini
766 2375 827 2393 non
853 2365 909 2393 nisi
928 2364 1002 2393 levia
1016 2374 1051 2393 ex
1066 2364 1126 2392 suis
1141 2371 1336 2398 annotarunt;
1352 2372 1381 2394 et
1394 2364 1611 2395 Mosellianum

77 2422 191 2444 textum
205 2424 241 2441 ex
256 2412 406 2441 Saviliano
420 2419 453 2441 ut
467 2411 635 2451 plurimum
649 2423 812 2445 correxere,
835 2412 886 2441 sed
911 2413 950 2441 ita
974 2419 1008 2441 ut
1028 2411 1160 2450 amplam
1175 2413 1289 2450 copiam
1313 2413 1557 2442 emendationum
1573 2414 1611 2443 ab

75 2462 180 2492 eodem
191 2460 302 2491 Sarilio
315 2459 474 2499 petendam
489 2461 703 2490 successoribus
716 2461 929 2500 relinquerent.
946 2462 1089 2491 Praeterea
1104 2462 1255 2491 codicibus
1276 2463 1365 2491 etiam
1378 2463 1423 2491 usi
1435 2474 1541 2492 sumus
1551 2484 1558 2496 ,
1574 2463 1612 2492 dc

77 2510 185 2549 quibus
197 2509 300 2548 paullo
314 2516 379 2547 post
390 2507 561 2547 singulatim
572 2509 806 2538 memorabimus
820 2521 828 2544 3
844 2517 870 2539 et
885 2510 1051 2539 multorum
1063 2510 1281 2539 ohservationes
1296 2511 1325 2538 in
1342 2518 1446 2539 octavo
1456 2510 1611 2540 volumine

77 2557 217 2587 Saviliani
232 2557 328 2596 operis
341 2556 476 2585 collectas
490 2556 528 2585 ab
540 2555 597 2585 hoc
612 2557 682 2587 inde
696 2558 851 2588 volumine
863 2559 1130 2588 Montsauconiano
1141 2559 1333 2588 excussimus.
1351 2558 1505 2588 Nimirum
1520 2560 1610 2588 Bene-

78 2605 180 2634 dictini
194 2605 355 2635 editionem
369 2615 455 2634 suam
467 2604 505 2634 ab
516 2605 600 2634 initio
611 2606 651 2634 ita
663 2606 865 2641 instituerant,
886 2613 922 2635 ut
944 2606 1094 2636 breviores
1107 2613 1191 2635 notas
1203 2617 1238 2635 ex
1249 2607 1308 2635 suis
1323 2605 1473 2635 codicibus
1489 2613 1521 2635 ut
1538 2605 1609 2644 plu-
