1884 2922
753 230 858 255 INDEX

155 296 309 325 PRECATtO.
333 296 448 326 szcns.
482 295 583 324 Earum
611 295 652 323 vis
682 301 707 323 et
737 294 855 323 efficacia

114 340 326 369 commendatur.
354 347 387 369 ΙΙ.
412 344 477 369 931.
494 350 521 368 A.
536 349 599 377 sqq.
623 346 666 368 111.
689 343 733 367 14.
757 342 801 367 15.
820 345 852 366 V.

114 389 179 414 440.
197 395 225 412 A·
241 395 304 423 sqq.
322 391 380 413 ΧΠ.
397 388 463 413 358.
480 394 506 412 c.
523 393 588 422 sqq.
605 385 679 410 Dum
700 392 854 421 precamur,

114 434 167 456 uta
178 429 236 456 Deo
246 428 424 457 exaudiamur
435 429 462 456 in
475 426 552 455 nobis
566 433 614 455 est.
631 433 662 454 V.
678 431 743 456 489.
758 437 786 454 A.
800 425 856 454 Ubi

112 478 151 500 est
165 472 283 510 precatio
299 479 324 501 et
339 471 489 510 gratiarum
502 470 582 504 actio,
598 480 628 498 eo
642 470 760 508 Spiritus
771 470 857 498 sancti

114 515 222 544 advenit
239 516 342 555 gratia,
359 522 384 543 et
398 514 508 552 diffugit
531 513 619 542 omnis
637 513 788 541 adversaria
804 524 856 552 po-

115 566 203 589 testas.
231 567 276 590 lv.
305 563 370 588 833.
398 569 424 587 c.
451 558 579 588 Precibus
601 557 782 586 misericordia
806 558 857 586 Dei

115 603 284 633 conciliatur.
299 610 332 632 X.
351 607 414 631 503.
428 613 453 630 A.
468 612 531 640 sqq.
544 601 656 630 Etiamsi
668 602 741 630 Deus
755 601 856 630 m‘iseri-

115 647 207 676 cordia
229 653 317 675 motus
332 645 434 685 aliquid
455 646 552 681 faciat,
577 652 666 673 tamen
692 645 737 673 hic
751 656 858 684 quoque

116 690 232 730 precatio
256 691 373 719 muttum
402 689 552 728 adjumenti
577 689 663 717 affert.
691 691 735 718 lh.
759 689 857 718 Omnia

115 735 184 763 levia
197 741 221 762 et
234 734 323 762 facilia
334 733 631 762 reddit.1x·.327.c.Ex
642 733 857 772 impossibilibus

115 778 254 817 possibilia
274 778 355 812 facit,
372 788 406 806 ex
418 777 577 805 difficilibus
591 777 692 814 facilia,
708 784 733 805 et
747 788 780 806 cx
797 784 857 806 tor-

116 822 201 850 tuosis
216 828 295 850 recta.
305 828 350 850 lv.
369 825 434 849 852.
450 831 475 849 c.
491 820 612 849 Precatio
623 831 682 859 spes
695 828 795 851 nostra.
809 829 854 850 tv.

116 870 182 894 858.
200 876 228 894 n.
246 867 339 894 Preces
354 864 500 903 diligenter
520 865 622 893 emissae
647 871 777 902 quantum
792 875 857 904 pro-

116 909 179 938 sint.
192 916 239 938 Xl.
257 914 321 938 498.
341 920 368 937 Ε.
386 919 448 947 sqq.
464 909 594 937 Omnium
615 919 704 936 rerum
719 909 774 936 vim
794 919 859 947 pre-

117 953 185 982 catio
208 964 260 981 una
283 952 448 992 suppeditat.
465 959 498 981 11.
514 957 578 981 942.
602 963 626 980 c.
654 952 729 981 Varii
751 953 859 980 effectus

117 997 174 1036 ejus
199 997 346 1025 mirabiles.
362 998 405 1025 ΙΙ).
430 1007 493 1035 sqq.
511 996 624 1032 Qualem
640 995 696 1023 vim
710 995 736 1023 in
750 995 859 1024 arbori·-

115 1041 169 1068 bus
192 1040 291 1068 habent
314 1050 398 1078 aqum,
427 1039 505 1067 talem
530 1039 585 1067 vim
600 1039 679 1067 habet
692 1039 809 1077 precatio
826 1039 860 1068 ad

116 1083 281 1122 irrigandam
303 1084 430 1112 animam.
444 1085 489 1111 Π).
517 1083 622 1112 Scelera
634 1082 739 1120 abluit,
755 1090 780 1111 et
793 1083 859 1111 mul-

116 1129 246 1169 tipliciter
268 1128 363 1157 animae
386 1128 517 1157 medetur.
546 1135 579 1158 11.
601 1133 666 1157 934.
689 1139 713 1156 ιι.
745 1134 809 1158 935.
833 1140 857 1157 c.

117 1171 193 1209 Ignis
213 1176 251 1197 est
271 1170 398 1207 precatio.
422 1175 469 1197 111.
487 1172 551 1196 340.
570 1178 594 1195 B.
611 1179 635 1198 c.
655 1169 711 1204 Qui
730 1168 861 1197 ferventer

118 1219 186 1249 orat,
199 1212 366 1252 splendidior
380 1212 507 1245 eflicitur,
525 1218 662 1249 tamquam
678 1223 773 1240 aurum
787 1212 861 1250 quod

120 1267 168 1296 per
183 1256 272 1294 ignem
284 1255 464 1284 examinatur.
483 1263 516 1284 X.
535 1260 599 1285 550.
616 1255 710 1283 Preces
724 1263 786 1283 sunt
798 1256 860 1284 ani-

118 1311 170 1328 mae
185 1300 274 1328 nervi.
293 1307 325 1329 11.
344 1304 409 1328 939.
429 1310 454 1327 c.
470 1304 535 1328 942.
554 1311 580 1328 Α.
598 1299 719 1328 Precatio
732 1310 861 1337 magnum

119 1344 211 1372 telum.
223 1351 245 1374 Ι.
263 1348 330 1372 597.
346 1354 371 1371 13.
386 1350 431 1372 111.
446 1348 511 1372 415.
530 1354 558 1371 D.
588 1343 670 1371 telum
683 1343 863 1382 insuperabile

119 1394 260 1426 tutumque
285 1387 452 1426 praesidium.
471 1395 504 1416 tt.
523 1392 587 1416 935.
608 1399 634 1415 A.
664 1387 748 1416 telum
762 1388 863 1416 acerri-

119 1442 194 1460 mum
209 1438 234 1460 ct
246 1431 421 1459 bellatoribus
437 1431 463 1459 in
486 1431 586 1469 proeliis
611 1437 635 1459 ct
658 1431 736 1459 nobis
753 1431 788 1460 ad
811 1431 863 1460 dce-

119 1486 230 1504 monnm
260 1475 390 1514 impetum
424 1474 648 1513 propulsandum.
678 1483 710 1504 11.
740 1481 804 1505 935.
835 1487 859 1505 n.

119 1521 227 1559 Moyses
240 1519 303 1558 plus
320 1519 406 1558 potuit
421 1518 556 1557 precando
571 1529 652 1557 quam
670 1520 757 1548 caeteri
772 1530 865 1548 omnes

119 1563 284 1592 dimicando.
306 1570 327 1591 Ι.
354 1567 418 1591 855.
444 1570 476 1591 11.
496 1568 560 1592 943.
584 1574 612 1591 A.
638 1563 730 1591 David
755 1564 865 1592 Goliath

121 1606 228 1646 dejecit,
243 1617 294 1635 non
311 1606 400 1645 gladio
422 1617 469 1635 nec
481 1607 575 1643 armis,
595 1607 641 1635 sed
654 1607 815 1646 precatione.
829 1616 862 1636 11.

123 1655 190 1680 935.
208 1662 233 1680 B.
255 1650 381 1678 Ezechias
397 1650 530 1689 precibus,
547 1661 599 1679 non
616 1651 710 1685 armis,
732 1651 866 1690 ingentem

122 1695 266 1723 Persarum
288 1693 436 1723 exercitum
459 1694 604 1733 superavit.
624 1701 658 1722 11.
676 1699 741 1723 935.
759 1706 783 1723 n.
800 1700 863 1724 944.

120 1749 149 1767 D.
171 1738 307 1767 Ninivitas
331 1738 447 1777 precatio
473 1738 650 1767 conservavit.
679 1745 711 1766 lt.
741 1743 806 1768 934.
839 1751 864 1768 B.

122 1787 186 1811 944.
204 1793 229 1811 E.
245 1782 398 1811 Samuelem
419 1782 520 1821 genuit.
539 1790 573 1811 11.
599 1787 664 1811 943.
682 1793 709 1811 c.
731 1788 795 1812 944.
815 1785 866 1812 Pe-

123 1833 195 1855 trum
207 1833 233 1855 et
254 1827 370 1855 Paulum
383 1837 396 1854 a
409 1826 536 1866 periculis
559 1827 668 1866 eripuit.
688 1828 734 1855 lb.
757 1838 779 1855 1.
796 1826 869 1865 Ignis

124 1871 182 1898 vim
203 1870 348 1909 superavit,
364 1870 453 1899 leones
465 1869 595 1900 edomuit.
613 1872 658 1898 lb.
681 1881 707 1897 n.
730 1871 796 1909 Ejus
820 1871 867 1899 alii

123 1914 226 1942 fructus
240 1921 265 1942 et
275 1914 420 1953 multiplex
432 1915 559 1943 efficacia.
577 1916 620 1943 lh.
636 1925 701 1954 sqq.
716 1915 868 1944 Efficacitas

128 1957 185 1986 haec
200 1968 251 1986 non
267 1964 403 1986 coercetur
413 1958 566 1986 intervallo.
584 1966 604 1986 1.
619 1963 685 1987 855.
702 1970 726 1987 c..

166 2001 330 2030 precationis
351 2001 456 2030 laudes.
487 2008 512 2030 1.
530 2007 595 2031 597.
609 2013 635 2029 Β.
651 2013 677 2030 (;.
694 2009 740 2031 IV.
758 2007 823 2031 3:50.
837 2014 868 2031 A.

126 2046 193 2085 Ejus
208 2045 325 2084 dignitas
337 2052 361 2073 et
372 2046 538 2075 excellentia.
557 2054 589 2075 11.
609 2051 673 2075 937.
695 2057 721 2074 Ε.
740 2056 802 2084 sqq.
814 2046 869 2082 Qui

126 2096 268 2130 precatur,
280 2100 342 2118 cum
356 2091 412 2118 Deo
423 2090 596 2128 colloquitur.
609 2092 655 2119 lb.
669 2092 773 2119 Tantus
785 2091 871 2118 honor

127 2135 284 2173 angelorum
307 2134 514 2173 amplitudinem
533 2135 610 2163 facite
625 2142 743 2174 superat.
765 2136 809 2162 ΙΙ).
823 2134 871 2162 Est

126 2178 284 2206 hominibus
299 2188 439 2206 commune
454 2189 514 2207 cum
527 2179 638 2217 angelis.
657 2180 702 2207 II).
722 2178 871 2207 Precationi

128 2222 197 2250 nibil
208 2233 266 2260 par,
280 2222 348 2250 nihil
361 2223 473 2259 aequale.
487 2230 533 2251 lv.
548 2227 611 2251 824.
625 2227 688 2251 852.
702 2232 728 2251 c.
741 2223 872 2260 Magnum

128 2267 230 2294 bonum
245 2273 293 2294 est.
311 2273 357 2296 IV.
373 2271 436 2295 351.
450 2278 476 2295 Ε.
487 2267 662 2295 Profunditas
673 2277 782 2305 precum
799 2277 869 2304 quae.

132 2317 165 2338 V.
183 2314 247 2340 440.
263 2320 288 2337 A.
305 2320 369 2348 sqq.
390 2311 509 2338 Precatio
531 2311 617 2339 omnis
628 2310 736 2338 virtutis
750 2310 872 2347 justitioe-

131 2363 183 2391 que
201 2359 293 2380 mater.
310 2359 342 2380 11.
364 2358 428 2381 938.
445 2365 470 2382 c.
486 2353 699 2381 Fundamentum
717 2352 796 2381 debet
818 2363 874 2382 esse

131 2397 275 2426 virtutum.
302 2403 336 2424 ΙΙ.
365 2401 426 2425 944.
450 2407 477 2424 Ε.
493 2397 634 2426 Summam
658 2396 753 2423 animae
779 2396 873 2434 digni-

132 2448 213 2469 tatem
240 2447 265 2468 et
289 2440 479 2468 confidentiam
506 2441 586 2479 parit.
614 2447 649 2468 ΙΙ.
673 2444 738 2468 943.
753 2440 874 2468 Precatio

133 2484 236 2521 Deique
273 2483 363 2512 cultus
385 2483 509 2511 assiduus
536 2483 685 2511 maximum
708 2490 745 2511 est
763 2483 874 2521 justitiae

134 2527 295 2565 virtutisque
319 2526 405 2555 omnis
420 2533 617 2564 argumentum.
641 2534 674 2555 11.
699 2531 762 2555 933.
791 2537 820 2557 n.
845 2538 872 2556 Ε.

134 2570 246 2609 Templa
257 2570 358 2599 Christi
373 2581 420 2599 nos
431 2571 522 2599 efficit.
535 2577 568 2599 11.
585 2575 648 2599 942.
665 2581 691 2598 Α.
709 2571 877 2609 Impossibile

136 2620 175 2642 est
187 2613 324 2642 hominem
349 2624 401 2652 qua
426 2613 501 2643 dccet
522 2614 658 2643 alacritate
675 2621 700 2643 et
722 2614 877 2644 assiduitate

885 225 1015 254 RERUM.
1583 213 1647 249 361

910 299 1061 333 precantem
1090 302 1218 330 umquam
1247 291 1272 319 in
1297 296 1433 329 peccatum
1458 288 1584 317 incidere.
1604 296 1651 317 tv.

909 342 1014 366 853.D.
1031 338 1168 372 Quantum
1189 334 1339 374 adjumenti
1361 334 1454 362 asserat
1470 333 1597 372 precatio.
1616 340 1650 361 x.

911 385 975 410 503.
993 393 1020 410 A.
1038 379 1253 409 Consolationem
1274 389 1326 407 non
1348 378 1489 416 vulgarem
1511 377 1568 415 ejus
1583 377 1653 404 assi-

910 424 999 453 duitas
1022 424 1117 452 animae
1138 422 1266 451 infundit.
1294 429 1314 450 Ι.
1337 426 1399 450 598.
1414 431 1441 451 Δ.
1459 427 1519 450 VII.
1546 424 1609 448 327.
1626 430 1654 449 Α.

952 468 1115 497 Precationis
1139 466 1291 496 necessitas.
1320 473 1352 496 ΙΙ.
1378 470 1445 494 934.
1472 476 1500 493 A.
1528 463 1656 492 Precibus

910 512 954 550 qui
971 524 997 541 se
1013 512 1118 551 spoliat,
1134 518 1171 539 est
1186 511 1262 549 quasi
1285 510 1366 549 piscis
1388 520 1423 538 ex
1437 519 1506 547 aqua
1529 507 1655 536 eductus.

911 563 944 584 11.
973 561 1036 585 939.
1065 567 1089 584 c.
1114 556 1173 584 Nou
1196 554 1298 593 precari
1321 554 1393 582 idem
1415 559 1453 581 est
1468 562 1499 580 ac
1517 558 1656 580 mortuum

911 607 1023 628 esse.11.
1041 604 1105 628 933.
1125 609 1151 627 c.

951 643 1074 671 Precatio
1091 640 1240 680 quomodo,
1255 651 1306 679 qua
1322 640 1423 668 ratione
1446 639 1504 668 sieri
1517 638 1619 667 debeat.
1634 646 1653 669 1.

913 692 975 715 598.
988 698 1016 715 D.
1030 697 1056 715 Ε.
1069 690 1218 715 111.!019.n.
1233 696 1259 713 c.
1272 690 1336 713 423.
1350 695 1373 712 Ε.
1385 695 1446 723 sqq.
1457 691 1500 712 IV.
1514 688 1576 711 826.
1588 693 1617 712 D.
1630 693 1655 711 Ε.

913 735 977 759 827.
995 738 1026 759 V.
1046 736 1073 759 7.
1095 740 1120 758 c.
1141 734 1166 757 8.
1190 736 1246 758 ΠΙ.
1271 734 1335 758 592.
1352 740 1378 757 D.
1401 726 1491 757 Yalde
1504 727 1545 755 ve!
1561 736 1658 765 parum

912 781 1022 814 prosunt
1039 784 1130 814 preces
1146 779 1257 807 nostrae,
1274 779 1354 811 prout
1369 772 1510 810 diligenter
1531 771 1599 799 fiunt
1613 777 1659 798 aut

913 819 1031 847 remisse.
1058 826 1103 847 ΧΙ.
1134 822 1197 846 498.
1217 827 1242 845 c.
1267 827 1330 855 sqq.
1351 815 1500 844 Precationi
1515 814 1659 852 diligenter

913 862 1134 891 incumbendum.
1156 868 1214 889 VII.
1232 866 1294 888 170.
1310 871 1338 888 D.
1357 861 1425 888 Cum
1451 861 1538 887 Deum
1564 869 1659 897 preca-

913 918 990 942 mur,
1000 918 1059 945 quze
1072 913 1160 934 nostra
1173 911 1234 932 sunt
1245 904 1324 932 etiam
1349 904 1506 932 asseramus:
1524 903 1659 931 sollicitu-

913 951 1022 985 dinem,
1044 951 1162 978 animum
1176 971 1184 982 ,
1206 948 1382 976 alacritatem.
1398 954 1455 975 VII.
1474 952 1539 975 211.
1557 957 1584 975 A.
1603 946 1659 981 Qui

914 995 1029 1033 segniter
1055 1000 1212 1033 precantur,
1239 1002 1291 1020 non
1318 991 1397 1020 inodo
1409 992 1496 1029 Deum
1512 991 1660 1029 propitium

914 1050 966 1068 non
981 1039 1099 1073 faciunt,
1113 1037 1158 1066 sed
1174 1036 1253 1064 etiam
1268 1036 1386 1064 irritant.
1403 1042 1422 1063 Ι.
1444 1039 1507 1063 355.
1528 1039 1590 1062 356.
1606 1035 1661 1062 Cur

912 1083 990 1111 multi
1009 1089 1146 1122 precantes
1168 1091 1219 1108 non
1242 1080 1434 1108 exaudiantur.
1460 1086 1493 1107 V.
1512 1084 1554 1107 19.
1570 1089 1598 1107 1).
1612 1083 1658 1107 20.

913 1127 1035 1155 Precatio
1055 1126 1135 1165 digna
1161 1124 1231 1152 caetis
1252 1135 1321 1162 quae.
1346 1130 1378 1152 V.
1404 1128 1447 1152 14.
1473 1135 1496 1150 A.
1522 1127 1655 1150 1³.c.15.

913 1171 1033 1199 Precatio
1058 1180 1108 1197 non
1133 1175 1190 1197 arte
1213 1168 1324 1206 indiget.
1348 1174 1381 1195 v.
1406 1173 1450 1196 11.
1475 1177 1498 1195 c.
1518 1177 1570 1194 non
1584 1176 1659 1195 voce.

915 1221 973 1243 VH.
990 1219 1054 1243 282.
1068 1225 1093 1241 n.
1109 1223 1172 1251 sqq.
1190 1223 1241 1240 non
1255 1211 1428 1240 multitudine
1440 1211 1597 1239 verborum.
1612 1217 1659 1238 tv.

915 1263 979 1287 827.
993 1269 1022 1286 A.
1045 1268 1109 1297 sqq.
1125 1258 1218 1285 Preces
1236 1267 1297 1285 cum
1312 1256 1440 1294 lacrymis
1456 1266 1488 1283 ex
1504 1254 1583 1283 corde
1598 1264 1660 1282 ma·-

915 1302 1041 1330 nantibus
1057 1312 1136 1339 quam
1152 1307 1264 1338 acceptze
1281 1301 1347 1328 Deo.
1368 1306 1412 1327 lV.
1432 1304 1496 1327 848.
1514 1309 1539 1327 Ε,
1557 1310 1584 1326 Α.
1599 1303 1662 1326 849.

920 1353 953 1376 V.
972 1351 1036 1375 441.
1052 1346 1116 1373 Ha‘c
1137 1344 1315 1373 ostenduntur
1329 1343 1452 1382 exemplo
1468 1345 1551 1371 Annze
1570 1341 1665 1370 matris

917 1389 1061 1419 Samuelis.
1076 1396 1121 1418 lv.
1139 1393 1202 1416 848.
1220 1399 1246 1415 A.
1261 1392 1326 1416 849.
1341 1390 1349 1422 (
1364 1388 1396 1415 V.
1414 1388 1527 1421 ANNA.)
1543 1385 1586 1413 Ad
1602 1395 1663 1424 pre-

918 1434 1047 1462 cationem
1063 1433 1148 1461 multa
1173 1431 1248 1468 quies
1270 1438 1294 1459 ct
1316 1430 1496 1468 tranquillitas
1516 1430 1595 1459 nobis
1622 1436 1662 1457 cst

916 1477 1048 1517 paranda.
1072 1484 1130 1505 ΥΠ,
1156 1480 1219 1504 892.
1234 1486 1258 1503 Ε.
1287 1476 1364 1503 luam
1377 1474 1556 1503 necessarium
1573 1473 1607 1502 sit
1620 1473 1661 1501 as-

918 1522 986 1550 ferre
995 1531 1128 1550 summam
1143 1519 1225 1548 animi
1238 1519 1451 1548 recollectionem
1467 1524 1491 1546 et
1506 1517 1664 1546 abstractio-

919 1576 977 1594 nem
1003 1565 1037 1593 ab
1062 1565 1133 1593 omni
1163 1574 1225 1592 cura
1241 1562 1388 1591 mundana.
1407 1570 1427 1591 Ι.
1443 1567 1506 1591 355.
1519 1563 1589 1589 Ante
1601 1571 1664 1600 pre-

919 1610 1051 1638 cationem
1078 1618 1172 1636 manus
1198 1607 1384 1635 abluebantur.
1403 1614 1435 1636 X.
1455 1610 1518 1634 472.
1541 1616 1568 1633 Ε.
1587 1605 1665 1644 Jeju-

920 1653 995 1681 nium
1017 1652 1162 1692 precationi
1187 1651 1288 1690 optima
1310 1650 1479 1690 praeparatio,
1509 1651 1553 1677 lh.
1572 1650 1664 1685 Quan-

921 1703 978 1725 tum
995 1695 1139 1736 precationi
1154 1702 1309 1734 cooperetur
1323 1693 1514 1733 compescendo
1529 1691 1667 1730 cogitatio-

924 1752 988 1770 num
1001 1740 1197 1769 mundanarum
1217 1745 1243 1767 et
1256 1737 1436 1778 cupiditatum
1451 1737 1556 1765 fluctus.
1570 1737 1612 1763 lb.
1630 1743 1663 1764 H.

924 1790 970 1814 413.
1000 1797 1026 1815 Δ,
1056 1788 1125 1812 Ante
1151 1793 1241 1822 preces
1269 1782 1393 1821 publicas
1427 1779 1611 1808 abstinebatur
1632 1779 1667 1807 ab

922 1839 1014 1857 uxore.
1031 1836 1052 1857 1.
1077 1832 1140 1856 355.
1156 1834 1213 1855 VH.
1231 1830 1294 1854 593.
1313 1824 1465 1853 Precationi
1487 1824 1537 1852 rite
1557 1833 1667 1861 operam

922 1872 1032 1901 daturos
1048 1882 1062 1899 a
1080 1871 1222 1900 concubitu
1237 1876 1331 1898 avocat
1342 1868 1452 1897 Paulus.
1473 1875 1492 1896 Ι.
1515 1872 1578 1895 355.
1593 1867 1669 1895 Elec-

926 1927 1037 1956 mosyna
1048 1916 1126 1944 debet
1137 1915 1226 1943 fovere
1240 1913 1418 1952 precationem
1431 1919 1567 1950 tamquam
1578 1911 1667 1939 oleum

924 1960 1012 1998 ignem
1023 1982 1030 1996 ,
1047 1966 1074 1987 ut
1086 1959 1120 1987 atl
1133 1958 1209 1987 caelos
1223 1968 1306 1995 usque
1317 1955 1451 1984 ascendat.
1466 1962 1510 1983 111.
1526 1959 1589 1983 316.
1603 1965 1627 1983 c.
1639 1965 1665 1983 D.

927 2005 1021 2032 Preces
1043 2014 1104 2032 cum
1119 2002 1265 2041 operibus,
1279 2012 1359 2040 opera
1380 2010 1440 2028 eum
1464 1998 1588 2038 precibus
1610 2008 1665 2026 esse

924 2048 1032 2077 debent.
1049 2055 1094 2076 tx.
1113 2051 1178 2075 333.
1195 2058 1220 2074 Α.
1240 2045 1363 2074 Precatio
1380 2055 1431 2072 non
1448 2043 1502 2071 sola
1519 2042 1618 2070 suflicit
1631 2041 1666 2070 ad

925 2102 1038 2130 regnum
1053 2091 1177 2120 czrlorum
1190 2088 1380 2118 obtinendum.
1399 2095 1432 2116 ΙΙ.
1449 2091 1513 2114 936.

966 2135 1134 2164 Precationis
1148 2133 1343 2173 perseverantia
1354 2139 1392 2160 est
1406 2130 1524 2159 conditio
1540 2136 1569 2157 ut
1583 2139 1669 2157 exau-

925 2179 1043 2209 diamur,
1058 2186 1103 2208 lv.
1120 2184 1182 2207 568.
1198 2188 1224 2205 (τ.
1240 2182 1304 2205 571.
1321 2186 1347 2203 Ε.
1365 2176 1502 2210 Quantum
1516 2173 1549 2201 sit
1563 2173 1668 2201 efficax.

927 2231 974 2252 111.
988 2228 1051 2251 368.
1065 2234 1092 2250 Α.
1105 2224 1200 2251 Preces
1210 2221 1345 2249 diuturnae
1356 2225 1486 2257 quantum
1495 2217 1600 2246 valeant
1610 2228 1672 2256 pro-

927 2267 972 2295 bat
986 2266 1141 2305 exemplum
1155 2267 1240 2294 Isaac.
1258 2271 1303 2292 111.
1327 2267 1434 2292 msc.
1453 2272 1480 2289 1).
1499 2271 1526 2289 Ε.
1544 2265 1606 2289 419.
1625 2267 1669 2289 IV.

929 2316 993 2340 571.
1009 2322 1032 2337 A.
1050 2321 1074 2339 Β.
1091 2314 1154 2337 572.
1175 2309 1230 2336 Cur
1244 2308 1317 2336 Deus
1333 2317 1400 2345 saepe
1415 2305 1523 2333 differat
1536 2304 1670 2343 postulata

928 2353 1083 2383 concedere.
1098 2361 1129 2381 tt.
1154 2357 1217 2380 352.
1237 2363 1261 2380 c.
1279 2358 1324 2380 lv.
1343 2355 1407 2379 568.
1427 2360 1453 2378 c.
1471 2356 1529 2377 VII.
1554 2354 1615 2376 170.
1639 2359 1668 2376 B.

929 2402 994 2426 328.
1012 2407 1039 2425 n.
1057 2396 1222 2435 Exemplum
1238 2394 1358 2423 mulieris
1368 2393 1535 2422 Chananaeae.
1546 2399 1591 2419 111.
1603 2395 1668 2419 368.

929 2453 955 2471 B.
972 2451 1037 2479 sqq.
1056 2441 1088 2469 V.
1104 2440 1252 2468 Homiliam
1270 2438 1295 2466 in
1309 2438 1491 2466 dimissionem
1505 2435 1669 2464 Chananaeae.

930 2492 976 2514 111.
1007 2488 1072 2513 516.

969 2528 1090 2557 Precatio
1110 2526 1216 2556 assidua
1235 2526 1268 2554 sit
1294 2531 1473 2564 oportet.1V.
1503 2528 1565 2552 827.
1592 2534 1617 2551 B.
1643 2534 1668 2551 c.

929 2583 983 2601 non
1005 2571 1075 2610 quod
1092 2571 1174 2600 verba
1195 2571 1222 2598 in
1244 2570 1354 2607 longum
1368 2568 1485 2607 proferre
1503 2566 1670 2605 debeamus3

932 2617 979 2646 sed
992 2616 1114 2644 Christus
1127 2622 1152 2643 ct
1168 2614 1267 2643 Paulus
1279 2613 1383 2642 crebras
1396 2619 1420 2640 et
1433 2612 1529 2640 breves
1540 2610 1598 2639 steri
1613 2621 1674 2649 pre-

1482 2669 1526 2693 23.
