1950 2922
200 178 265 213 166
680 187 708 208 s.
738 184 876 208 sommis
900 184 1128 207 001115051οΜ1
1155 184 1232 207 vrrs
1251 199 1260 214 ,

193 252 305 289 aliisque
327 250 399 279 vitiis
423 250 478 278 imo
504 248 649 277 sceleribus
670 246 780 276 obnoxii
803 252 892 280 crant,
907 251 933 273 et

193 298 302 337 quidem
325 307 420 334 magno
445 305 554 323 numero
581 306 586 321 :
612 294 680 322 inter
708 292 845 320 sarculares
870 300 933 319 vero

193 343 271 372 multi
292 349 364 371 erant
381 341 492 377 divites,
510 340 678 368 adulatorum
699 337 933 376 parasitorumque

192 390 297 428 agmine
311 388 425 421 obsessi,
443 387 487 425 qui
510 388 620 424 inopum
640 391 783 421 egestatem
804 383 874 411 1111111
889 394 934 411 011-

191 441 280 462 rai-eut
295 433 358 461 :alii
373 434 431 461 auri
449 431 575 470 cupidine
593 429 666 458 ducti
688 429 775 457 nullas
791 439 842 456 uon
859 428 933 456 ditc-

190 479 279 508 scendi
296 479 351 508 vias
370 476 571 506 tentabantzita
592 482 636 511 ut,
656 474 726 512 quod
748 485 829 513 supra
852 474 930 502 dice-

190 526 295 559 bamus,
311 535 370 552 011111
385 530 459 551 terra:
472 529 560 550 motus
575 521 677 559 ingens,
690 520 789 548 multos
804 521 930 548 Constan-

190 570 426 609 tinopolitauorum
447 575 545 596 terrore
565 573 699 605 correptos
719 565 752 594 ad
769 566 863 604 sugam
888 575 933 593 ca-

190 615 343 655 pessendam
368 614 533 653 impulisset,
548 620 577 641 ut
594 613 621 641 111
636 612 790 651 longinquis
810 611 930 650 regioni-

190 663 240 691 bus
256 662 317 691 vitan
338 660 505 689 securitatem
529 658 581 687 sibi
601 665 742 698 pararent3
759 668 820 686 cum
840 664 931 696 postea

191 714 261 735 metu
275 712 392 735 cessante
405 704 440 733 ad
452 715 499 733 sua
513 704 692 740 revertissent,
705 714 732 731 se
750 703 829 731 rebus
843 703 931 731 omni-

190 753 241 781 bus
262 763 360 782 vacuos
381 762 436 780 esse
456 750 547 779 mirati
568 757 722 778 sunt:na1n
745 749 791 787 qui
818 749 845 777 in
867 749 932 777 urbe

193 804 384 833 remanserant,
396 797 465 825 bona
479 796 601 824 omnium
614 795 763 824 absentium
780 794 932 824 invaserant

190 851 216 873 et
236 843 336 883 praedia
361 848 565 881 occupaverant.
588 841 716 871 Vidimus
739 847 827 868 autem
851 850 931 879 supra

191 890 415 929 Chrysostomum
430 899 498 916 anno
511 888 569 918 598
583 887 680 916 acriter
695 894 814 915 orantem
828 886 854 915 in
869 897 913 915 eos
923 909 930 922 ,

191 936 238 974 qui
259 942 379 969 tantum,
400 941 455 962 tam
479 933 638 962 Christianis
658 933 799 971 indignum
827 932 930 962 facinus

191 987 383 1022 perpetrarant.
395 981 486 1018 Neque
503 980 574 1009 enim
588 979 610 1008 is
625 986 679 1007 erat
693 980 809 1008 Joannes
824 986 930 1014 noster,

191 1029 238 1066 qui
252 1028 375 1065 frequens
388 1025 611 1060 concionabatur,
627 1032 657 1053 ut
674 1026 730 1053 haec
748 1031 772 1053 et
792 1025 845 1053 alia
865 1025 931 1053 vitia

191 1080 305 1109 taceret,
320 1073 365 1101 sed
388 1073 484 1100 aeriter
505 1071 685 1099 insectabatur
702 1070 818 1099 divitum
840 1070 931 1098 avari-

190 1119 272 1152 tiam,
296 1118 455 1157 optimatum
479 1117 673 1155 arrogantiam,
691 1117 850 1145 feminarum
865 1117 931 1144 illu-

190 1166 286 1193 strium
302 1164 412 1199 luxum,
427 1163 573 1192 viduarum
586 1163 727 1191 mollitiem
740 1164 877 1201 vitamque
891 1163 929 1191 la-

190 1211 291 1239 scivam
303 1233 310 1246 ,
323 1210 515 1238 monachorum
529 1209 638 1248 indigna
655 1216 737 1247 gesta,
754 1220 813 1246 quae
827 1219 878 1237 non
892 1219 932 1237 se-

190 1256 244 1284 mel
263 1255 348 1294 carpit
371 1255 397 1283 in
413 1255 586 1283 concionibus
606 1255 633 1282 in
658 1254 808 1294 Epistolam
827 1255 860 1283 ad
877 1255 931 1283 He-

191 1301 286 1330 braeos.
299 1301 467 1338 Clericosque
486 1307 510 1328 et
532 1300 721 1328 ecclesiasticos
744 1301 860 1329 maxime
871 1311 932 1340 per-

190 1347 352 1385 stringebat,
368 1353 430 1374 tunc
448 1346 573 1374 omnibus
587 1346 693 1374 deditos
710 1346 784 1375 vitiis
806 1354 831 1375 et
853 1347 933 1376 volu-

189 1393 318 1433 ptatibus.
344 1392 451 1421 Plebem
475 1402 582 1430 quoque
602 1392 729 1420 acerrime
756 1392 930 1432 increpabat,

190 1438 265 1477 quod
284 1438 447 1466 circensibus
466 1444 490 1466 et
505 1437 681 1466 theatralibus
700 1438 772 1466 ludis
787 1438 889 1473 dedita,
904 1439 932 1467 in

190 1495 220 1513 ea
240 1495 299 1523 quae
315 1495 347 1512 ex
362 1484 403 1512 his
421 1483 581 1522 spectaculis
597 1484 751 1512 oriebantur
768 1492 931 1523 erumperet.

191 1533 228 1559 At
239 1529 310 1568 quod
328 1530 429 1557 mirum
448 1530 559 1557 sortasse
577 1529 710 1565 videatur,
729 1529 784 1557 l1a⁸c
799 1529 892 1558 infima
907 1537 932 1559 et

191 1586 303 1604 numero
322 1576 407 1614 major
431 1586 493 1614 pars
513 1574 685 1609 auditorum,
702 1575 779 1603 illum
794 1586 821 1604 50
835 1576 930 1615 01)]111’«

193 1629 298 1662 gamem
320 1620 494 1649 libentissime
519 1620 658 1656 audiebat,
677 1627 706 1648 ut
722 1621 855 1658 vidimus,
874 1629 933 1661 post

192 1669 293 1699 Pascha
305 1668 366 1696 anui
380 1668 454 1704 589,
466 1674 491 1696 et
504 1667 543 1696 illi
563 1678 667 1706 semper
686 1667 794 1695 addicta
811 1668 860 1696 fuit
871 1680 878 1703 ς
890 1675 933 1696 at.—

193 1726 245 1753 que
264 1713 489 1742 invalescentibus
507 1713 616 1741 demum
632 1713 817 1751 Chrysostomi
842 1713 933 1742 inimi-

194 1761 242 1794 cis,
258 1760 325 1788 nihil
339 1770 390 1787 uon
402 1759 465 1797 egit,
479 1766 507 1787 nt
522 1769 555 1787 110
570 1765 659 1798 pastor
678 1769 743 1787 suus
765 1759 790 1787 in
806 1759 933 1788 exsilium

194 1806 344 1845 pelleretur.

234 1853 349 1881 ,loannes
364 1862 398 1879 ex
414 1850 529 1879 Asiatico
542 1849 636 1878 itinere
646 1861 766 1879 reversus
776 1873 783 1887 ,
796 1857 935 1889 postquam

196 1908 287 1936 pacem
304 1898 400 1925 fecerat
421 1907 482 1924 cum
506 1895 663 1930 Severiano,
686 1896 830 1934 tranquille
853 1897 936 1924 vitam

196 1943 293 1971 ducere
313 1953 389 1981 posse
407 1941 559 1970 videbatur.
579 1942 682 1970 Verum
704 1952 751 1969 nee
774 1942 858 1970 multo
877 1948 936 1981 post

196 1989 307 2028 plurimi
323 1987 466 2027 perniciem
482 1987 538 2025 ejus
559 1986 704 2014 machinati
719 1994 790 2015 suut.
806 1987 937 2027 Primipi-

44 2058 182 2085 Theophilus
199 2035 265 2062 lares
291 2041 365 2061 eraut
385 2033 556 2072 Theophilus
579 2032 778 2061 Alexandrinus
791 2056 799 2069 ‚
826 2035 937 2062 Aeacius

44 2080 315 2115 Alex.·2=at..Beroea*,
345 2079 491 2108 Antiochus
519 2078 708 2114 ptolemaidis,
732 2086 756 2106 et
779 2080 937 2109 Severianus

43 2121 185 2172 fflflffuz'rm'm·
200 2126 365 2154 Gabalorum
376 2148 384 2163 7
399 2125 444 2163 qui
457 2135 541 2163 nuper
553 2124 675 2152 simulate
695 2136 755 2153 cum
772 2125 829 2164 ipso
846 2137 937 2164 pacem

43 2182 175 2210 Ctnysosio-
199 2172 305 2200 inierat.
317 2172 483 2210 'l'lieophilus
498 2177 587 2198 autem
603 2171 871 2210 Alexandrinus‚qui
886 2172 937 2201 sibi

44 2220 115 2234 mum,
198 2217 270 2246 dicto
284 2217 420 2245 audientes
443 2217 544 2254 ubique
557 2217 695 2255 episcopos
715 2228 770 2245 esse
793 2218 935 2256 cupiebat:

194 2265 251 2303 jam
277 2264 333 2302 ejus
356 2262 517 2291 ordinationi
539 2262 678 2291 obstiterat
703 2270 728 2291 et
749 2263 807 2291 loco
828 2263 938 2293 Joannis

198 2309 280 2338 nostri
308 2308 442 2337 Isidorum
468 2308 610 2346 quemdam
633 2310 660 2337 in
690 2309 938 2349 Constantinopoli-

197 2362 289 2384 tanum
310 2355 465 2394 episcopum
480 2353 605 2382 inducere
629 2362 795 2391 tentaverat,
814 2363 842 2385 ut
857 2368 936 2397 supra

198 2401 336 2435 vidimus,
364 2410 411 2428 nec
431 2400 511 2427 11110111
534 2399 595 2428 fecit
617 2408 706 2439 postea
728 2402 880 2431 occasiones
897 2414 938 2432 ca-

196 2448 290 2488 ptandi
304 2455 333 2476 ut
348 2448 425 2476 illum
444 2458 458 2475 a
471 2446 531 2475 sede
545 2446 710 2476 deturbaret.
724 2450 836 2478 Aeacius
849 2458 938 2479 autem

195 2495 241 2533 qui
264 2495 311 2522 diu
334 2494 431 2523 Beroeae
452 2493 635 2532 episcopatum
661 2505 720 2522 011111
748 2495 828 2525 laude
850 2508 937 2535 gesse-

195 2548 253 2575 rat,
276 2540 344 2568 hanc
371 2539 423 2567 sibi
448 2539 583 2567 maculam
601 2539 714 2575 inussit,
736 2548 761 2569 et
786 2550 937 2571 sanctorum

194 2586 334 2615 hominum
355 2585 448 2614 odium
471 2585 497 2614 in
521 2595 548 2614 50
566 2586 729 2624 concitavit,
744 2598 807 2616 cum
830 2588 863 2617 ad
881 2596 935 2618 tam

987 252 1108 274 sanctum
1134 246 1290 274 Pontificem
1307 255 1321 273 a
1336 243 1396 273 sede
1420 243 1599 283 dejiciendum
1621 243 1725 273 nullam

987 302 1038 320 non
1059 291 1210 320 machinam
1234 290 1358 320 intendit.
1375 289 1524 318 Antiochus
1548 300 1612 318 vero
1639 289 1726 318 Ptole-

987 337 1094 373 maidis,
1107 337 1149 365 vir
1163 337 1284 376 petulans
1298 343 1322 364 et
1337 346 1404 364 nova
1420 335 1506 364 moliri
1521 336 1723 375 cupiens,jam—

986 383 1033 412 diu
1045 391 1134 412 contra
1150 383 1372 422 Chrysostomum
1388 381 1576 409 insurrexerat.

1026 431 1056 458 In
1069 430 1146 457 Clero
1163 436 1252 457 autem
1267 427 1344 456 multi
1363 434 1453 463 erant,
1473 427 1519 464 qui
1539 425 1725 465 Chrysostomi

987 485 1038 503 non
1061 475 1149 503 minus
1172 474 1256 504 vitam
1279 479 1418 507 sanctam,
1440 479 1540 500 aretam
1561 478 1586 500 et
1606 471 1726 511 inculpa-

986 529 1040 550 tam
1050 544 1057 556 ,
1070 521 1197 557 oderant,
1212 531 1292 559 quam
1307 520 1364 558 ejus
1384 518 1492 547 dicendi
1513 518 1660 546 libertatem
1676 540 1683 554 ‚
1700 525 1727 547 et

986 568 1084 596 monita
1098 567 1169 596 Cleri
1181 567 1222 595 sui
1237 565 1311 595 vitiis
1323 563 1494 594 emendandis
1509 570 1658 603 opportuna
1676 572 1727 591 vo-

985 613 1120 647 lentibus,
1145 613 1296 652 importuna
1323 611 1464 640 obstinatis
1489 617 1573 639 erant.
1605 609 1641 637 lli
1662 618 1726 637 vero

986 659 1111 699 postremi
1133 659 1210 697 longe
1230 658 1330 697 majore
1351 667 1461 685 numero
1480 657 1561 685 fuere.
1583 656 1656 684 Inter
1676 655 1726 683 hos

985 712 1073 734 autem
1088 704 1141 733 duo
1157 703 1305 744 presbyteri
1320 725 1327 738 ‚
1343 709 1368 731 et
1380 699 1498 740 quinque
1508 701 1615 730 diaconi
1628 711 1725 729 nume-

1738 694 1777 716 35.

986 758 1078 780 rantur
1089 774 1095 785 ‚
1109 751 1154 789 qui
1168 750 1351 779 vehementius
1363 748 1388 776 in
1399 750 1528 777 ,loannem
1541 748 1724 783 insurrexere,
1738 745 1802 767 ΛΜΝ)
1822 743 1876 775 4⁰²·

985 799 1008 826 οἳ
1029 797 1076 836 μὲν
1089 797 1116 830 ἐξ
1131 796 1293 834 ἀκαθάρτου,
1315 797 1338 824 οἱ
1355 794 1381 823 δὲ
1397 796 1426 823 ἐκ
1447 796 1595 823 κακωτικοῧ
1613 796 1724 832 ἀριθμοῦ

985 843 1164 882 συναγόμενοι.
1180 842 1242 870 Haec
1257 852 1336 881 porro
1351 841 1430 869 verba
1447 840 1510 869 satis
1530 840 1641 868 obscure
1658 840 1727 868 lianc

985 890 1080 917 efferre
1094 888 1251 917 sententiam
1266 887 1392 915 videntur
1403 898 1408 913 ι
1421 886 1482 914 11105
1492 896 1586 925 nempe
1597 896 1631 914 ex
1639 885 1726 921 Ctero,

985 937 1031 973 qui
1053 941 1143 963 contra
1166 935 1298 963 Joannem
1317 933 1474 972 episcopum
1497 932 1556 960 dira
1580 931 1726 960 machinati

984 989 1046 1010 sunt
1055 1004 1062 1017 ,
1075 981 1174 1020 partim
1186 991 1220 1009 ex
1232 990 1323 1008 corum
1338 989 1448 1007 numero
1462 978 1542 1006 fuisse
1551 1000 1558 1014 ,
1572 978 1618 1015 qui
1634 978 1721 1017 impu-

984 1037 1041 1055 ram
1067 1037 1143 1054 suam
1167 1026 1250 1055 vitam
1276 1024 1310 1052 ab
1336 1024 1383 1052 illo
1403 1023 1573 1052 concionante
1601 1024 1675 1062 caipi
1700 1029 1726 1052 et

985 1073 1126 1112 perstringi
1141 1072 1210 1100 serre
1222 1081 1273 1100 non
1287 1077 1427 1110 poterant;
1447 1069 1545 1109 partim
1564 1079 1595 1097 ex
1617 1079 1709 1097 eorum
1719 1091 1726 1104 ,

984 1119 1031 1157 qui
1046 1118 1080 1147 de
1096 1125 1169 1147 tauto
1187 1124 1292 1157 pastore
1308 1116 1454 1154 malignam
1471 1121 1645 1154 conceperant
1660 1114 1724 1154 opi-

986 1175 1104 1193 monem.

1025 1211 1068 1239 Ex
1083 1208 1256 1248 Imperatoria
1265 1208 1325 1236 aula
1346 1207 1402 1235 duo
1413 1206 1455 1236 vel
1466 1213 1518 1234 tres
1528 1212 1631 1234 tantum
1640 1205 1729 1235 Theo-

984 1255 1060 1294 philo
1077 1262 1173 1294 praesto
1195 1255 1282 1285 fuere,
1304 1263 1335 1281 ac
1359 1252 1484 1281 militaris
1505 1251 1625 1290 praesidis
1649 1262 1727 1291 opem

986 1301 1037 1340 ipsi
1053 1301 1135 1329 tulere
1148 1323 1155 1337 ,
1177 1311 1236 1328 cum
1258 1299 1292 1327 ad
1308 1299 1533 1338 Chrysostomum
1546 1308 1560 1326 0
1576 1298 1661 1336 gradu
1675 1297 1728 1326 de·-

981 1346 1129 1385 jiciendum
1143 1357 1248 1375 omnem
1262 1345 1378 1384 lapidem
1397 1351 1526 1373 moveret.
1545 1344 1588 1372 Ex
1603 1344 1728 1373 mulieri-

985 1394 1037 1422 bus
1051 1404 1128 1430 vero,
1142 1393 1229 1431 inquit
1243 1392 1381 1421 Palladius
1394 1414 1400 1425 ,
1412 1398 1507 1430 praeter
1519 1391 1578 1419 illas
1593 1401 1651 1429 quse
1668 1391 1728 1419 vul-

986 1450 1019 1478 go
1037 1447 1105 1468 notre
1128 1447 1211 1475 sunt,
1229 1447 1280 1467 tres
1306 1438 1415 1472 viduae,
1433 1437 1508 1475 queis
1530 1437 1582 1465 viri
1610 1436 1728 1465 defuncti

986 1486 1126 1525 pecuniam
1138 1485 1265 1524 grandem
1277 1495 1310 1513 ex
1320 1484 1421 1522 rapinis
1432 1490 1535 1522 partam
1550 1482 1727 1520 reliquerant,

986 1543 1047 1561 cum
1062 1533 1125 1571 ipsae
1141 1532 1173 1560 iis
1189 1531 1214 1559 in
1238 1530 1354 1569 propriso
1371 1529 1464 1558 salutis
1478 1528 1621 1568 perniciem
1634 1528 1729 1567 opibus

985 1580 1021 1606 ad
1045 1588 1072 1606 se
1094 1588 1145 1606 non
1169 1575 1365 1616 pertinentibus
1384 1581 1545 1611 uterentur,
1566 1584 1613 1602 nec
1633 1573 1730 1603 ferrent

986 1631 1119 1663 pastorem
1133 1634 1212 1652 suum
1226 1629 1316 1651 contra
1331 1621 1467 1650 usurarios
1479 1644 1486 1656 ,
1499 1630 1592 1649 avaros
1604 1626 1628 1648 et
1642 1626 1730 1659 rapto-

986 1681 1027 1698 res
1041 1670 1243 1705 declamantem,
1253 1668 1387 1696 tumultus
1398 1678 1428 1695 ac
1441 1666 1577 1695 seditionis
1592 1666 1655 1706 ipsae
1663 1676 1730 1704 quo·

987 1728 1038 1755 que
1053 1727 1136 1745 causae
1151 1717 1268 1745 fuerunt.
1287 1715 1373 1743 Erant
1386 1720 1474 1741 autem
1490 1712 1542 1740 illae
1557 1713 1646 1740 Marsa
1662 1712 1730 1740 Pro-

987 1763 1052 1790 moti
1077 1773 1164 1796 uxor,
1181 1760 1311 1789 Castricia
1332 1759 1471 1788 Saturnini
1495 1759 1607 1797 conjux,
1622 1765 1648 1786 et
1669 1757 1732 1786 Eu-

990 1807 1102 1847 graphia
1115 1807 1236 1846 quiedam
1247 1829 1254 1841 ‚
1267 1816 1326 1844 quse
1341 1805 1447 1833 furiosae
1467 1804 1550 1833 instar
1571 1804 1676 1843 agebat.
1696 1804 1731 1832 Hi

990 1864 1080 1882 omnes
1093 1877 1100 1890 ,
1113 1861 1169 1882 tum
1184 1852 1235 1881 viri
1248 1859 1306 1880 tum
1318 1851 1444 1879 mulieres
1457 1874 1464 1886 ,
1477 1861 1531 1878 una
1545 1850 1731 1889 conspirarunt

990 1907 1018 1928 ut
1035 1900 1111 1928 illum
1129 1910 1143 1927 e
1160 1898 1245 1937 gradu
1258 1898 1415 1936 dejicerent,
1427 1897 1483 1935 ejus
1494 1896 1664 1934 disciplinam
1677 1905 1729 1924 non

991 1947 1110 1974 serentes.
1137 1947 1228 1983 Neque
1251 1944 1350 1972 mirum
1374 1949 1428 1978 est,
1448 1953 1509 1970 cum
1532 1949 1585 1970 tam
1607 1941 1731 1970 dissoluti

991 2003 1076 2020 mores
1089 1999 1189 2028 essent,
1203 1998 1257 2019 tam
1271 1999 1358 2018 acrem
1373 1999 1507 2017 censorem
1531 1988 1655 2027 plurimis
1670 1987 1729 2017 dis-

991 2039 1127 2077 plicuisse.

1030 2085 1096 2119 Quae
1123 2094 1187 2113 vero
1208 2089 1299 2111 eontra
1320 2082 1397 2110 illum
1417 2080 1575 2119 jactitabant
1595 2079 1684 2107 aemuli
1706 2085 1731 2108 et

991 2131 1091 2159 inimici
1116 2131 1172 2168 ejus
1186 2128 1339 2168 hujusmodi
1356 2134 1429 2156 eraut
1440 2149 1447 2163 ‚
1460 2125 1535 2164 quod
1550 2125 1682 2154 neminem
1695 2125 1730 2154 ad

991 2187 1109 2205 mensam
1125 2182 1246 2211 vocaret,
1264 2174 1310 2203 sed
1325 2184 1427 2213 semper
1442 2173 1514 2201 sotus
1529 2171 1625 2200 ederet.
1640 2172 1732 2200 Nimi-

992 2233 1051 2251 rum
1075 2222 1138 2260 quia
1159 2232 1193 2249 ex
1216 2220 1371 2248 infirmitate
1397 2218 1544 2255 stomachi,
1572 2219 1599 2246 in
1624 2218 1732 2248 morbos

991 2279 1061 2308 saepe
1083 2267 1199 2297 incidere
1215 2266 1331 2302 solebat,
1348 2272 1376 2294 ut
1395 2265 1493 2304 passim
1511 2265 1568 2303 jam
1589 2264 1731 2300 vidimus;

992 2316 1063 2344 tenui
1086 2325 1175 2343 mensa
1192 2313 1231 2341 uti
1246 2312 1367 2348 solebat,
1382 2321 1467 2349 neque
1484 2311 1555 2338 lauta
1572 2310 1624 2338 sibi
1644 2320 1731 2349 appo-

992 2362 1018 2390 ni
1047 2361 1145 2390 sercula
1167 2359 1334 2399 patiebatur,
1348 2357 1377 2386 id
1392 2356 1544 2397 postulante
1558 2362 1615 2384 tum
1631 2366 1730 2395 corpo-

992 2407 1029 2435 ris
1043 2405 1153 2439 lmbitu,
1168 2411 1226 2432 tum
1248 2404 1344 2442 pictate
1365 2412 1417 2440 qua
1442 2400 1575 2440 apostolos
1589 2407 1614 2428 et
1630 2399 1730 2428 Christi

991 2452 1137 2491 discipulos
1162 2451 1284 2485 imitans,
1300 2448 1406 2478 modico
1426 2447 1548 2476 utebatur
1569 2447 1637 2476 cibo.
1654 2448 1730 2482 Qua-

992 2505 1100 2537 propter
1125 2496 1216 2525 statim
1249 2502 1328 2534 alque
1351 2494 1385 2523 ad
1409 2492 1729 2531 Constantinopolitanam

992 2543 1079 2572 sedem
1095 2549 1200 2572 evectus
1222 2549 1278 2577 est,
1292 2541 1395 2580 amplos
1418 2539 1483 2568 tanti
1503 2539 1668 2578 episcopatus
1683 2548 1728 2565 re-

992 2589 1066 2619 ditus
1081 2589 1107 2617 iu
1123 2588 1273 2618 nosocomia
1294 2594 1319 2616 et
1340 2588 1366 2615 in
1390 2595 1539 2626 pauperum
1559 2589 1728 2613 sustentacu-

1756 1216 1842 1238 Pallad.
1855 1224 1878 1245 p.

1740 1247 1778 1270 35.
