1884 2922
221 159 292 194 548

214 233 338 262 adduxit.
361 241 404 263 tv.
425 240 488 263 337,
511 244 536 261 o.
568 244 592 263 r..
620 233 691 260 Fecit
709 239 735 260 ut
751 232 796 260 alii
817 233 894 268 heri,
911 234 957 260 alii

213 278 282 306 servi
299 285 392 306 esseut.
410 285 455 306 xl.
473 281 535 305 192.
552 283 577 304 ct
591 282 617 303 ut
631 275 763 314 principes
787 276 956 305 haberemus,

214 326 336 349 ixx-167.
358 332 383 348 Α.
408 332 432 350 n.
449 321 593 357 Postquam
617 325 753 357 peccatum
778 320 803 348 in
823 319 956 348 mundum

215 364 345 398 intravit,
362 364 480 402 dignitas
492 362 594 390 homini
608 362 695 390 abl-ua
710 369 757 390 est.
774 369 819 390 tv.
841 368 907 392 761.
932 374 954 391 n.

256 409 425 435 Peccatorum
436 407 516 434 variae
527 406 636 445 species.
651 410 740 434 [963.
758 417 783 433 c.
793 417 818 433 n.
829 407 888 434 Non
898 413 960 434 sunt

214 450 285 478 enim
300 451 389 478 omnia
404 449 523 488 ejusdem
541 456 650 476 naturae.
678 455 722 476 tv.
749 453 814 477 770.
840 461 866 477 Α.
891 455 958 477 771.

214 493 259 520 sed
288 493 361 521 varia
390 500 414 520 et
438 493 555 520 diversa.
574 499 617 520 ΧΙ.
642 496 704 520 811.
721 502 748 519 D.
764 493 874 520 Peccata
900 503 960 521 ma-

211 537 271 574 jora
284 536 325 564 vel
341 536 442 564 minora
459 543 530 567 sunt,
545 534 693 564 secuudum
720 546 894 574 personarum
905 536 959 565 dif-

215 580 365 609 ferentiam.
396 587 451 608 vn.
476 584 541 608 824.
564 580 607 608 Ex
633 579 764 616 qualitate
788 591 960 618 personarum

215 629 319 660 peccata
330 623 500 661 judicantur.
515 630 562 652 ΧΙ.
577 628 639 651 844,
656 634 682 650 A.
701 625 723 651 A
739 624 876 652 beneficiis
890 631 914 653 ct
927 625 961 652 ab

215 666 314 694 honore
337 677 389 704 quo
410 667 526 695 fruimur
552 666 674 704 graviora
709 673 814 705 peccata
841 667 961 696 reddun—

214 715 267 737 tur.
285 716 341 738 vll.
360 714 425 739 688.
444 721 469 738 o.
486 710 595 737 Peccata
609 709 699 738 dedita
714 721 793 749 opera
806 711 959 748 commissa,

214 753 340 789 graviora
363 759 435 782 sunt.
455 760 486 781 V.
503 757 564 781 295.
585 765 610 782 B.
627 754 695 788 Qua}
711 754 836 782 videntur
858 755 960 783 minora

214 803 319 834 peccata
335 819 342 831 ‚
356 807 410 825 non
432 797 596 835 negligenter
622 798 816 836 praetereunda.
836 805 880 829 tv.
896 804 960 828 673.

215 851 241 866 A.
261 846 291 867 V.
320 844 364 868 58.
391 851 416 869 n.
442 851 467 869 e.
495 840 540 868 sed
556 851 570 868 a
587 841 720 880 principio
736 841 890 870 coercenda.
913 845 957 871 lb.

216 883 304 912 Parva
326 883 397 911 enim
414 894 508 921 magna
530 884 614 922 fiunt,
635 886 659 913 si
684 886 871 924 negligantur,
894 887 960 916 dum

215 937 311 965 magna
336 938 419 966 parva
441 927 575 963 evadunt,
603 928 626 956 si
651 936 785 959 curentur.
805 937 823 958 1.
844 935 908 959 740.
932 942 957 959 Α.

218 971 344 1009 Neglecta
362 979 532 1010 pcccatorum
550 972 660 1000 vulnera
685 984 753 1012 saepe
776 975 876 1013 majora
897 985 959 1003 eva-

217 1014 302 1050 dunt,
326 1022 351 1043 et
371 1026 440 1054 saepe
463 1015 543 1043 etiam
564 1016 675 1044 morbus
692 1017 739 1044 ille
764 1025 875 1046 mortem
891 1019 961 1057 parit

216 1058 403 1086 immortalem.
432 1065 461 1086 V.
480 1064 526 1087 53.
548 1070 574 1087 n.
596 1060 656 1087 Non
672 1066 772 1088 tantam
792 1061 960 1100 diligentiam

214 1101 351 1138 requirunt
378 1102 478 1140 majora
502 1109 607 1140 peccata
628 1113 708 1140 quam
723 1104 849 1140 minima,
865 1116 956 1143 quare.

216 1151 272 1173 ΠΙ.
289 1148 352 1172 920.
368 1156 392 1171 Λ.
406 1155 430 1172 n.
447 1145 527 1180 Quod
540 1155 609 1181 saepe
630 1153 724 1174 natura
744 1147 803 1176 leve
822 1156 960 1186 peceatum

215 1194 252 1214 cst
268 1209 274 1222 ‚
290 1187 340 1215 hoc
359 1197 440 1225 grave
457 1195 482 1216 et
499 1199 549 1217 non
573 1189 732 1227 ignoscibile
753 1191 783 1219 su
795 1213 802 1227 ,
819 1192 885 1220 dum
900 1203 960 1231 pec-

215 1240 277 1259 cans
297 1230 330 1258 de
350 1231 403 1259 alio
425 1232 541 1270 judicat.
566 1240 612 1262 111.
639 1238 704 1263 227.
723 1246 748 1263 c.
769 1236 889 1270 Peccata,
907 1247 959 1265 non

215 1274 346 1310 aliorum,
365 1275 409 1303 sed
424 1282 513 1304 nostra
531 1276 716 1314 disquirenda.
735 1285 793 1307 VH.
810 1285 875 1308 723.
891 1290 915 1308 Ε.
930 1292 957 1310 Α.

217 1325 249 1346 Χ.
267 1323 364 1348 102.1³.
382 1320 420 1347 De
431 1319 507 1358 lapsu
522 1321 640 1358 proximi
657 1332 708 1350 non
724 1333 828 1357 amare,
839 1323 885 1352 sed
900 1335 960 1353 cum

215 1360 400 1390 misericordia
411 1363 602 1401 judicandum.
621 1372 664 1393 tv.
679 1370 745 1394 797.
764 1367 906 1396 Amatam
921 1375 960 1397 est

214 1414 265 1432 sua
288 1413 395 1443 peccata
419 1416 469 1434 nou
494 1407 602 1441 videre;
616 1408 662 1436 sed
687 1408 789 1448 duplex
808 1411 961 1450 triplexque

213 1448 318 1476 malum
331 1456 368 1476 est
382 1449 415 1477 de
430 1450 545 1478 aliorum
559 1451 664 1480 delictis
676 1453 809 1491 judicare.
823 1461 957 1486 vi1.325.

215 1501 242 1519 Δ.
268 1502 294 1519 Β.
313 1492 470 1522 Admodum
496 1495 629 1523 insulsum
652 1503 832 1536 extremaeque
846 1499 960 1528 miseriae

215 1541 274 1568 est,
307 1535 372 1563 dum
400 1544 489 1565 nostra
513 1538 663 1568 omittimus
695 1541 781 1577 mala,
808 1542 843 1571 de
866 1543 961 1572 alienis

214 1584 268 1605 tam
283 1589 339 1606 csse
352 1590 480 1608 curiosos.
497 1589 519 1609 Ι.
534 1586 598 1610 527.
616 1593 641 1611 Β.

257 1623 397 1651 Peccatum
408 1631 538 1661 quantum
552 1625 653 1654 homiui
667 1628 790 1657 noxium.
803 1637 835 1658 V.
850 1635 914 1662 504,
932 1643 959 1660 c.

216 1667 290 1693 Parit
304 1667 434 1704 pericula.
451 1675 483 1696 V.
503 1673 566 1699 126.
581 1680 605 1697 Β.
624 1671 700 1699 Nihil
714 1671 750 1700 ita
765 1682 894 1711 aggravat
904 1675 962 1704 ani—

215 1720 285 1737 mam
299 1732 305 1745 ‚
323 1710 359 1738 ita
376 1719 491 1740 mentem
509 1721 624 1742 cscaecat
645 1725 676 1743 ac
690 1715 833 1755 deprimit,
858 1726 886 1748 ut
900 1730 962 1748 con-

217 1753 325 1782 scientia
342 1755 453 1792 peccati.
470 1763 527 1785 Vll.
543 1762 606 1786 483.
624 1769 649 1786 c·
667 1759 807 1789 Peccatum
825 1762 962 1792 tristitiam

216 1795 334 1825 induxit.
351 1804 382 1825 tl.
399 1803 446 1826 77.
474 1810 496 1827 Β.
526 1806 583 1828 Vll.
602 1806 667 1830 633.
692 1813 718 1832 D.
736 1805 826 1833 Morbi
852 1806 961 1844 plurimi

214 1851 246 1868 ex
276 1848 382 1878 peceato
411 1842 546 1872 oriuntur.
583 1851 653 1873 vitt-
681 1851 744 1876 249.
780 1859 806 1876 Α.
832 1850 963 1878 Senectu-

214 1889 266 1911 tem
281 1884 369 1912 affert.
385 1892 430 1915 tx.
445 1890 507 1914 578.
523 1897 550 1914 D.
567 1895 678 1917 mortem
693 1891 804 1929 peperit.
824 1899 856 1921 11.
873 1899 920 1922 77.
934 1904 959 1923 Β.

216 1928 292 1966 δεῦρο
309 1928 457 1957 immaturae
470 1937 591 1959 mortesa
608 1933 963 1974 multitudinepeccatorum

216 1970 304 1999 allatoe
320 1979 393 2000 sunt.
409 1980 455 2002 ttt.
474 1979 538 2002 236.
555 1985 579 2003 Ε.
597 1977 664 2005 Cum
685 1989 840 2016 peccamus,
859 1988 963 2011 tantum

215 2013 353 2043 doleamus
367 2028 374 2050 3
386 2017 469 2044 multa
482 2018 553 2046 enim
565 2030 598 2047 ex
611 2019 659 2048 liae
675 2022 784 2051 tristitia
802 2024 912 2054 utilitas.
926 2033 959 2054 11.

216 2062 262 2085 77.
282 2069 308 2086 Α.
326 2059 364 2086 De
376 2060 433 2088 solo
456 2068 564 2098 peccato
577 2062 733 2094 dolendum.
746 2073 780 2095 11.
799 2072 844 2096 92.
863 2079 890 2097 Ε.
911 2070 963 2098 So-

214 2101 271 2129 lum
287 2109 428 2140 peccatum
448 2104 598 2143 lugendum
615 2114 662 2136 est.
678 2116 697 2136 Ι.
718 2115 782 2139 940.
801 2121 828 2142 Ε.
853 2117 916 2141 950.
936 2124 960 2142 Ε.

216 2146 308 2173 Unum
327 2146 470 2176 dumtaxat
492 2150 649 2187 timeamus,
665 2162 802 2191 peccatum
822 2165 958 2195 nempc.t.

217 2193 280 2218 587.
302 2200 326 2217 A.
344 2197 377 2219 V.
399 2196 465 2220 249.
492 2203 520 2221 1).
541 2194 665 2233 Plerique
688 2197 812 2228 homines
834 2211 886 2228 non
907 2207 961 2230 tam

216 2239 343 2270 peccata,
363 2245 444 2271 quam
465 2237 600 2276 supplicia
622 2239 777 2271 formidant.
806 2250 850 2272 Vl.
874 2249 917 2273 34.
934 2255 959 2273 13.

215 2275 276 2303 Noli
305 2286 432 2314 umquam
451 2281 616 2318 supplicium
645 2284 756 2321 timere,
773 2286 818 2315 sed
833 2288 961 2327 supplicii

215 2326 365 2356 parentem,
378 2329 526 2359 peceatum.
542 2332 562 2352 1.
580 2330 644 2356 950.
660 2328 711 2356 Vel
725 2336 785 2357 ante
796 2332 961 2369 supplicium

216 2370 354 2399 pet-catum
370 2371 407 2392 est
423 2375 512 2403 poena.
528 2374 559 2396 V.
575 2374 619 2398 84.
634 2381 659 2398 D.
676 2372 797 2402 Gravius
810 2382 847 2403 est
867 2386 960 2414 pecca-

218 2412 275 2433 tum
290 2417 369 2453 quum
385 2409 462 2437 ultio.
488 2417 533 2438 IX.
563 2416 628 2442 512.
647 2424 670 2442 Ε.
695 2420 759 2444 568.
784 2428 809 2447 c.
830 2420 960 2457 Magnum

215 2450 380 2486 supplicium
411 2462 539 2489 peecare,
557 2455 662 2485 etiamsi
678 2468 729 2486 non
749 2460 902 2498 puniamur.
925 2470 958 2490 11.

216 2496 261 2519 96,
280 2493 386 2521 Peccata
416 2503 505 2525 nostra
532 2508 582 2527 nou
611 2500 718 2530 duabus
734 2504 775 2532 vel
791 2505 879 2533 tribus
891 2528 898 2541 ,
915 2507 959 2534 sed

219 2534 292 2562 mille
303 2537 433 2565 mortibus
448 2539 529 2577 digua
545 2550 617 2573 suut.
637 2552 692 2574 Vll.
712 2551 776 2577 465.
795 2559 821 2577 .t.
841 2550 891 2579 Vel
909 2551 961 2578 mi—

855 171 954 194 11⁸<an
986 172 1112 194 RERUM.

1012 233 1082 262 nima
1097 243 1219 272 magnam
1234 238 1368 261 merentur
1380 238 1524 270 poeuam.1.
1535 237 1598 260 181.
1616 243 1640 259 s.
1663 233 1755 266 Quan-

1011 283 1036 304 ta
1052 287 1128 316 poena
1143 275 1295 305 schismatis
1314 280 1451 313 peccatum
1473 275 1562 313 puniri
1585 274 1691 303 debeat.
1706 281 1752 303 λἰ.

1014 325 1075 348 101.
1092 321 1150 349 Non
1173 330 1223 359 pro
1246 319 1341 347 merito
1364 317 1495 346 scelerum
1509 339 1516 352 ‚
1531 318 1579 346 sed
1599 319 1684 347 multo
1713 318 1755 346 lc-

1012 363 1099 391 viores
1113 374 1203 402 poenas
1218 364 1290 391 Deus
1303 361 1413 399 infligit.
1428 367 1529 390 Vt.10.

1053 407 1193 435 Peccatum
1217 407 1282 434 dum
1317 404 1482 444 parturitur,
1505 404 1651 440 quemdam
1676 403 1757 432 habet

1013 450 1162 488 pudorem5
1181 461 1242 478 cum
1265 455 1353 477 autem
1370 448 1514 487 perfectum
1536 454 1590 483 est,
1612 447 1757 486 impuden-

1012 495 1092 522 tiores
1106 494 1168 523 facit
1183 501 1312 523 auctores,
1342 499 1388 521 tx.
1413 497 1459 521 92.
1483 504 1507 520 c.
1536 493 1677 520 Peccatum
1701 502 1756 530 pu-

1012 537 1103 566 dorem
1130 537 1204 566 dedit
1229 537 1344 566 Adamo.
1378 543 1423 565 lv.
1450 540 1512 564 143.
1546 545 1573 566 o,
1614 535 1756 563 Peccatum

1014 581 1118 620 pudor,
1145 581 1330 620 poenitentiam
1352 579 1453 608 fiducia
1479 579 1616 616 sequitur:
1638 585 1664 606 at
1680 577 1758 606 ordi-

1014 636 1072 653 nem
1084 625 1194 653 invertit
1218 631 1336 659 satanas,
1349 623 1476 661 deditque
1490 630 1598 662 peccato
1616 621 1757 651 confiden-

1013 670 1089 700 tiam,
1104 669 1266 708 poenitentiae
1287 667 1428 707 pudorem.
1455 675 1487 696 11.
1512 672 1577 697 404.
1602 677 1629 696 Ε.
1648 667 1758 705 Oppro-

1014 713 1104 741 brium
1130 713 1213 742 inurit
1235 719 1385 751 peccatum.
1411 719 1457 740 IV.
1482 716 1546 741 209.
1575 721 1602 739 n.
1630 710 1757 739 Confusio

1014 757 1104 785 vultus
1127 767 1142 784 a
1164 756 1278 795 peccatis
1296 755 1394 785 oritur.
1418 762 1463 784 Vt.
1491 760 1535 784 -4-4.
1559 766 1582 783 Β.
1613 754 1757 783 Occultum

1013 807 1151 840 peceatum
1168 799 1321 828 admittitur
1341 809 1402 827 cum
1427 808 1522 837 magna
1537 799 1687 827 securitate.
1708 805 1754 826 ΧΙ.

1016 850 1077 873 148.
1100 856 1127 872 Α.
1155 843 1201 872 sed
1222 843 1296 871 nullo
1320 849 1448 881 arguente
1471 842 1573 881 prodit.
1597 849 1630 870 11.
1653 846 1717 871 109.
1733 853 1755 870 B.

1015 889 1107 926 Itaque
1118 894 1217 926 quanto
1229 887 1316 925 magis
1330 893 1468 925 peccatum
1481 886 1614 914 occultare
1629 886 1757 922 volueris,

1013 938 1084 960 tanto
1110 931 1195 970 magis
1221 930 1292 958 illud
1308 930 1427 968 evulgas.
1450 937 1508 959 ΠΙ.
1527 934 1589 958 562.
1606 940 1633 959 Δ.
1660 930 1757 957 Pecca-

1013 983 1068 1004 tum
1086 975 1255 1013 evulgatum‚
1275 985 1356 1012 quam
1371 974 1404 1002 sit
1417 984 1550 1002 amarum.
1569 980 1626 1003 Vll.
1645 978 1708 1001 367.
1729 984 1755 1002 c.

1052 1021 1225 1048 peccatorum
1241 1018 1424 1046 remissionem
1446 1018 1533 1046 solum
1557 1017 1637 1046 habet
1664 1017 1757 1046 Testa-

1013 1069 1132 1091 mentum
1146 1063 1264 1090 Novum.
1285 1069 1342 1090 xu.
1366 1067 1429 1090 258.
1446 1073 1470 1090 c.
1482 1063 1581 1100 Magna
1601 1068 1639 1090 est
1655 1071 1696 1089 res
1712 1071 1756 1089 re-

1013 1106 1081 1134 mitti
1092 1105 1261 1144 peccata‚sed
1275 1107 1361 1144 majus
1372 1113 1410 1134 est
1423 1128 1429 1140 ‚
1439 1105 1511 1143 quod
1526 1116 1573 1144 per
1583 1105 1757 1133 Dominicum

1012 1150 1180 1188 sanguinem.
1198 1157 1242 1178 ΧῙ.
1260 1155 1286 1180 8,
1305 1161 1330 1178 B.
1348 1149 1428 1184 Quod
1452 1150 1477 1177 in
1494 1149 1610 1178 adventu
1626 1160 1673 1177 suo
1690 1159 1756 1188 pec·

1012 1200 1132 1222 catorum
1158 1193 1266 1221 veniam
1288 1191 1400 1221 daturus
1428 1200 1511 1229 esset,
1534 1194 1758 1232 praenuntiaverat

1012 1238 1144 1267 Dominus
1157 1249 1205 1277 per
1218 1237 1374 1277 prophetas.
1393 1246 1414 1266 1.
1440 1243 1505 1267 699.
1523 1249 1549 1268 Ε.
1564 1238 1594 1268 Si
1609 1238 1736 1267 volumus
1748 1261 1756 1275 ,

1013 1283 1111 1312 damna
1124 1283 1224 1322 peccati
1241 1282 1320 1321 primi
1336 1282 1452 1321 parentis
1466 1282 1591 1311 resarcire
1605 1292 1757 1321 possumus.

1014 1334 1059 1356 tv.
1078 1331 1145 1356 774.
1160 1338 1185 1355 n.
1201 1327 1275 1355 Sicut
1290 1333 1394 1364 peccata
1415 1325 1544 1364 pudorem
1566 1325 1708 1364 ingerunt,
1721 1326 1758 1354 ita

1012 1370 1112 1399 fiducia
1135 1370 1217 1398 efficit
1238 1369 1311 1408 quod
1333 1370 1422 1398 omnia
1447 1369 1501 1397 sint
1526 1369 1604 1398 nobis
1626 1369 1756 1406 remissa,

1012 1414 1158 1453 quomodo,
1175 1421 1233 1443 ΧΠ.
1251 1418 1316 1442 258.
1330 1425 1358 1442 n.
1373 1414 1478 1442 Malitia
1492 1416 1592 1452 peccati
1607 1413 1756 1442 remedium

1012 1460 1102 1493 habet,
1120 1458 1270 1487 remedium
1286 1468 1348 1486 vero
1360 1468 1511 1486 mensuram
1524 1468 1575 1485 non
1587 1457 1674 1491 habet,
1687 1468 1752 1495 quo-

1013 1514 1074 1532 nam
1092 1514 1179 1532 sensu.
1195 1509 1227 1531 It.
1246 1506 1310 1530 402.
1329 1512 1353 1529 c.
1370 1501 1460 1529 Etiam
1476 1502 1568 1539 gravia
1585 1507 1691 1540 peccata
1710 1512 1756 1530 re-

1014 1548 1096 1576 mittit
1118 1546 1277 1586 baptismus.
1302 1553 1347 1574 tx.
1366 1550 1411 1573 12.
1429 1556 1456 1572 Δ.
1475 1550 1517 1573 13.
1536 1552 1561 1572 et
1575 1555 1625 1572 nos
1648 1552 1758 1583 peccato

1013 1592 1103 1620 reddit
1128 1597 1258 1619 mortuos.
1284 1596 1330 1618 lx.
1355 1594 1419 1619 577.
1442 1600 1467 1617 c.
1493 1588 1575 1622 Quod
1590 1595 1678 1616 autem
1699 1595 1759 1627 post

1013 1636 1152 1664 lavacrum
1175 1640 1282 1673 peccato
1305 1633 1404 1661 mortui
1430 1643 1604 1667 maneamus,
1626 1631 1655 1660 id
1675 1632 1758 1661 studii

1014 1679 1097 1708 nostri
1122 1689 1190 1716 opus
1206 1688 1261 1706 esse
1283 1676 1377 1711 debet,
1401 1676 1449 1704 etsi
1471 1677 1544 1704 Deus
1567 1676 1688 1714 adjuvet.
1706 1683 1753 1706 tx.

1015 1728 1078 1752 583.
1094 1733 1119 1751 c.
1140 1721 1278 1760 Baptisma
1294 1721 1364 1749 enim
1386 1731 1437 1748 non
1456 1719 1535 1748 modo
1551 1720 1639 1758 priora
1654 1719 1752 1748 delicta

1016 1767 1099 1803 delet,
1121 1766 1166 1795 sed
1186 1772 1211 1793 et
1233 1764 1362 1793 adversus
1377 1765 1465 1793 futura
1488 1764 1585 1792 firmat.
1604 1765 1647 1794 Ib.
1663 1763 1756 1792 Vehe-

1018 1810 1113 1839 mentis
1129 1810 1170 1838 vis
1191 1808 1310 1836 caritatis
1325 1817 1416 1836 omnes
1435 1807 1559 1845 expellit,
1570 1807 1718 1845 exstinguit
1731 1814 1757 1835 et

1017 1853 1150 1882 consumit
1160 1858 1332 1892 peccatorum
1344 1850 1451 1889 species.
1462 1854 1567 1880 Χ.477.
1575 1855 1758 1879 c-X1.528.1-:.

1017 1899 1190 1926 pcccatorum
1214 1894 1320 1923 nullum
1346 1904 1429 1932 genus
1456 1893 1533 1921 venia
1557 1898 1757 1922 caret-111.15.

1018 1942 1062 1970 Eti
1073 1952 1108 1969 im
1124 1938 1281 1979 gravissima
1297 1938 1450 1976 expiantur.
1467 1944 1514 1966 111.
1533 1941 1598 1966 519.
1622 1948 1644 1965 Β.
1656 1937 1759 1966 etiamsi

1018 1992 1074 2024 post
1085 1984 1219 2024 baptisma
1229 1982 1327 2009 fuerint
1337 1988 1468 2010 aetaXtt.
1476 1985 1541 2010 287.
1556 1991 1584 2008 D.
1595 1981 1678 2010 Jubet
1687 1981 1759 2009 Deus

1017 2036 1046 2057 ut
1068 2029 1135 2056 hane
1150 2025 1334 2056 remissionem
1356 2031 1490 2064 petamus.
1508 2031 1565 2052 VII.
1594 2028 1658 2052 287.
1682 2034 1709 2052 c.
1726 2034 1756 2054 D.

1016 2073 1096 2101 Brevi
1113 2079 1231 2110 tempore
1252 2075 1336 2107 potest
1355 2067 1516 2096 delictorum
1533 2067 1655 2095 remissio
1675 2067 1759 2106 impe-

1017 2116 1092 2144 trari.
1120 2122 1165 2144 tv.
1186 2120 1249 2143 619.
1268 2124 1294 2141 E.
1319 2123 1347 2140 Λ.
1372 2118 1405 2139 V.
1432 2115 1497 2139 646.
1523 2121 1551 2140 E.
1569 2121 1595 2138 A.
1611 2110 1758 2139 Sufficiunt

1016 2160 1094 2198 pauci
1116 2158 1172 2186 dies
1196 2165 1226 2186 ut
1249 2155 1449 2186 multitudinem
1472 2160 1644 2192 peccatorum
1661 2153 1760 2182 reddas

1015 2202 1227 2231 contractiorem.
1245 2209 1265 2231 1.
1289 2205 1353 2228 610.
1371 2206 1395 2227 et
1411 2209 1439 2226 ea
1460 2197 1561 2227 diluas.
1583 2205 1630 2227 lv.
1649 2202 1712 2226 268.
1727 2208 1754 2226 E.

1017 2258 1042 2275 A.
1060 2246 1138 2274 Ratio
1153 2245 1295 2274 solutionis
1312 2249 1480 2282 peccatorum
1497 2252 1549 2269 non
1560 2241 1700 2269 laboribus
1713 2242 1757 2270 in-

1015 2290 1100 2327 diget,
1117 2289 1163 2317 sed
1177 2289 1261 2317 animi
1276 2294 1379 2316 tantum
1403 2285 1552 2324 proposito,
1573 2292 1619 2313 Xl.
1643 2289 1708 2313 846.
1729 2296 1755 2314 D.

1015 2336 1085 2361 Cum
1098 2344 1193 2369 magna
1207 2339 1268 2360 sunt
1287 2329 1455 2359 accuratione
1468 2327 1654 2366 disquirenda.
1673 2335 1692 2357 1.
1709 2333 1756 2357 1-4.

1016 2388 1043 2406 E.
1057 2389 1084 2406 A.
1094 2377 1207 2406 Nullum
1222 2383 1260 2404 est
1273 2385 1383 2414 prorsus
1396 2379 1534 2412 peccatum
1546 2372 1588 2399 cui
1603 2372 1752 2400 remedium

1014 2421 1104 2449 ast'erri
1121 2427 1245 2458 nequeat.
1261 2423 1359 2447 1.12.c.
1372 2422 1476 2446 13.A.n.
1489 2414 1631 2451 Quomodo
1645 2415 1754 2444 deleau-

1017 2471 1060 2492 tur
1073 2470 1189 2503 peccata.
1205 2470 1225 2491 t.
1240 2468 1265 2491 9.
1282 2472 1308 2490 n.
1325 2468 1394 2489 ΠΗ.
1412 2464 1455 2488 54.
1468 2469 1492 2486 Β.
1507 2458 1642 2496 quomodo
1656 2458 1752 2486 abster-

1016 2515 1122 2543 gantur.
1140 2514 1198 2535 ΧΠ.
1216 2512 1278 2535 180,
1297 2517 1322 2533 Α.
1345 2509 1406 2532 181.
1425 2502 1531 2530 Peccati
1555 2501 1670 2530 remedia
1689 2509 1750 2530 sunt

1016 2562 1098 2589 poenae
1113 2549 1282 2588 temporales.
1300 2555 1332 2576 tt.
1348 2551 1392 2574 96.
1417 2557 1438 2574 x.
1455 2556 1478 2573 n.
1496 2544 1616 2572 Maculas
1631 2551 1754 2583 pcccato-
