1950 2922
295 208 359 242 ¹72

289 280 367 298 causa
387 281 401 298 a
416 271 517 300 Joanne
531 269 565 298 ab
581 268 697 298 Ecclesia
712 269 807 307 ejectos
826 267 926 304 fuisse;
941 266 1024 295 suasit

288 315 344 344 illis
363 322 392 344 nt
415 315 520 344 libellos
532 315 660 343 adversus
670 315 798 343 Joannem
813 313 952 348 offerrent,
965 312 1025 352 pol-

288 361 379 389 licitus
393 372 419 389 se
440 361 499 389 illos
516 360 542 388 in
562 359 705 399 pristinum
725 359 839 396 gradum
861 365 887 387 et
902 358 1024 387 ministe-

289 406 360 434 rium
374 407 558 434 restituturum
569 415 634 433 csse.
650 405 695 432 Illi
707 415 761 432 rem
777 404 953 432 libentissime
966 415 1024 432 am-

288 451 361 490 plexi
377 458 448 484 sunt‚
465 450 620 488 libellosque
636 450 687 489 ipsi
702 450 857 479 obtulerunt
868 473 875 486 ‚
891 461 957 488 quos
970 450 1026 489 ipse

289 495 633 536 Theophilusdictaverat,
654 496 680 524 in
697 496 794 534 quibus
818 503 911 525 caetera
935 496 1024 525 omnia

289 542 353 569 falsa
367 548 391 569 et
406 541 592 580 supposititia,
609 552 690 570 unum
707 548 795 570 autem
813 548 914 570 tantum
931 552 1027 570 verum

288 594 354 621 erat,
371 585 442 624 quod
465 597 560 625 nempe
583 587 697 616 Joannes
719 598 811 615 omnes
838 594 975 623 moneret,
998 593 1027 615 nt

289 639 349 672 post
368 632 598 667 communionem,
610 643 706 671 aquam
723 639 769 661 aut
788 633 926 672 pastillum
940 632 1026 670 degu-

289 685 397 715 starent,
412 689 444 706 ne
458 689 518 706 cum
533 679 618 707 saliva
632 686 678 706 aut
693 679 788 718 pituita
803 689 817 707 e
837 678 961 718 symbolo
976 678 1028 706 Sa—

289 724 417 753 cramenti
431 724 535 763 aliquid
550 732 645 763 praeter
655 725 819 754 voluntatem
833 731 1007 763 exspueretnr
1024 735 1029 750 ε

290 771 364 809 qnod
382 777 407 799 et
421 771 477 810 ipse
496 771 618 800 faciebat.
632 771 698 806 Quae
711 781 751 799 res
766 778 835 799 certe
854 771 923 799 nulli
943 769 1028 809 culpa:

290 817 406 846 obnoxia
419 816 573 846 videbatur.

331 864 454 903 Acceptis
486 864 585 892 libellis
612 863 781 903 Theophilus
811 863 837 892 in
864 863 1029 902 Eugraphiae

291 908 394 938 aedibus
416 909 581 947 colloquium
601 908 696 937 habuit
716 919 777 937 cum
801 908 960 944 Severiano,
976 910 1029 936 An-

291 955 380 983 tiocho
401 963 427 984 et
452 956 561 991 Acacio,
587 955 741 993 caeterisque
762 954 872 984 Joannis
897 954 1029 990 inimicis,

291 1001 338 1039 qui
351 1012 416 1041 pene
430 1012 520 1030 omnes
530 1012 563 1029 ex
576 1001 686 1030 Joannis
701 1000 887 1039 monitisjuste
901 1000 1031 1028 modeste-

292 1059 344 1086 que
357 1049 581 1085 datis,adversus
601 1048 678 1076 illum
696 1048 840 1076 exulcerati
853 1055 936 1077 erant.
955 1049 1032 1076 Unus

291 1105 354 1123 vero
366 1106 398 1123 ex
414 1095 446 1123 iis
470 1095 514 1132 qui
532 1094 641 1122 aderant
656 1117 664 1129 ,
681 1094 740 1122 aliis
761 1093 891 1132 suggessit
904 1101 933 1122 ut
948 1094 1033 1122 libelli

291 1139 419 1169 darentur
432 1141 607 1179 Imperatori,
624 1146 651 1168 nt
672 1140 727 1178 ipsc
741 1141 870 1169 Joannem
894 1140 937 1168 vel
961 1139 1031 1167 invi-

291 1193 348 1215 tum
367 1186 401 1215 ad
422 1186 563 1226 Synoduni
588 1196 615 1214 se
640 1186 731 1214 sistere
745 1192 857 1223 cogeret.
874 1185 944 1219 Quia
959 1195 1031 1220 vero,

291 1239 321 1260 nt
348 1233 445 1271 saepius
473 1231 636 1271 experientia
660 1239 825 1270 compertum
849 1231 910 1264 fuit,
936 1241 1032 1259 aurum

292 1279 379 1306 omnia
397 1289 478 1317 prona
494 1278 635 1315 faciliaque
649 1277 752 1313 reddit,
768 1277 818 1305 hac
833 1277 876 1305 via
891 1277 1033 1316 Theophi-

292 1324 334 1352 lus
348 1325 468 1352 effecerat
486 1331 514 1351 ut
535 1324 614 1352 aulici
630 1324 707 1351 multi
724 1334 771 1362 pro
786 1334 813 1351 se
826 1330 934 1357 starent,
955 1331 1033 1362 atque

292 1370 328 1398 sic
342 1381 399 1408 quae
417 1370 442 1398 iu
458 1370 556 1409 optatis
572 1370 622 1398 sibi
636 1376 709 1397 erant
723 1369 886 1408 impetravit.

166 1425 280 1454 chrysost.
334 1416 390 1444 Etsi
410 1427 472 1444 vero
492 1415 662 1454 Imperatoris
678 1425 806 1443 consensu
828 1421 852 1442 ct
868 1415 945 1453 jussu
970 1414 1031 1442 fulti

141 1457 278 1486 '‘3¹1¹'427'
292 1462 460 1501 Theophilus
476 1470 500 1490 et
523 1461 604 1497 socii,
622 1472 673 1489 non
696 1461 753 1489 ausi
776 1467 837 1489 sunt
855 1467 940 1488 tamen
963 1460 1032 1488 intra

245 1525 280 1544 ¹46
293 1510 387 1537 urbem
417 1508 664 1547 Constantinopolin
694 1507 836 1546 Synodum
868 1517 975 1545 cogere,
1005 1513 1033 1535 ut

293 1566 325 1584 ne
340 1555 445 1594 plebem
466 1555 565 1593 pastori
581 1565 628 1582 suo
640 1553 851 1582 addictissimum
876 1563 1032 1581 commove-

293 1607 361 1635 rent,
375 1608 398 1628 et
419 1600 561 1628 adversum
574 1610 600 1627 se
614 1598 758 1627 tumultum
777 1598 935 1634 excitarent3
950 1608 1033 1636 neque

293 1653 381 1674 tutum
396 1646 447 1674 sibi
463 1646 517 1673 fore
531 1645 670 1684 putabant,
688 1645 711 1672 si
724 1644 880 1678 calumnias,
898 1655 965 1682 quas
978 1644 1032 1673 sal—

294 1692 314 1720 si
324 1692 478 1720 convincere
491 1691 567 1719 facile
579 1697 643 1725 erat,
654 1691 679 1718 in
694 1690 782 1718 medio
793 1691 971 1729 Imperatoria}
986 1701 1032 1718 ur-

294 1737 335 1765 bis
348 1738 506 1776 proferrent.
521 1736 689 1774 Theophilus
703 1736 784 1774 igitur
806 1747 852 1775 per
868 1743 918 1763 tres
935 1735 1032 1763 hebdo-

168 1795 254 1815 Sozom.
266 1793 282 1814 1.
295 1783 386 1811 modas
401 1782 631 1821 Constantinopoli
643 1788 830 1817 commoratus,
843 1792 903 1809 cum
917 1781 976 1809 aliis
991 1792 1031 1810 se-

143 1825 166 1848 3·
178 1833 197 1845 Β·
217 1833 251 1855 ¹7·
295 1841 355 1859 cum
371 1829 595 1859 consentientibus
614 1828 744 1868 episcopis
761 1827 956 1856 Chalcedonem
971 1839 1031 1867 per-

142 1891 245 1911 sfflmius
258 1890 284 1910 ad
296 1877 374 1913 rexit,
390 1875 503 1913 indeque
517 1875 551 1903 ad
573 1875 709 1909 Quercum
720 1897 727 1911 ,
747 1874 922 1903 Chalcedonis
936 1874 1034 1902 subur-

143 1916 266 1949 Qssffifflffi·
296 1924 406 1958 bannm,
419 1922 445 1950 in
458 1921 566 1949 eeclesia
580 1920 629 1950 SS.
646 1920 831 1960 Apostolorum
844 1919 915 1948 Petri
927 1927 952 1948 et
965 1921 1036 1948 Pau-

296 1970 333 2005 li,
349 1981 430 2008 quam
449 1969 564 1998 Rufinus
580 1975 781 2003 construxerat,
796 1967 935 2007 Synodum
950 1968 1030 1996 colle—

297 2016 344 2054 git,
359 2023 383 2044 et
404 2026 465 2044 cum
491 2014 604 2049 acacio,
621 2014 764 2043 Severiano
779 2021 802 2042 et
829 2014 960 2043 Antiocho
983 2014 1033 2043 ini-

297 2072 379 2099 quum
392 2062 559 2100 propositum
575 2060 704 2099 explevit.

337 2109 412 2138 Nihil
431 2108 467 2136 ibi
482 2107 516 2136 de
532 2107 656 2145 Origenis
670 2106 776 2146 scriptis
792 2106 818 2134 in
841 2105 928 2135 medio
943 2107 1035 2146 prola—

298 2161 353 2182 tum
368 2155 429 2190 suit,
444 2153 513 2182 nihil
532 2153 564 2181 de
581 2153 721 2181 Fratribus
738 2152 837 2191 Longis
853 2153 994 2181 Ammonio
1011 2160 1035 2182 et

297 2201 368 2238 aliis,
383 2212 441 2239 qum
466 2207 553 2228 tamen
575 2210 627 2227 una
652 2199 779 2227 hactenus
802 2199 954 2238 Theophilo
975 2200 1036 2228 fue-

298 2254 355 2274 rant
368 2247 535 2285 querelarum
556 2256 654 2274 causa:
673 2257 727 2284 pax
742 2246 810 2274 facta
826 2256 885 2274 cum
902 2245 956 2274 illis
970 2253 1034 2274 erat.

299 2293 489 2323 Consceleratis
503 2304 559 2321 sese
572 2292 697 2331 adjunxit
711 2292 827 2331 Cyrinus
838 2315 845 2327 ,
858 2292 1036 2320 Chalcedonis

299 2341 452 2380 episcopus,
469 2350 548 2377 quein
560 2339 678 2368 vidimus
693 2349 726 2367 ex
743 2338 889 2378 improviso
902 2339 1034 2367 Maruthae

300 2397 389 2425 gressu
404 2385 478 2425 pedis
497 2385 636 2413 doloribus
655 2385 831 2418 laborantem,
849 2385 895 2423 qni
911 2392 974 2414 tunc
991 2396 1038 2414 nec

300 2432 388 2461 morbi
407 2431 500 2460 dolore
524 2431 704 2470 piwlicclitius,
719 2431 745 2459 in
765 2433 894 2460 Joannem
914 2443 960 2460 ceu
986 2432 1036 2460 ho·-

174 2488 259 2508 Sozom.
272 2487 287 2507 1.
300 2479 347 2507 stis
372 2477 526 2506 insurrexit.
542 2477 614 2504 Illud
639 2488 718 2513 vero,
734 2484 762 2505 ut
788 2478 901 2517 carptim
924 2478 1013 2506 dicam
1027 2500 1035 2515 ,

243 2519 248 2523 ⁵
302 2535 352 2553 non
369 2523 477 2562 impune
491 2522 552 2550 feeit
566 2534 571 2549 ε
583 2529 670 2561 postea
690 2522 759 2550 enim
780 2533 841 2550 cum
864 2523 934 2551 male
952 2523 1036 2551 liabe-

301 2577 349 2607 ret,
366 2580 425 2598 crus
437 2569 458 2597 ci
475 2579 541 2608 saepc
557 2580 571 2596 a
586 2568 698 2596 medicis
712 2568 856 2597 dissectum
870 2577 917 2598 est.
934 2571 1037 2609 Super-

302 2617 407 2646 veniens
423 2616 494 2645 eniin
518 2614 628 2655 putredo
651 2621 736 2643 totuin
757 2625 852 2654 corpus
875 2615 1035 2654 depasceba-

752 207 781 230 S.
809 205 948 230 JOANNJS
975 205 1208 229 CHRYSOSTOMI
1237 206 1332 238 VITA,

1080 273 1124 295 tur
1130 279 1138 305 5
1155 267 1221 296 adeo
1235 275 1262 296 ut
1276 268 1343 297 alter
1356 277 1462 306 quoque
1484 278 1528 307 pes
1549 268 1619 297 idem
1634 274 1767 308 pateretur
1781 277 1815 297 ex

1080 319 1173 341 mutua
1185 313 1286 342 doloris
1298 313 1535 342 communicatione
1545 336 1552 350 ,
1568 321 1648 352 atque
1662 325 1714 343 non
1734 314 1819 343 multo

1081 364 1141 396 post
1153 358 1179 385 in
1195 358 1335 387 doloribus
1353 358 1499 387 exstinctus
1515 365 1562 387 est.
1578 359 1618 387 Ad
1633 359 1817 398 Theophilum

1082 403 1144 431 item
1166 403 1261 432 defecit
1277 404 1378 432 Paulus
1392 404 1567 441 Heracleotes,
1582 405 1629 442 qui
1648 415 1699 433 non
1713 406 1820 434 semela

1082 448 1183 477 Joanne
1199 449 1224 477 in
1248 449 1359 487 negotiis
1374 449 1512 478 adhibitus
1535 451 1628 479 fuerat.
1644 451 1718 485 Quid
1734 451 1756 480 si
1776 451 1822 479 di-

1083 503 1186 530 camus,
1203 505 1263 523 cum
1280 495 1433 534 Theophilo
1450 503 1543 534 patruo
1565 506 1612 524 suo
1634 496 1751 525 adfuisse
1767 497 1820 536 Cy-

1082 539 1174 567 rillum
1185 541 1314 578 juvenem
1324 563 1331 575 ‚
1343 541 1389 579 qui
1411 548 1500 580 postea
1515 541 1669 581 Theophilo
1684 542 1820 577 successit,

1082 595 1113 613 ac
1123 585 1242 614 doctrina
1258 586 1485 624 sanctimoniaque
1496 586 1608 615 celebris
1622 587 1695 616 suit?

1124 632 1159 660 Hi
1179 632 1259 661 simul
1275 633 1380 672 judices
1391 656 1399 670 ,
1422 641 1588 663 accusatores
1602 641 1626 663 et
1641 641 1717 663 testes
1731 641 1823 671 erant,
1854 666 1857 669 ,
1884 634 1934 670 P¹=⁰⁴

1086 677 1127 706 vcl
1139 685 1215 707 testes
1228 679 1309 707 falsos
1323 679 1496 709 advocarant.
1515 680 1656 709 Tredccim
1671 681 1727 709 haec
1741 681 1824 710 actio·
1835 665 1936 718 &ggp‘flhx

1085 723 1164 752 nibus
1190 732 1292 762 peraeta
1322 732 1383 753 sunt
1408 737 1414 752 :
1437 725 1580 754 duodecim
1608 736 1703 765 nempe
1730 733 1821 755 contra

1084 771 1213 799 Joannem
1235 771 1344 810 prolatae
1366 778 1436 807 sunt,
1448 771 1526 799 tertia
1545 771 1648 800 decima
1669 779 1759 801 contra
1773 772 1824 801 He·
1835 774 1932 796 Crimim

1084 815 1201 845 racliden
1215 824 1288 852 erat,
1310 827 1389 855 quem
1405 816 1531 856 Ephesiis
1555 817 1600 846 ille
1614 817 1751 846 ordinarat
1761 818 1821 857 epi·
1836 813 1933 864 3³05ss

1085 872 1195 901 scopum
1221 876 1226 891 :
1254 863 1330 902 cujus
1350 870 1437 892 tamen
1463 863 1656 903 depositionem
1677 864 1825 893 invalidam
1837 874 1898 889 mum
1916 875 1929 889 ο

1086 908 1213 945 reddere,
1227 909 1286 938 aliis
1305 909 1441 937 nonnullis
1463 909 1689 948 prohibentibus,
1716 909 1827 938 minime
1838 902 1883 920 Μ’·

1086 961 1238 993 potuerunt.
1257 955 1402 983 Heraclidae
1422 962 1511 983 autem
1532 962 1670 984 accusator
1688 955 1740 984 fuit
1761 957 1827 984 Ma-

1087 1000 1184 1034 carius,
1200 1002 1354 1039 Magnetum
1369 1001 1518 1040 episeopus.
1535 1002 1646 1031 Joannis
1660 1012 1723 1030 vero
1736 1002 1829 1041 Chry-

1087 1047 1195 1074 sostomi
1207 1054 1345 1075 accusator
1357 1048 1408 1076 fuit
1425 1049 1539 1077 Joannes
1556 1048 1706 1085 Diaconus,
1723 1048 1827 1087 episco-

1088 1092 1116 1130 pi
1131 1093 1173 1120 sui
1190 1093 1277 1132 palam
1300 1093 1399 1130 hostis,
1409 1094 1456 1132 qui
1471 1101 1607 1132 sequentes
1627 1094 1825 1122 criminationes

1088 1137 1114 1165 in
1125 1139 1254 1167 Joannem
1270 1139 1424 1178 episcopum
1440 1140 1539 1168 attulit.

1129 1185 1169 1211 4⁰.
1183 1183 1262 1218 Quod
1280 1195 1308 1212 se
1324 1195 1338 1212 e
1355 1184 1497 1212 diaconatu
1515 1184 1676 1222 amovisset,
1687 1184 1750 1222 quia
1775 1184 1830 1224 ipse

1086 1239 1200 1268 puerum
1214 1240 1293 1258 sunm
1308 1230 1484 1259 domesticum
1498 1231 1694 1259 verberaverat.

1127 1276 1169 1302 θ’.
1197 1275 1276 1309 Quod
1306 1277 1420 1304 Joannes
1447 1275 1556 1313 quidam
1580 1276 1729 1304 Monachus
1751 1276 1829 1315 jussu

1089 1320 1147 1358 ejus
1160 1321 1324 1359 vapulasset,
1340 1328 1527 1361 raptatosque,
1544 1333 1573 1350 ac
1588 1332 1649 1350 cum
1662 1321 1832 1351 daemoniacis

1087 1372 1180 1394 catena
1195 1368 1277 1395 ferrea
1294 1368 1451 1396 constrictus
1467 1369 1567 1396 fuisset.

1128 1413 1168 1442 5⁰.
1183 1413 1261 1447 Quod
1276 1414 1442 1442 cimeliorum
1454 1415 1462 1452 ζ
1476 1413 1620 1450 Ecclesiae)
1635 1423 1759 1452 magnam
1775 1413 1832 1443 vim

1088 1459 1263 1488 vendidisset.

1128 1507 1172 1534 4⁰.
1190 1506 1270 1542 Quod
1288 1516 1436 1541 marmora,
1454 1516 1512 1543 quae
1530 1505 1669 1534 Nectarius
1688 1500 1832 1543 reliquerat

1088 1551 1123 1580 ad
1145 1551 1291 1580 ornandam
1319 1559 1415 1581 sanctae
1438 1552 1584 1580 Anastasiae
1607 1551 1760 1588 ecelesiam,
1775 1551 1832 1591 ipse

1089 1598 1249 1627 vendiderit.

1129 1645 1169 1673 5⁰.
1184 1643 1264 1680 Quod
1283 1644 1390 1673 elericos
1415 1643 1561 1683 appellaret
1575 1644 1658 1679 viles,
1676 1650 1829 1683 corruptos,

1090 1690 1211 1725 inutiles,
1224 1690 1389 1720 triobolares.

1130 1738 1170 1766 6⁰.
1188 1736 1268 1771 Quod
1290 1738 1318 1765 S.
1335 1737 1519 1776 Epiphanium
1541 1736 1657 1765 delirum
1676 1736 1830 1775 appellave-

1090 1785 1140 1819 rit,
1154 1792 1179 1813 et
1194 1795 1307 1824 parvum
1322 1785 1494 1813 daemonium.
1690 1818 1692 1820 v

1131 1832 1171 1860 7⁰.
1188 1830 1267 1867 Quod
1280 1832 1422 1859 Severiano
1437 1830 1547 1859 insidias
1558 1830 1701 1866 struxerit,
1715 1829 1831 1859 incitatis

1091 1876 1219 1905 adversus
1232 1877 1308 1905 illuni
1325 1876 1440 1905 decanis.

1131 1924 1171 1952 8⁰.
1185 1923 1266 1958 Quod
1286 1930 1375 1951 contra
1399 1923 1507 1951 Clerurn
1528 1922 1630 1951 librum
1649 1922 1831 1962 sycophantiis

1090 1970 1198 2009 plenum
1215 1969 1359 2008 scripserit.

1129 2019 1170 2045 [¹0.
1186 2016 1267 2051 Quod
1281 2016 1361 2044 totins
1374 2015 1444 2044 Cleri
1456 2021 1585 2043 conventu
1595 2014 1733 2049 fact0,tres
1741 2015 1831 2043 diaco-

1090 2073 1137 2090 nos
1148 2062 1244 2096 citarit,
1253 2064 1270 2089 Α
1276 2062 1348 2090 caciu
1354 2072 1388 2097 111,
1397 2060 1551 2099 Edaphium
1560 2067 1584 2088 et
1591 2061 1729 2097 Joannem,
1736 2068 1761 2089 et
1769 2071 1833 2099 qua-

1090 2109 1112 2136 si
1126 2108 1262 2136 humerale
1271 2118 1348 2136 suum
1364 2107 1442 2135 furati
1452 2113 1545 2140 essent,
1557 2107 1702 2141 accusarit,
1712 2117 1833 2144 quaerens

1092 2162 1181 2182 utrum
1197 2155 1230 2182 ad
1245 2154 1329 2181 alium
1343 2153 1460 2190 aliquem
1477 2163 1554 2180 usum
1567 2152 1635 2180 illud
1649 2152 1788 2191 cepissent.

1133 2201 1193 2228 10⁰.
1209 2199 1289 2234 Quod
1307 2199 1464 2233 Antonium,
1478 2197 1661 2236 sepulcrorum
1676 2197 1832 2227 violatorem

1092 2245 1258 2280 convictum,
1275 2245 1428 2284 episcopum
1443 2243 1616 2272 ordinaverit.

1133 2294 1192 2321 110.
1206 2291 1286 2326 Quod
1301 2292 1430 2320 Joannem
1445 2289 1570 2318 comitem
1585 2289 1611 2318 in
1629 2289 1745 2319 militum
1760 2291 1833 2320 sedi-

1092 2339 1163 2368 tione
1182 2337 1339 2378 prodiderit.

1135 2387 1194 2414 190.
1209 2384 1288 2419 Quod
1312 2394 1396 2421 neque
1411 2383 1438 2411 in
1453 2381 1589 2411 ecclesiam
1606 2381 1774 2421 ingrediens,
1790 2393 1834 2412 ne-

1093 2443 1144 2471 que
1159 2431 1265 2466 exiens,
1281 2437 1440 2469 precaretur.

1135 2478 1195 2505 15⁰.
1217 2476 1297 2511 Quod
1319 2476 1374 2504 sine
1390 2474 1467 2503 altari
1487 2474 1661 2503 diaconorum
1677 2481 1702 2502 et
1723 2474 1834 2514 presby-

1094 2531 1212 2559 terorum
1230 2522 1409 2551 ordinationes
1422 2521 1523 2550 fecerit.
1922 2520 1925 2560 J

1134 2570 1193 2597 14⁰.
1207 2568 1289 2604 Quod
1305 2578 1356 2596 una
1371 2566 1536 2597 ordinatione
1550 2572 1664 2604 quatuor
1677 2564 1758 2594 simul
1772 2564 1833 2604 epi-
1922 2562 1925 2589 Ι

1093 2626 1186 2654 scopos
1201 2615 1305 2643 crearit.
1921 2612 1924 2666 l
