1884 2922
208 187 277 228 408

204 260 318 290 dit.VII.
336 265 399 290 345.
415 261 580 291 n.Virt11tcm
596 258 695 289 odiosis
708 264 733 287 et
747 259 887 287 contrariis
901 269 947 287 no-

206 305 324 333 minibus
339 316 444 339 vocare,
463 315 543 343 quam
559 303 678 332 noxium.
696 310 717 333 I.
735 307 799 333 107.
817 313 844 331 e.

245 349 381 377 Virtutem
394 349 461 376 inter
474 355 498 376 et
510 348 606 376 vitium
619 357 746 385 magnum
759 347 942 380 intervallum,

205 392 348 430 ingensque
362 392 517 420 discrimen.
534 396 618 419 Ι.978
640 402 667 420 A,
679 402 702 419 11.
717 391 943 427 Quaenamsitilla

203 435 364 464 differentia.
383 443 441 464 XII.
460 439 524 463 396.
543 446 569 465 c.
587 439 651 463 397.
670 435 766 464 Virtus
785 434 885 469 facilis,
902 434 943 462 vi-

204 479 273 507 tium
289 490 330 508 res
344 479 474 507 difficilis.
492 486 524 507 V.
539 483 586 506 87.
603 489 627 506 n.
646 486 703 507 VII.
720 483 783 507 644.
801 489 828 508 c.
842 485 867 506 et
881 489 943 506 one-

204 533 273 550 rosa.
298 530 353 551 VII.
370 527 431 551 644.
450 533 477 550 c.
493 523 523 551 In
541 523 639 550 virtute
658 529 683 551 et
703 523 728 550 in
750 522 816 550 vitio
838 522 944 550 labora-

204 575 258 596 tur.
277 575 333 596 VII.
361 573 424 597 514.
449 579 474 597 c.
501 573 564 597 515.
587 575 614 596 at
631 569 656 597 in
679 568 777 596 virtute
797 568 874 596 labor
891 569 944 596 mi-

204 622 261 647 nor,
277 622 355 649 quam
372 612 398 640 in
414 612 541 650 nequitia.
566 619 598 640 11.
621 617 684 641 112.
704 613 799 641 Virtus
814 612 892 651 plana
905 620 943 641 est

202 662 228 683 ct
242 655 380 694 expedita,
395 656 552 695 improbitas
566 667 700 695 perversa,
713 656 786 684 varia
803 663 827 684 et
842 657 943 685 exitum

204 710 255 727 non
272 699 381 727 habens.
403 707 434 729 v.
456 704 521 728 421.
546 712 573 728 A.
591 701 695 729 Vitium
715 700 763 728 etsi
783 710 871 728 secum
894 700 944 728 ha-

203 742 263 771 beat
277 743 366 771 orbem
384 743 551 779 universum,
569 744 689 773 omnium
705 750 743 771 est
759 744 875 772 maxime
891 744 945 772 im-

204 786 346 821 becillum3
363 787 448 815 virtus
471 794 577 822 autem⁷
603 787 650 815 etsi
675 787 731 815 sola
754 787 806 821 sit,
822 787 943 815 omnium

205 831 385 868 potentissima
410 838 456 860 est.
484 838 514 859 V.
538 836 584 859 61.
612 842 638 859 E.
662 831 738 859 Nihil
755 838 793 859 est
812 841 887 868 a‘quc
906 831 943 859 li-

203 874 306 909 berum,
319 881 346 902 ut
361 875 464 908 virtus;
487 875 555 903 nihil
569 886 643 913 :eque
657 885 776 909 servum,
789 882 817 903 nt
832 875 939 905 vitium.

206 925 236 946 v.
251 923 313 946 262.
328 929 356 946 n.
374 923 438 947 263.
461 919 556 948 Virtus
579 919 674 955 fortis,
696 919 814 956 nequitia
837 919 942 948 infirma

204 962 293 992 valde.
311 969 356 991 lv.
380 968 443 991 682.
464 974 486 991 Β.
503 970 561 994 VII,
581 968 646 991 870.
660 973 686 991 Β.
704 962 942 998 Quemadmodum

204 1007 290 1034 virtus
311 1007 389 1035 etiam
413 1007 567 1046 impugnata
582 1030 590 1043 ‚
619 1008 695 1036 floret
720 1014 745 1035 et
772 1007 942 1046 splendidius

204 1050 294 1085 lucet,
317 1051 355 1078 sic
380 1051 537 1089 improbitas
563 1059 620 1080 tum
648 1051 727 1080 etiam
750 1062 810 1079 cum
833 1051 940 1088 colitur,

204 1094 413 1122 imbecillitatem
434 1105 509 1122 suam
531 1095 632 1134 prodit,
651 1102 729 1132 atque
750 1095 882 1133 ingentem
905 1096 946 1123 ri-

203 1149 261 1166 sum
284 1145 431 1176 promovet.
459 1146 502 1167 III.
520 1144 582 1167 696.
602 1150 625 1167 1.
648 1150 673 1169 13.
697 1139 793 1168 Virtus
814 1140 943 1178 majorem

203 1182 278 1209 affert
290 1182 464 1220 voluptatem,
481 1193 561 1219 quam
577 1183 689 1211 malitia.
705 1190 738 1211 x.
754 1187 818 1211 231.
835 1193 860 1210 A.
877 1187 941 1211 232.

203 1225 335 1262 Nequitia:
347 1225 470 1263 voluptas
486 1226 575 1254 brevis
586 1249 592 1261 ‚
612 1226 689 1254 dolor
703 1234 865 1265 perpetuus;
889 1227 945 1255 vir-

203 1268 267 1296 tutis
279 1268 426 1296 immortale
434 1269 574 1306 gaudium,
587 1277 771 1308 temporaneus
782 1269 865 1298 labor.
874 1277 943 1298 VIII.

204 1317 266 1341 242.
289 1323 316 1341 1).
340 1313 436 1341 Virtus
457 1313 482 1341 in
505 1314 587 1342 vitam
608 1313 716 1349 desinit,
738 1313 863 1352 voluptas
884 1314 944 1342 vitii

204 1357 231 1384 in
246 1364 369 1385 mortem.
392 1364 437 1387 IX.
459 1362 522 1386 608.
540 1368 567 1386 1).
589 1358 684 1386 Omnis
699 1359 784 1386 virtus
803 1357 905 1396 puritas
919 1365 944 1386 et

204 1400 360 1433 mundities,
376 1407 513 1439 peccatum
527 1412 605 1430 omne
619 1401 800 1430 immunditia.
816 1409 862 1430 XI.
879 1406 943 1429 528.

204 1443 300 1472 Virtus
314 1450 338 1472 et
353 1444 450 1472 vitium
476 1454 528 1472 non
551 1455 585 1472 ex
610 1451 719 1479 natura,
740 1444 787 1473 sed
806 1455 839 1473 ex
861 1445 945 1473 libero

204 1487 316 1516 arbitrio
332 1494 356 1516 et
370 1488 452 1516 animi
468 1488 616 1527 proposito.
634 1495 678 1516 IV.
697 1493 761 1517 805.
779 1498 805 1518 E.
822 1493 886 1516 806.
900 1496 943 1518 VI.

206 1536 270 1560 144.
291 1542 316 1559 c.
341 1532 438 1560 Virtus
457 1538 495 1560 est
516 1532 663 1560 secundum
691 1539 828 1569 naturam,
846 1532 944 1561 vitium

204 1581 295 1602 contra
310 1581 441 1602 naturam.
461 1581 506 1603 XI.
527 1579 570 1605 16,
589 1585 616 1603 Ε.
629 1574 726 1604 Virtus
741 1582 778 1603 est
794 1575 943 1611 inserenda,

205 1617 269 1646 vitia
294 1617 440 1647 avellenda.
456 1625 501 1647 XI.
515 1622 578 1648 135.
596 1629 621 1647 c.
641 1629 670 1649 o.
687 1619 727 1647 De
740 1619 851 1649 Virtute
861 1626 886 1647 et
900 1619 944 1647 vi-

205 1663 241 1692 tio
255 1664 366 1701 Ecloga.
384 1671 443 1693 XII.
461 1668 524 1692 823.
543 1675 607 1702 sqq.

246 1709 345 1736 Virtus
366 1714 408 1736 est
430 1709 496 1735 ‘viro
515 1708 643 1746 perfecto
666 1717 873 1738 ornamentum.
898 1717 942 1739 VI.

204 1756 269 1781 479.
287 1762 313 1780 D.
326 1762 354 1779 A.
367 1752 464 1780 Radix·
474 1754 565 1780 omnis
576 1754 706 1789 virtutis,
720 1755 896 1782 innocentia.
909 1761 942 1782 V.

203 1800 268 1824 785.
283 1807 307 1824 13.
327 1797 453 1824 Ῑῖνιιιῑες
468 1797 583 1824 arbitrii
594 1803 673 1832 sunt,
687 1807 741 1825 non
755 1799 943 1826 necessitatis.

206 1847 262 1868 Vll.
280 1844 345 1869 651.
364 1851 392 1867 D.

244 1885 403 1912 Visrnrmi
418 1884 560 1912 caelestium
581 1883 678 1912 officia.
703 1890 734 1912 VI
767 1889 813 1912 77.
837 1894 860 1913 13.
884 1885 941 1914 Su-

203 1938 291 1967 pcrnae
308 1927 430 1957 Virtutes
452 1938 512 1956 cum
534 1934 633 1966 quanto
648 1934 760 1956 tremore
779 1928 813 1956 de
828 1929 884 1956 Deo
903 1929 943 1957 lo—

203 1979 329 2010 quantur.
348 1979 380 2000 II.
401 1976 464 2002 106.
482 1973 589 2001 Patrem
604 1971 696 2000 videre
712 1982 764 2000 non
781 1979 901 2011 possunt.
921 1979 941 2001 1.

204 2021 268 2045 589.
286 2028 310 2045 B.
331 2017 396 2044 Itd.
421 2019 545 2044 Ano-am.

245 2061 363 2088 V1scnnA
376 2060 510 2098 quomodo
526 2059 636 2088 laudent
648 2060 745 2088 Deum.
766 2067 794 2088 v.
811 2065 876 2088 636.

245 2105 327 2132 V1s10
347 2114 396 2143 pro
419 2105 568 2142 cognitione
585 2104 611 2131 in
629 2104 778 2143 Scripturis
798 2105 940 2144 accipitur.

207 2154 226 2175 I.
245 2152 308 2176 582.
325 2153 388 2176 589.
409 2159 433 2178 B.
449 2155 520 2177 VIII.
537 2153 603 2177 495.
618 2148 760 2177 visionum
782 2155 806 2176 ct
825 2148 944 2176 somnio-

206 2202 265 2219 rum
279 2192 425 2221 distinctio.
442 2199 487 2221 IX.
509 2197 574 2220 293.
599 2202 622 2220 c.
644 2192 702 2220 Non
723 2202 790 2230 opus
811 2192 888 2221 nobis
907 2199 946 2221 est

205 2236 323 2264 sensibili
338 2236 451 2273 visione,
465 2246 526 2264 cum
539 2235 604 2263 fides
616 2235 674 2263 vice
685 2236 805 2264 omnium
821 2236 855 2264 sit
868 2236 942 2265 satis.

207 2286 264 2307 VII.
288 2284 349 2308 188.
374 2290 402 2310 n.
427 2279 602 2308 Morientium
620 2278 746 2307 visiones
763 2285 820 2307 VII.
836 2283 901 2307 613.
916 2290 942 2307 Β.

204 2334 230 2351 C.
251 2323 328 2352 Visio
349 2323 398 2352 Dei
420 2323 446 2351 in
469 2323 543 2357 caelo,
563 2333 611 2361 pro
631 2329 784 2350 sanctorum
808 2330 898 2362 captu.
921 2330 944 2352 Ι.

204 2371 270 2397 605.
304 2377 332 2395 n.
355 2378 383 2397 E.
408 2367 533 2397 Visiones
552 2366 709 2405 angelorum
731 2366 895 2395 adstantium
918 2367 945 2395 in

207 2410 347 2439 sacrificio.
365 2418 384 2439 I.
402 2415 466 2439 519.
481 2421 507 2439 c.
521 2421 550 2438 D.

250 2456 333 2482 vim
352 2454 473 2492 praesenti
490 2464 541 2482 non
558 2452 762 2489 adhaerendum,
779 2454 947 2482 considerata

210 2498 267 2535 ejus
285 2498 424 2526 brevitate.
444 2502 564 2527 1v.24·2.
578 2497 641 2526 Vita
658 2507 772 2535 praesens
786 2509 867 2536 quam
888 2498 948 2526 bre-

212 2541 263 2568 vis.
283 2548 325 2569 Iv.
345 2546 409 2569 350.
427 2552 454 2569 D.
474 2541 532 2569 Diei
546 2540 651 2569 nomine
663 2547 716 2568 tota
729 2541 901 2580 exprimitur.
912 2549 945 2570 V.

216 2589 279 2614 182.
295 2596 317 2612 B.
329 2585 403 2613 Nihil
415 2584 489 2613 aliud
502 2591 539 2613 est
549 2595 628 2623 quam
642 2584 788 2614 hebdomas
804 2596 866 2619 una,
882 2592 950 2614 octa-

850 197 953 220 INDEX
982 196 1109 219 RERUM.

1003 267 1035 286 va
1058 266 1121 285 vero
1141 262 1179 285 est
1199 265 1293 294 magna
1307 254 1364 284 dies
1385 255 1502 284 Domini.
1517 263 1538 284 1.
1553 261 1617 285 178.
1632 267 1659 286 n.
1674 257 1734 286 Bre-

999 301 1041 330 vis
1065 311 1179 340 praesens
1194 300 1264 333 vita,
1280 299 1302 328 si
1325 310 1385 328 cum
1403 300 1492 328 futuro
1506 300 1602 329 sacculo
1627 311 1737 340 compa-

998 352 1080 373 retur.
1099 352 1117 373 1.
1133 349 1196 373 974.
1219 354 1243 371 ε.
1259 344 1333 378 Quid
1346 350 1385 372 est
1405 343 1439 372 ad
1459 344 1562 372 infinita
1580 345 1699 373 saecula?
1716 352 1736 373 I.

1000 394 1074 417 16.n.
1085 388 1115 417 Id
1122 388 1193 426 quod
1203 395 1240 416 est
1250 388 1352 416 veritati
1365 388 1508 416 somnium.
1519 395 1538 416 I.
1549 392 1628 416 15.1›.
1637 399 1662 417 ε.
1672 394 1737 417 390.

997 443 1050 461 aa.
1067 438 1130 461 886.
1148 437 1287 461 n.971.1³.
1301 443 1326 460 c.
1339 431 1365 460 id
1375 432 1446 470 quod
1458 438 1497 460 est
1507 432 1605 469 exigua
1618 439 1694 471 gutta
1706 432 1739 461 ad

998 478 1107 515 pelagus
1134 477 1306 505 immensum.
1334 483 1354 504 I.
1386 482 1450 505 886.
1477 487 1503 504 11.
1541 476 1605 505 Vita
1625 486 1740 515 praesens

996 520 1080 548 fallax
1093 543 1100 555 ‚
1119 520 1213 548 umbra
1228 527 1253 548 et
1264 520 1408 548 somnium.
1426 528 1471 549 IV.
1490 524 1554 549 417.
1570 530 1596 548 e.
1613 530 1665 548 non
1678 531 1739 549 vera

997 564 1064 593 vita.
1088 571 1108 594 Ι.
1133 569 1167 592 49
1204 575 1221 592 n
1246 565 1363 593 Somnus
1389 571 1498 593 est.1x.
1516 568 1581 592 764.
1608 575 1634 592 A.
1659 564 1740 593 flores

995 609 1082 643 verni,
1095 608 1196 636 umbrae
1210 608 1366 645 imbecilles,
1377 608 1542 637 somniorum
1556 608 1671 636 fallacia.
1688 616 1736 638 III.

995 657 1061 681 793.
1083 663 1111 681 n.
1133 663 1226 681 aranea
1242 659 1267 681 et
1282 653 1388 681 umbra.
1407 659 1464 681 VII.
1482 657 1547 681 411.
1573 663 1598 680 A.
1621 652 1737 687 umbra,

996 698 1050 726 imo
1085 697 1179 725 umbra
1208 697 1321 725 inanior.
1343 704 1362 725 I.
1394 702 1439 726 50.
1465 707 1492 726 c.
1523 706 1599 724 scena
1623 697 1663 724 vel
1691 706 1737 724 5ο-

997 740 1110 769 11111111111.
1128 748 1172 769 XI.
1196 745 1259 769 686,
1284 751 1308 767 Β.
1329 740 1397 768 1111111
1411 750 1425 768 a
1438 750 1514 768 scena
1531 740 1631 768 dissert.
1652 747 1673 768 1.
1691 744 1737 768 46.

997 799 1027 815 A.
1047 787 1113 815 nihil
1133 787 1222 815 dissert
1246 786 1280 814 ab
1295 786 1414 814 amnium
1434 786 1550 814 fluentis.
1566 793 1611 816 tv,
1630 790 1693 814 241.
1709 797 1736 816 ε.

996 831 1060 860 Vita
1090 841 1204 869 praesens
1231 830 1306 867 quasi
1336 830 1416 858 nidus
1451 830 1652 868 conglutinatus
1686 840 1739 868 pa-

996 875 1044 903 leis
1062 882 1086 903 et
1101 874 1170 907 luto;
1190 883 1251 902 cum
1264 874 1348 902 hiems
1361 873 1517 909 advenerit,
1538 873 1627 902 omnia
1643 881 1738 913 sponte

995 918 1098 947 cadent.
1116 926 1160 947 XI.
1179 923 1242 947 389.
1256 929 1283 946 D.
1295 919 1366 947 Vitat
1379 918 1517 957 praesentis
1529 918 1640 957 euripus
1650 925 1737 946 trans-

995 964 1108 992 eundus.
1126 970 1158 992 v.
1181 968 1244 992 399.
1260 974 1284 990 Β.
1304 968 1366 992 505.
1383 964 1447 993 Vita
1461 973 1576 1002 praesens
1598 963 1677 1001 longa
1691 963 1738 991 vi-

996 1007 1074 1036 detur
1098 1007 1194 1041 bonis,
1222 1007 1300 1035 malis
1326 1014 1413 1035 autem
1438 1007 1538 1036 brevis.
1568 1014 1601 1036 V.
1624 1012 1686 1035 399.
1710 1019 1735 1035 Λ.

998 1052 1140 1080 Brevitatis
1154 1051 1215 1079 vitae
1238 1050 1413 1080 consideratio
1434 1062 1485 1080 non
1510 1051 1599 1080 turbat
1622 1051 1739 1090 pbiloso-

999 1095 1099 1133 phum,
1124 1104 1202 1131 quem
1226 1094 1302 1122 docet
1323 1094 1454 1123 aestimare
1476 1105 1517 1123 res
1539 1101 1621 1134 prout
1643 1105 1691 1133 per
1712 1105 1739 1122 sc

998 1145 1069 1166 sunt.
1090 1145 1123 1167 Χ.
1141 1142 1206 1167 420.
1223 1148 1249 1167 e.
1266 1148 1294 1166 D.
1312 1138 1382 1166 Vitae
1404 1138 1485 1177 hujus
1505 1138 1622 1167 brevitas
1641 1149 1675 1166 ex
1688 1138 1738 1166 Dei

999 1181 1149 1217 clementia,
1167 1191 1199 1209 ne
1213 1181 1316 1209 diutius
1327 1181 1487 1211 laboremus.
1505 1188 1525 1210 I.
1543 1187 1588 1210 17.
1603 1186 1648 1212 18.
1666 1181 1738 1211 Vita*

999 1224 1138 1263 longitudo
1161 1235 1212 1253 non
1231 1226 1409 1264 exspectanda
1435 1236 1482 1254 nec
1503 1224 1690 1254 desideranda.
1715 1232 1736 1253 I.

999 1274 1062 1298 426.
1079 1270 1155 1307 Saepe
1175 1269 1259 1296 tutius
1279 1279 1310 1297 ac
1333 1269 1428 1297 melius
1444 1275 1481 1297 est
1499 1275 1528 1297 ut
1540 1274 1740 1298 consummetur

999 1314 1025 1341 111
1047 1313 1131 1341 brevi.
1154 1314 1198 1340 Ib.
1224 1313 1291 1341 Vita
1307 1323 1422 1352 praesens
1437 1323 1489 1340 non
1514 1314 1603 1351 magni
1619 1311 1738 1340 facienda

998 1364 1053 1392 est,
1065 1357 1110 1385 sed
1125 1356 1294 1395 despicienda
1305 1357 1443 1396 praesentia
1454 1378 1461 1390 ‚
1477 1364 1505 1385 ut
1519 1357 1739 1396 concupiscamus

998 1407 1105 1429 aeterna.
1125 1407 1168 1429 III.
1186 1405 1230 1429 37.
1245 1413 1270 1428 A.
1286 1401 1357 1430 Vitae
1371 1401 1494 1440 praesenti
1514 1411 1566 1429 non
1582 1411 1637 1429 esse
1655 1400 1735 1428 addi-

999 1451 1071 1473 ctum
1082 1451 1120 1473 est
1128 1445 1245 1473 maxima
1253 1455 1314 1484 pars
1327 1445 1568 1484 pliilosophiae.1x.
1578 1449 1643 1473 359.
1655 1444 1739 1473 ...Vi-

999 1496 1031 1517 tae
1040 1489 1128 1517 mollis
1138 1499 1212 1517 amor
1226 1489 1319 1517 mortis
1333 1489 1455 1517 timorem
1468 1489 1547 1527 parit,
1563 1488 1628 1516 dum
1639 1488 1738 1527 asperi-

998 1540 1038 1561 tas
1053 1533 1213 1561 Christianis
1227 1542 1343 1570 congrua
1359 1533 1420 1561 facit
1435 1533 1519 1561 vitam
1535 1533 1653 1561 suturam
1672 1542 1738 1560 con-

998 1577 1144 1615 cupiscere.
1160 1581 1305 1606 11.90.B.c.
1314 1577 1378 1605 Vita
1387 1587 1501 1616 praesens
1516 1577 1542 1605 in
1553 1584 1656 1605 tantum
1668 1576 1736 1604 bona

998 1627 1048 1657 est,
1058 1620 1083 1649 in
1096 1627 1225 1658 quantum
1236 1621 1333 1649 futurae
1347 1622 1457 1649 materia
1470 1620 1547 1649 nobis
1561 1621 1686 1649 efficitur.
1705 1627 1736 1650 II.

1000 1669 1044 1692 91.
1061 1676 1087 1693 Β.

1038 1709 1103 1737 Vita
1127 1719 1243 1747 praesens
1267 1708 1437 1748 despicienda
1463 1715 1571 1748 propter
1593 1708 1737 1737 vanitatem

998 1752 1110 1781 nimiam
1125 1759 1151 1780 et
1166 1753 1378 1781 instabilitatem.
1396 1760 1441 1782 Iv.
1466 1758 1530 1782 416.
1549 1763 1575 1780 ε.
1592 1757 1658 1781 417.
1672 1763 1694 1781 Β.
1709 1763 1735 1784 c.

999 1797 1062 1825 Vita
1078 1806 1192 1835 praesens
1215 1796 1314 1825 incerta
1329 1803 1367 1825 est
1378 1807 1386 1833 3
1404 1796 1492 1824 futura
1515 1796 1670 1824 certissima.
1689 1803 1734 1825 IV.

999 1845 1062 1869 803.
1078 1841 1130 1869 Res
1153 1840 1233 1879 hujus
1249 1841 1311 1869 vitae
1331 1850 1413 1878 quam
1428 1839 1544 1868 incertae.
1562 1847 1606 1869 IV.
1623 1844 1686 1869 803.
1707 1850 1733 1869 e.

996 1885 1072 1913 Rotae
1087 1892 1285 1922 comparantur.
1300 1886 1345 1912 ΙΙ).
1364 1894 1444 1922 quam
1456 1883 1545 1912 ssuxae.
1561 1891 1608 1912 111.
1622 1888 1686 1912 454.
1705 1895 1733 1915 A,

998 1939 1021 1956 11.
1039 1927 1150 1957 5011111115
1165 1928 1276 1959 similes.
1293 1935 1353 1956 XII.
1371 1932 1434 1956 143.
1452 1939 1478 1957 A.
1498 1932 1560 1956 144.
1573 1927 1674 1956 umbrae
1686 1938 1733 1956 na-

995 1979 1083 2001 turam
1107 1972 1255 2000 imitantur.
1279 1979 1325 2000 111.
1342 1976 1408 2000 783.
1431 1982 1457 2000 Ε.
1482 1971 1558 2009 quasi
1577 1971 1734 2000 intransitu

996 2017 1107 2045 viatoris
1129 2017 1305 2056 aspiciuntur.
1328 2023 1374 2045 III.
1395 2020 1460 2044 784.
1480 2015 1640 2054 Priusquam
1666 2023 1736 2045 recte

997 2067 1156 2100 appareant,
1173 2060 1292 2089 avolant.
1317 2066 1363 2090 IV.
1383 2064 1445 2087 803.
1467 2070 1495 2088 1).
1513 2059 1581 2087 mira
1603 2060 1736 2088 celeritate

998 2103 1134 2132 recedunt.
1151 2104 1194 2132 ΙΙ).
1218 2103 1329 2132 Umbris
1354 2103 1565 2139 imbecilliores,
1589 2103 1669 2131 simul
1682 2113 1735 2142 ap-

998 2154 1125 2187 parentet
1138 2148 1255 2176 avolant.
1272 2154 1305 2176 V.
1320 2152 1365 2176 24.
1385 2158 1410 2174 E.
1424 2147 1495 2175 Vitae
1507 2147 1657 2186 voluptates
1669 2147 1737 2176 nihil

999 2191 1033 2219 ab
1054 2191 1156 2219 umbris
1178 2197 1203 2219 ct
1223 2190 1333 2219 somniis
1346 2189 1482 2219 differunt.
1500 2197 1520 2218 I.
1538 2195 1584 2218 47.
1609 2200 1636 2218 A.
1653 2200 1738 2229 neque

999 2235 1118 2268 divitiae,
1143 2245 1229 2272 neque
1250 2234 1349 2272 gloria,
1371 2244 1418 2262 nec
1436 2233 1487 2261 alia
1510 2244 1621 2272 quaeque
1639 2234 1665 2262 in
1687 2235 1738 2263 hac

1001 2278 1056 2307 vita
1077 2278 1162 2316 magis
1182 2278 1300 2307 stabilia.
1322 2279 1367 2306 ΙΙ).
1387 2288 1412 2305 13.
1432 2284 1463 2305 V.
1480 2282 1524 2306 34.
1542 2289 1569 2308 A.
1583 2278 1646 2307 Vita
1666 2289 1738 2318 prae-

1000 2332 1058 2350 sens
1079 2322 1152 2351 {luxa
1175 2328 1200 2350 et
1215 2321 1307 2350 fallax.
1325 2328 1357 2350 V.
1373 2326 1435 2350 618.
1462 2332 1488 2349 A.
1514 2321 1588 2350 fluxa
1606 2328 1635 2350 ut
1648 2332 1737 2353 arena,

1002 2373 1048 2396 XI.
1064 2370 1127 2394 668.
1139 2377 1164 2394 A.
1183 2366 1250 2405 Ejus
1264 2366 1327 2394 finis
1342 2372 1462 2404 respectu
1481 2365 1649 2404 singulorum
1664 2376 1740 2394 eam·

1000 2409 1061 2438 dem
1074 2410 1128 2438 vim
1144 2409 1223 2437 habet
1237 2420 1267 2437 ac
1279 2410 1470 2438 consummatio
1483 2409 1583 2437 saeculi.
1601 2416 1659 2438 VII.
1674 2414 1737 2438 169.

1002 2465 1027 2484 13.
1046 2454 1119 2482 Finis
1134 2453 1179 2482 ille
1192 2464 1273 2491 quam
1289 2454 1416 2482 incertus.
1432 2460 1465 2482 Χ.
1483 2458 1547 2482 701.
1562 2464 1588 2483 c.
1605 2458 1668 2482 702.
1685 2454 1740 2482 Cur

1002 2497 1125 2526 Christus
1135 2498 1196 2526 vitae
1211 2498 1339 2536 cujusque
1351 2498 1431 2526 finem
1444 2498 1573 2525 incertum
1588 2497 1736 2535 reliquerit.

1004 2548 1060 2569 VII.
1078 2546 1143 2570 839.
1161 2552 1186 2569 13.
1203 2546 1266 2571 840.
1284 2542 1425 2579 Ignoratur
1437 2540 1471 2569 ad
1493 2540 1632 2569 utilitatem
1650 2541 1742 2569 viven-

1003 2585 1082 2614 tium.
1098 2592 1143 2614 xl.
1159 2589 1223 2616 564,
1243 2595 1307 2615 ,1,11.
1326 2596 1353 2613 e..
1369 2585 1420 2614 Res
1435 2591 1530 2614 nostrze
1546 2594 1597 2613 non
1612 2591 1673 2614 sunt
1687 2584 1740 2613 hu-
