1884 2922
224 190 291 231 242

228 268 259 290 ιι.
280 266 345 290 768.
363 273 387 289 Α.
410 266 475 290 774.
499 272 523 290 ιι.
544 261 656 290 Illarum
678 268 828 300 martyrum
844 264 966 292 tumulus

226 306 326 335 Clu-isti
341 306 454 344 gratiam
471 306 608 345 praedicat.
627 313 661 334 ιι.
679 311 745 336 774.
766 317 794 335 o.

264 354 384 379 Donnes
397 352 536 390 episcopus
546 351 732 390 presbyterum
743 353 823 381 mittit
835 353 869 381 ad
879 353 966 393 Chry-

224 404 381 426 sostomum.
399 405 444 425 ιιι.
463 403 528 425 733.
544 408 567 425 ιι.
586 400 691 426 Domno
704 399 890 438 Clu-ysostomi
906 402 963 440 cpi-

225 443 303 471 stola.
319 445 364 470 lh.

263 492 363 516 Domus
379 488 498 516 divitum
514 489 593 517 nimis
614 489 756 528 splendide
771 500 882 519 ornata).
905 499 962 521 vu.

222 539 284 561 898.
300 545 325 561 A.
342 534 435 572 Turpe
447 541 485 561 cst
496 534 608 572 parietes
621 536 801 565 marmoribus
816 543 963 574 contegere,

221 586 245 608 et
263 590 393 619 pauperes
409 580 494 608 nudos
511 580 653 619 negligere.
675 589 707 610 11.
727 587 771 610 33.
795 593 823 612 Ε.
844 583 962 621 Compa-

223 632 299 654 ratur
321 625 416 653 domus
439 626 527 654 luctus
545 636 606 654 cum
627 627 709 656 domo
729 628 894 667 nuptiarum.
914 636 960 657 ιΧ.

221 676 285 699 359.
305 682 330 700 c.
346 676 409 699 360.
425 672 513 709 Magis
528 671 644 704 ornanda
664 674 752 702 anima
765 685 844 712 quam
856 673 961 702 domus.

219 725 251 747 ιι.
269 722 314 745 33.
336 718 392 746 Nou
410 724 495 756 potest
513 717 609 747 domus
628 719 655 747 in
677 720 844 759 eleemosyna
860 720 962 749 radica-

221 771 246 792 ta
268 774 350 802 grave
362 765 509 802 quidquam
534 766 645 804 perpeti.
665 773 710 795 Χι.
733 772 798 797 762.
814 778 841 797 e.
859 770 962 796 Domus

219 809 364 838 Christiani
392 820 439 838 ceu
466 810 574 839 ecclesia
601 811 679 840 debet
702 823 768 841 esse.
788 820 835 843 lv.
853 818 918 841 780.
937 823 961 842 e.

214 860 279 884 781.
301 866 324 882 c.
346 858 449 884 Domus
477 856 503 884 in
526 867 577 894 qua
598 864 636 886 est
658 858 787 896 psalmus,
810 865 836 887 et
858 858 956 896 oratio,

216 907 241 928 et
261 901 322 939 pius
346 901 497 929 canentium
514 902 635 939 animus,
651 905 760 933 eeclesia
780 903 834 933 dici
861 912 957 942 potest.

218 952 250 975 Υ.
268 950 329 974 158.
345 957 370 974 Β.
388 949 492 975 Domus
512 947 578 976 olim
597 949 714 978 ecclesiae
729 957 818 986 erant,
834 961 904 979 nune
918 961 961 979 ec-

215 991 296 1020 elesia
311 992 407 1021 domus
425 993 493 1022 sucta
510 1001 557 1022 est.
573 1002 630 1024 vn.
650 1001 714 1025 423.
731 1008 760 1025 n.

261 1040 375 1069 Donum
392 1051 443 1069 non
460 1048 499 1070 est
514 1043 667 1081 accipientis
688 1044 827 1081 meritum,
842 1045 888 1073 sed
903 1045 958 1073 lar-

214 1085 309 1123 gitoris
323 1085 491 1115 liberalitatis
511 1087 681 1125 gratificatio.
700 1096 748 1118 111.
769 1095 834 1118 315.
850 1101 878 1119 A.
897 1091 956 1119 Non

213 1131 278 1160 doni
291 1132 456 1170 magnitudo,
469 1132 515 1161 sed
531 1133 620 1162 dantis
635 1134 740 1163 animus
753 1142 896 1174 spectatur.
910 1143 956 1166 tv.

217 1181 282 1206 395.
300 1189 326 1204 13.
347 1182 412 1208 396.
429 1178 508 1206 etiam
530 1179 601 1217 apud
616 1182 713 1209 Deum.
730 1187 776 1209 ιΧ.
795 1186 859 1211 521.
877 1192 906 1211 n.
929 1193 956 1209 E.

214 1225 290 1253 Dona
311 1225 462 1263 spiritualia
483 1225 626 1263 largitione
648 1234 779 1255 crescunt.
797 1235 842 1256 ιιι.
857 1233 920 1256 312.
933 1240 957 1257 A.

210 1273 286 1299 Dona
302 1271 352 1298 Dei
367 1281 436 1309 quae.
453 1279 473 1301 1.
492 1277 554 1300 361.
571 1275 708 1302 Donorum
721 1274 771 1302 Dei
782 1274 949 1304 differentiae.

213 1322 246 1344 x.
263 1320 324 1344 306.
341 1317 492 1354 Numquam
512 1318 671 1357 negligenda
686 1327 757 1350 sunt.
775 1327 820 1350 lv.
840 1325 905 1350 57⁵..
921 1332 948 1350 D.

250 1522 446 1550 EBRIETATEM
481 1523 626 1553 insectatur
657 1525 875 1565 Chrysostomus.
919 1535 951 1556 X.

208 1569 272 1593 685.
290 1575 304 1592 13
333 1565 456 1594 Ebrietas
479 1566 675 1606 vituperanda,
698 1577 726 1598 ut
750 1570 784 1598 ab
808 1571 952 1609 ignominia

209 1618 256 1636 sua
272 1607 418 1636 liberentur
434 1609 541 1639 ebriosi.
562 1619 582 1639 ι.
600 1617 663 1640 867.
686 1624 709 1641 13.
726 1613 849 1642 Ebrietas
864 1615 950 1649 mala,

209 1661 261 1678 non
288 1651 390 1679 vinum.
413 1659 445 1682 11.
469 1658 495 1681 7.
516 1664 541 1682 E.
562 1659 608 1684 31.
627 1666 652 1684 Ε.
677 1657 806 1686 Ebrietati
831 1669 858 1686 se
873 1658 953 1687 dede-

210 1705 238 1722 re
251 1717 258 1730 ‚
270 1694 296 1722 in
317 1695 368 1723 hoc
387 1702 425 1723 est
443 1696 556 1726 malum.
571 1705 615 1726 lv.
631 1703 677 1728 87.
693 1711 719 1728 c.
738 1700 861 1729 Ebrietas
875 1713 952 1741 spon-

210 1745 301 1766 tancus
319 1739 403 1768 furor.
420 1746 452 1767 ιι.
471 1745 535 1769 519.
554 1753 579 1771 Β.
599 1743 666 1781 Ejus
677 1743 772 1783 imago.
791 1747 834 1775 Π).
853 1746 952 1775 Ebrie-

209 1787 249 1808 tas
261 1781 361 1809 malum
375 1782 575 1820 gravissimum.
590 1791 711 1816 1v.331.
727 1795 823 1818 B.V11.
843 1794 905 1819 563.
921 1801 949 1818 E.

207 1824 353 1853 Ebrietatis
368 1836 471 1855 summa
487 1827 603 1856 miseria.
618 1837 649 1858 ιι.
665 1836 691 1859 8.
705 1842 730 1860 c.
749 1832 871 1861 Ebrietas
886 1844 951 1872 gru-

207 1878 239 1896 ve
262 1868 339 1896 ulcus
352 1891 359 1903 ,
372 1875 397 1897 et
412 1878 506 1899 curatu
521 1871 642 1902 difficile.
660 1881 703 1903 Vl.
722 1880 767 1904 71.
786 1887 812 1905 C.
830 1877 951 1905 Ebrietas

207 1919 371 1947 monstrum,
395 1913 488 1952 Scylla
515 1922 540 1943 ct
564 1916 649 1955 hydra
665 1941 671 1951 ,
694 1919 757 1947 vitia
785 1921 872 1959 turpia
903 1932 951 1959 pro

208 1956 352 1995 multiplici
377 1957 462 1996 capite
485 1958 594 1988 liabens.
615 1969 672 1990 Vll.
698 1968 761 1992 779.
786 1975 811 1992 c.
844 1964 949 2003 Exigua

204 1999 341 2028 ebrietatis
363 2001 489 2040 voluptas
511 2010 565 2039 est,
588 2005 642 2034 imo
670 2007 754 2035 nulla.
780 2015 811 2036 ιι.
838 2013 903 2038 798.
921 2020 947 2038 C.

205 2043 328 2072 Ebrietas
355 2044 469 2082 lugenda
491 2047 570 2075 etiam
589 2048 615 2077 in
640 2049 696 2088 ipso
711 2051 784 2086 Noe,
797 2052 823 2079 in
842 2063 893 2090 quo
909 2059 951 2080 ta-

207 2097 266 2114 men
280 2097 330 2115 non
347 2087 397 2116 suit
409 2089 566 2128 culpabilis.
585 2099 631 2122 lv.
647 2097 712 2121 331.
728 2104 754 2123 E.
775 2096 863 2124 Potuit
879 2096 905 2124 in
917 2107 949 2125 eo

205 2130 326 2158 excusari
349 2138 457 2170 propter
480 2134 668 2172 ignorantiam.
699 2144 744 2165 lv.
769 2143 832 2167 330.
858 2150 883 2169 e.
903 2147 949 2168 aut

207 2175 268 2212 quia
284 2176 309 2203 in
322 2187 395 2205 sacra
413 2178 554 2217 Scriptum
571 2191 622 2209 non
640 2192 744 2221 semper
758 2185 948 2222 temulentiam,

205 2218 251 2246 sed
273 2219 418 2257 aliquando
434 2223 579 2252 satietatem
602 2225 744 2264 siguificat.
764 2235 810 2257 lv.
835 2233 898 2258 332.
918 2241 945 2259 E.

204 2261 258 2289 imo
274 2269 298 2290 et
313 2273 389 2291 seusu
406 2266 519 2303 mystico
533 2274 558 2295 et
577 2276 667 2298 sancto
683 2281 884 2311 nonnumquam
899 2285 947 2302 ac·

207 2305 319 2343 cipitur.
338 2308 382 2336 lb.
395 2319 419 2336 A.

246 2348 389 2378 Ebrietatis
411 2350 535 2381 diabolus
556 2362 656 2384 auctor.
680 2364 713 2386 ιι.
731 2363 758 2386 8.
777 2370 803 2387 c.
822 2359 946 2389 Ebrieta-

205 2397 257 2418 tem
285 2403 336 2420 non
366 2394 482 2432 vinnm,
509 2397 555 2425 sed
583 2398 783 2438 intemperantia
804 2403 876 2432 facit.
897 2406 942 2433 lb.

205 2433 326 2463 Ebrietas
353 2446 402 2464 non
431 2448 464 2467 ex
487 2440 551 2468 vino
576 2448 689 2479 tantum,
704 2444 749 2472 scd
764 2456 798 2474 ex
812 2447 850 2474 im
864 2454 888 2475 et
901 2458 945 2476 cu-

206 2477 326 2514 piditate.
344 2487 363 2508 ι.
379 2485 440 2509 824.
458 2493 485 2510 n.
508 2490 538 2511 ιι.
559 2489 622 2515 518.
641 2497 668 2516 D.

243 2521 387 2551 Ebrietatis
398 2525 516 2555 effectus.
531 2527 654 2558 Ebrietas
664 2540 849 2563 sexcentorum
863 2546 942 2565 causa

204 2563 333 2593 malorum
355 2574 403 2595 est.
425 2575 469 2598 Vt.
493 2575 537 2598 66.
563 2584 587 2601 Λ,
604 2583 668 2612 sqq.
688 2577 761 2605 Nihil
789 2578 870 2615 lucri⁷
897 2566 941 2609 secl

857 202 960 224 INDEX
988 204 1114 226 RERUM.

1016 266 1124 301 Quanto
1147 265 1232 303 magis
1249 265 1448 294 retributionem
1463 267 1553 296 dissert
1568 271 1640 297 Deus
1651 291 1660 306 ,
1682 276 1755 298 tanto

1015 311 1100 349 magis
1125 318 1257 350 augentur
1269 311 1380 340 foenora.
1397 319 1441 340 lx.
1457 317 1522 342 367.
1540 316 1615 343 Dona
1635 315 1754 354 Spiritus

1015 357 1097 385 sancti
1118 358 1230 396 aequalia
1255 364 1326 386 sunt.
1345 365 1377 386 x.
1404 363 1468 386 308.
1493 359 1605 388 Illorum
1619 362 1753 400 multipli—

1015 402 1089 431 citas.
1110 410 1139 430 v.
1163 407 1223 432 1935.
1237 415 1261 430 Α.
1275 405 1382 431 Donum
1398 403 1515 442 Spiritus
1539 405 1622 433 sancti
1636 407 1755 435 omnium

1016 449 1174 477 maximum.
1198 456 1245 477 lx.
1271 453 1334 477 565.
1370 460 1399 478 n.
1431 451 1520 478 Dona
1544 453 1634 479 ‘varia
1658 455 1754 481 sancti

1014 495 1146 533 Spiritus.
1173 500 1287 525 ιιι.969.
1306 506 1329 522 Ε.
1346 507 1371 525 Α,

1056 544 1211 569 Ποιηιιιτιο
1225 541 1251 568 in
1266 541 1383 575 Clu-isto,
1398 541 1462 579 quid
1474 542 1518 570 sit.
1536 550 1583 572 Xt.
1603 548 1666 572 548.
1679 547 1755 573 Dor-

1015 587 1090 616 mitio
1102 594 1212 616 vocatur
1220 597 1292 614 mors
1304 594 1363 626 post
1375 588 1475 615 Christi
1488 597 1609 618 mortem.
1621 597 1651 618 ιι.
1664 595 1753 619 mon.

1014 645 1040 663 c.
1064 641 1109 662 111.
1138 638 1202 661 905.
1219 645 1245 662 A.
1263 634 1354 668 Quare
1374 634 1474 662 Christi
1499 643 1610 664 mortem
1641 636 1754 666 aliorum

1013 679 1201 708 dormitionem
1216 686 1289 707 vocet
1307 679 1417 707 Paulus.
1434 687 1452 708 1.
1470 685 1535 709 935.
1549 692 1575 709 c.
1589 692 1616 710 n.

1052 729 1152 754 Duaco
1168 725 1194 753 in
1220 725 1360 764 Babylone
1375 726 1519 755 colebatur.
1540 734 1585 757 Υι.
1604 733 1667 757 294.
1685 731 1755 757 Dra-

1013 783 1089 801 cones
1105 772 1132 799 in
1145 770 1309 800 vestimentis
1327 772 1419 800 sericis
1434 772 1629 811 Imperatorum
1643 774 1753 814 depicti.

1014 826 1059 847 Vt.
1074 823 1136 846 349.
1153 828 1179 846 Ε.

1052 867 1165 900 Dnosis,
1177 872 1273 901 magna
1288 869 1313 891 et
1327 870 1416 891 sancta
1431 870 1547 903 martyr.
1562 872 1592 893 ιι.
1609 869 1673 894 821.
1692 876 1755 905 sqq.

1012 911 1037 939 in
1053 921 1147 948 rogum
1163 909 1292 948 injicitur.
1310 916 1342 937 ιι.
1359 914 1422 937 827.
1436 921 1463 940 n.
1482 921 1508 938 Ε.
1655 906 1658 909 ’

1052 960 1174 989 Damna,
1193 956 1267 984 loeus
1283 966 1379 983 novem
1395 956 1490 993 signis,
1508 967 1554 984 scu
1573 956 1735 986 milliaribus
1747 979 1754 990 .

1013 1012 1027 1029 a
1044 999 1274 1038 Constantinopoli
1290 998 1402 1027 distans.
1418 1006 1477 1029 xu.
1496 1004 1560 1028 469.
1576 1011 1642 1028 1).13.

1055 1047 1225 1072 Drmcms
1238 1042 1327 1071 cordis
1339 1043 1464 1071 omnibus
1487 1043 1610 1072 hostibus
1621 1043 1755 1073 acerbior.

1017 1095 1047 1116 V.
1062 1092 1124 1116 142.
1139 1099 1166 1115 D.

1056 1137 1123 1162 Dt'x
1138 1132 1247 1170 quidam
1264 1132 1455 1171 Chrysostomo
1467 1132 1601 1162 addictus.
1619 1140 1666 1163 111.
1685 1139 1751 1164 712.

1015 1188 1040 1205 c.
1061 1189 1089 1206 ι).
1106 1178 1217 1205 Praestat
1231 1176 1338 1204 nullum
1355 1176 1451 1204 ducem
1466 1176 1580 1213 habere,
1594 1187 1675 1215 quam
1691 1188 1751 1206 ma—

1015 1221 1083 1249 lum.
1098 1228 1142 1249 Vl.
1159 1225 1203 1248 41.
1218 1231 1243 1248 C.

1054 1268 1198 1302 Drsrnus,
1212 1275 1258 1293 seu
1272 1264 1370 1293 mensis
1388 1263 1512 1292 Martius.
1529 1271 1563 1292 ιι.
1580 1268 1645 1293 427.
1665 1274 1692 1293 c.

1006 1526 1153 1565 plurimum
1170 1525 1261 1554 damni
1277 1526 1364 1554 affert.
1382 1532 1427 1554 IV.
1457 1530 1485 1555 6.
1502 1536 1528 1555 c.
1550 1525 1672 1554 Ebrietas
1691 1535 1751 1554 me-

1007 1570 1091 1598 retrix
1114 1577 1140 1598 et
1163 1569 1250 1598 omnis
1272 1569 1448 1608 turpitudinis
1463 1576 1558 1598 mater.
1577 1577 1623 1598 tv.
1638 1575 1702 1598 811.
1723 1580 1751 1598 E.

1008 1614 1144 1642 Ebrietate
1166 1613 1297 1641 mollescit
1320 1619 1344 1640 et
1362 1612 1465 1640 diffluit
1487 1619 1512 1640 et
1538 1612 1684 1652 dissipatur
1711 1613 1752 1641 vis

1007 1658 1138 1697 corporis,
1152 1657 1209 1685 vini
1232 1664 1296 1696 potu
1315 1657 1441 1685 continuo
1462 1657 1636 1695 ingurgitata.
1660 1664 1694 1686 11.
1718 1662 1745 1687 8.

1007 1713 1031 1731 a.
1050 1713 1073 1729 n.
1090 1713 1114 1730 c.
1131 1701 1220 1729 Efficit
1239 1708 1268 1728 ut
1284 1700 1476 1736 balbuticmus,
1491 1700 1624 1729 exscindit
1639 1711 1745 1736 vocem,

1006 1745 1134 1783 pervertit
1162 1744 1262 1772 oculos.
1282 1751 1329 1773 Χι.
1349 1748 1413 1772 155.
1445 1754 1471 1772 Ε.
1496 1744 1621 1772 Ebrietas
1646 1744 1748 1783 impin-

1006 1798 1089 1826 guans
1104 1798 1200 1827 corpus
1218 1795 1242 1816 et
1255 1787 1404 1826 degravans
1418 1794 1543 1822 mentem,
1559 1788 1692 1827 captivam
1711 1789 1765 1828 fa·-

1006 1831 1041 1859 cit
1052 1832 1179 1860 animam.
1199 1838 1243 1860 IV.
1259 1836 1286 1860 9.
1299 1843 1325 1861 A.
1344 1832 1498 1859 Passienum
1514 1831 1615 1859 bellum
1628 1853 1635 1867 ,
1650 1831 1749 1860 absur-

1004 1874 1099 1903 darum
1118 1875 1308 1913 cogitationum
1324 1875 1395 1914 parit
1416 1875 1572 1914 procellam.
1592 1882 1624 1903 ιι.
1641 1880 1667 1903 8.
1681 1886 1708 1903 A.
1723 1878 1749 1904 A

1004 1929 1085 1957 regno
1102 1920 1150 1947 Dei
1166 1918 1466 1956 excludit‚etgebennae
1478 1918 1588 1946 addicit.
1602 1926 1635 1949 11.
1650 1924 1746 1947 798.13.

1004 1962 1127 1992 Ebrietas
1147 1962 1253 1991 daemon
1272 1962 1454 1997 voluntarius,
1467 1962 1575 2000 gravius
1589 1973 1668 2000 quam
1690 1962 1732 1990 dae
1743 1979 1750 1984 -

1004 2015 1066 2034 mon
1091 2013 1207 2034 mentem
1222 2006 1407 2034 obtenebrans.
1435 2013 1480 2034 lv.
1501 2010 1565 2034 334.
1582 2016 1608 2035 n.
1627 2005 1748 2034 Ebrietas

1003 2056 1027 2077 ct
1042 2050 1152 2089 crapula
1168 2050 1295 2086 timenda,
1310 2060 1360 2078 non
1373 2049 1516 2088 jejunium.
1534 2057 1566 2078 ΙΙ.
1581 2054 1644 2078 364.
1660 2060 1686 2077 E.

1044 2100 1182 2127 Ebrietas
1204 2099 1359 2137 vigilantis
1377 2101 1534 2127 somnium.
1559 2105 1604 2126 ιιι.
1629 2102 1692 2126 959.
1716 2108 1741 2126 n.

1045 2142 1148 2171 Ennius
1171 2144 1284 2171 mortuis
1306 2142 1437 2170 miserior.
1457 2148 1488 2169 ιι,
1510 2146 1572 2169 520.
1598 2152 1625 2169 D.
1643 2141 1744 2170 Ebrius

1004 2192 1042 2213 est
1057 2192 1179 2213 mortuus
1195 2185 1338 2213 animatus.
1357 2192 1389 2213 ιι.
1412 2190 1437 2213 9.
1460 2185 1560 2213 Ebrius
1582 2184 1745 2213 daemoniaco

1001 2229 1109 2265 similis,
1122 2229 1163 2257 vel
1178 2229 1257 2257 etiam
1271 2228 1403 2257 miserior.
1419 2236 1450 2256 ιι.
1465 2233 1527 2256 520.
1538 2239 1596 2256 nm.
1616 2235 1659 2257 IV.
1677 2234 1742 2258 335.

1000 2284 1026 2300 n.
1044 2277 1108 2301 335.
1134 2283 1160 2302 c.
1177 2274 1289 2301 Daemon
1309 2273 1491 2308 voluntarius,
1510 2273 1585 2311 cujus
1601 2283 1677 2301 nemo
1692 2273 1743 2301 mi-

1000 2323 1110 2344 seretur.
1130 2323 1174 2345 lv.
1191 2321 1224 2345 33
1233 2321 1255 2345 i.
1271 2329 1295 2344 A.
1316 2328 1339 2347 n,
1356 2316 1458 2345 Ebrius
1473 2316 1528 2344 solo
1542 2323 1650 2355 aspectu
1673 2316 1740 2345 abo-

1000 2360 1136 2389 minabilis
1154 2371 1161 2389 :
1180 2361 1236 2399 ejus
1256 2360 1410 2399 descriptio.
1428 2367 1459 2389 ιι.
1478 2366 1503 2390 9.
1517 2371 1544 2388 Ε.

1040 2409 1172 2437 Ebriosus
1187 2409 1271 2447 magis
1284 2408 1414 2437 dicendus
1429 2408 1474 2446 qui
1489 2408 1584 2437 viliore
1599 2408 1663 2437 vino
1683 2407 1741 2436 ine-

998 2451 1112 2481 briatur.
1137 2460 1181 2481 Χι.
1203 2457 1268 2481 730.
1285 2462 1310 2481 ιι.
1329 2452 1443 2480 Ebrioso
1465 2462 1502 2479 3·ae
1518 2459 1541 2479 et
1556 2451 1672 2479 miseria.
1691 2458 1738 2479 lx.

998 2500 1062 2525 237.
1088 2506 1115 2525 Ε.
1141 2495 1271 2524 Ebriosus
1285 2496 1358 2523 asino
1381 2502 1406 2523 et
1431 2506 1494 2524 cane
1508 2494 1594 2522 multo
1615 2494 1739 2522 deterior.

998 2546 1054 2570 VH,
1079 2544 1142 2567 657.
1171 2540 1229 2578 ejus
1255 2539 1410 2578 descriptio.
1438 2541 1481 2567 lb.
1512 2549 1538 2566 c.
1562 2549 1589 2566 n.
1610 2537 1739 2566 Ebriosus

997 2593 1047 2611 non
1065 2590 1149 2622 potest
1167 2594 1278 2621 reguum
1295 2584 1344 2612 Dei
1362 2583 1463 2619 videre,
1482 2583 1534 2611 imo
1549 2592 1582 2610 ne
1596 2581 1737 2621 praesentia
