1884 2922
751 207 851 229 INDEX
880 206 1006 229 RERUM.

150 597 276 625 Nunn-
292 595 355 635 Syri
369 594 492 624 historia.
507 602 538 624 v.
556 599 619 624 178.
631 605 658 623 c.

150 641 419 669 qucnonoaoson
436 639 552 667 crudelis
567 645 592 667 et
608 637 717 677 impius.
735 645 756 666 Ι.
771 642 799 666 7.
817 647 845 666 a.

113 685 215 723 quoties
230 691 255 712 et
269 690 398 722 quantum
412 683 571 723 peccaverit.
589 690 609 711 I.
626 687 652 711 7.
668 693 694 712 c.
708 681 852 710 Nabucho-

114 729 254 757 donosoris
264 728 366 756 insania
382 727 450 756 circa
465 734 582 755 statuam
595 736 712 754 auream.
731 732 787 754 VII.
804 729 852 754 75.

112 784 136 802 B.
147 777 194 802 76.
209 774 230 800 A
247 773 304 800 Deo
312 771 344 799 ad
360 770 542 810 poenitentiam
558 776 727 809 provocatur.
739 776 758 798 I.
777 774 805 798 7.
822 780 848 797 A.

116 818 188 845 Vero
198 816 304 855 cognito
318 816 375 844 Deo
391 816 417 843 in
433 814 613 843 idololatriam
628 813 749 853 relapsus
763 820 812 844 est.
830 820 850 841 1.

111 867 137 890 8.
157 863 268 900 Propter
283 860 435 899 superbiam
448 869 541 898 passus
555 865 593 886 est
607 857 677 885 mala
700 868 714 885 a
729 859 786 886 Deo
805 857 853 885 im-

107 906 196 933 missa.
213 912 257 933 VI.
275 909 340 932 254.
358 915 383 932 a.

145 950 292 978 NABUTnAE
304 946 388 975 credes
400 946 501 983 iniqua.
518 951 552 974 11.
570 949 633 973 341.
650 954 677 973 c.

144 993 219 1021 Nam
234 991 365 1021 Hebraica
381 989 465 1018 dictio
479 994 516 1017 est
531 994 555 1016 et
569 988 682 1016 vertitur
696 987 848 1016 commotio.

107 1043 152 1064 IV.
170 1040 234 1065 202.
250 1047 280 1064 D.

146 1081 270 1109 Naum-:33
293 1078 399 1107 mulieri
418 1076 510 1116 probae
528 1075 621 1104 scribit
631 1075 849 1115 Chrysostomus.

107 1131 153 1154 111.
170 1129 236 1153 744.
254 1134 280 1151 A.

149 1168 279 1196 Naamssr
297 1165 395 1194 domus
407 1164 541 1192 salutatur
551 1173 565 1190 a
577 1162 672 1190 Paulo.
687 1169 732 1191 lx.
743 1167 808 1191 824.
824 1173 850 1191 c.

146 1211 308 1239 Nannmcm
321 1232 328 1244 ,
343 1207 481 1247 pharmaci
492 1217 584 1245 genus.
602 1214 647 1235 ΙΙΙ.
662 1211 728 1234 737.
742 1217 769 1233 Β.

146 1256 271 1284 Naum
280 1253 336 1280 dics
346 1251 458 1285 Christi,
473 1260 578 1278 curnon
586 1248 729 1289 epiphania
740 1249 854 1288 appelle-

105 1306 160 1327 tur.
178 1305 209 1326 tt.
221 1302 286 1326 436.
298 1307 324 1324 D.
338 1295 444 1324 Natalis
456 1294 514 1322 dies
527 1293 627 1322 Christi
639 1294 761 1321 omnium
773 1293 852 1322 sesto-

104 1353 164 1371 rum
172 1340 337 1379 metropolis.
349 1346 368 1368 1.
380 1343 443 1367 608.
459 1349 484 1366 c.
501 1338 543 1366 Ab
558 1337 609 1365 hoc
623 1337 720 1365 festum
729 1336 852 1375 Epipha-

106 1387 262 1421 uiorum,ac
277 1393 382 1412 sacrum
397 1382 509 1416 Pascha,
525 1381 649 1409 Ascensio
661 1387 685 1408 et
700 1381 853 1408 Pentecoste

105 1429 236 1468 originem
250 1435 274 1456 et
288 1426 493 1455 fundamentum
509 1425 616 1453 habent.
632 1432 653 1453 I.
672 1429 736 1453 608.
755 1435 780 1452 c.
793 1425 849 1453 Na-

104 1473 165 1502 talis
178 1472 236 1501 dies
250 1470 350 1499 Christi
367 1469 492 1498 omnibus
507 1469 582 1497 sestis
595 1467 807 1508 anteponendus.
826 1475 847 1498 Ι.

105 1521 170 1545 608.
186 1526 216 1545 1).
230 1514 366 1553 Vigesimo
375 1513 468 1552 quinto
481 1512 636 1541 Decembris
648 1522 663 1540 a
683 1511 774 1540 decem
797 1511 852 1540 cir-

105 1561 171 1589 citer
183 1560 260 1588 annis
274 1557 421 1587 Antiochiae
433 1555 630 1591 celebrabatur,
657 1565 719 1584 cum
732 1554 852 1594 Chryso-

105 1611 207 1633 stomus
217 1602 358 1631 homiliam
374 1602 399 1629 iu
413 1600 485 1628 diem
497 1601 612 1628 natalem
628 1599 729 1627 Christi
740 1599 846 1627 habuit.

106 1655 138 1677 11.
148 1652 212 1676 418.
225 1658 250 1675 A.
261 1646 312 1674 Hic
324 1656 381 1674 mos
392 1645 426 1673 ab
438 1643 582 1673 Occidente
595 1650 714 1673 venerat.
730 1650 764 1672 11.
779 1647 844 1672 418.

104 1703 128 1720 Β.
145 1693 176 1720 In
192 1691 309 1719 Thracia
326 1689 418 1719 Gades
430 1699 513 1727 usque
534 1688 703 1716 servabatur.
722 1694 755 1715 II.
779 1692 843 1716 419.

105 1735 206 1764 Tribus
229 1733 501 1762 demonstrationibus
525 1732 655 1771 probatur
679 1741 735 1759 esse
752 1741 846 1759 verum
875 1740 879 1744 ⁴

103 1780 175 1807 diem
190 1778 286 1807 natalis
308 1777 417 1806 Christi.
437 1784 470 1806 11.
485 1781 548 1805 419.
564 1788 589 1804 Β.
606 1776 709 1814 prima,
727 1774 799 1813 quod
813 1774 847 1803 sit

105 1822 229 1851 celeriter
243 1822 416 1850 annuntiatus
448 1827 473 1849 et
490 1820 642 1855 admissum
659 1818 784 1855 secunda,
813 1829 847 1846 ex

104 1867 195 1895 verbis
210 1866 356 1904 evangelii.
376 1872 410 1894 II.
426 1870 490 1894 419.
509 1876 534 1893 B.
553 1863 644 1899 tertia,
668 1874 701 1892 ex
729 1870 847 1902 tempore

104 1911 237 1949 ingressus
264 1909 404 1938 Zachariae
424 1909 450 1937 in
472 1908 614 1947 templum.
634 1915 668 1936 ΙΙ.
688 1911 752 1936 424.
774 1918 799 1936 Β.
816 1908 846 1935 In

104 1954 226 1983 Natalem
242 1952 343 1982 Christi
358 1952 468 1990 Ecloga.
488 1958 546 1980 XII.
563 1956 626 1979 910.
643 1962 668 1978 A.

142 1999 296 2027 NATANTES
305 1996 430 2024 mulieres
445 1996 471 2024 in
484 1995 605 2023 theatris.
622 2001 680 2024 VII.
699 1998 763 2023 132.

144 2045 263 2071 mrum
284 2041 418 2080 prophetae
436 2040 564 2079 sapientia
580 2039 607 2067 in
619 2038 724 2067 Davide
738 2049 848 2077 arguen-

105 2087 151 2115 (ῙΟ.
168 2093 200 2115 ΙΙ.
215 2091 280 2115 340.
297 2096 322 2114 C.

142 2131 345 2159 Namanaems
370 2128 472 2157 laudes.
497 2134 567 2156 VIII.
584 2131 648 2155 133.
665 2138 689 2154 a.
717 2125 788 2154 Eum
799 2136 847 2154 cur

106 2173 234 2201 Christus
245 2172 405 2200 laudaverit.
420 2178 453 2200 11.
471 2176 537 2200 421.

141 2217 273 2245 Nutu
294 2226 382 2244 rerum
404 2215 510 2252 elegans
535 2213 692 2252 descriptio.
717 2221 751 2244 II.
776 2218 840 2242 118.

106 2265 169 2288 119.
186 2264 249 2288 120.
263 2266 295 2287 V.
311 2264 374 2287 113.
390 2271 417 2289 Α.
433 2259 542 2287 Naturae
557 2257 689 2286 universae
704 2257 803 2295 imago.
822 2264 842 2285 I.

107 2310 170 2334 182.
186 2304 429 2333 183.Naturalium
441 2314 530 2331 rerum
540 2303 607 2331 ordo
619 2302 781 2330 miraculum
791 2313 851 2341 per-

105 2356 227 2388 petuum.
245 2355 276 2376 V.
299 2352 364 2376 583.
383 2359 408 2375 Λ.
424 2348 524 2375 Natura
540 2346 635 2374 mundi
651 2345 764 2384 pulchra
776 2368 783 2381 ,
802 2345 848 2374 sed

110 2392 306 2432 corruptibilis.
322 2399 355 2420 II.
374 2396 436 2420 130.
452 2402 481 2419 A.
494 2391 568 2418 Deus
581 2390 672 2428 opifex
687 2396 798 2417 naturae.
813 2396 847 2419 V.

109 2441 174 2465 272.
192 2448 217 2465 B.
233 2437 333 2464 Natura
344 2436 401 2474 ipsa
414 2435 541 2474 praedicat
555 2441 708 2463 creatorem.
725 2441 771 2462 IX.
782 2439 846 2463 489.

106 2492 130 2508 A.
145 2480 254 2508 Naturae
263 2479 333 2518 leges
342 2489 490 2516 numquam
502 2478 654 2506 solvuntur.
669 2484 690 2505 Ι.
707 2482 770 2506 965.
789 2485 846 2507 VII.

107 2529 170 2552 671.
194 2535 218 2553 B.
234 2524 343 2551 Naturae
359 2521 480 2550 conditor
495 2521 667 2549 transformat
681 2527 802 2549 naturam
820 2529 848 2550 ut

107 2568 176 2596 vult.
193 2573 236 2595 IV.
250 2571 314 2595 282.
332 2577 355 2594 n.
372 2565 512 2594 Naturales
525 2574 565 2593 res
579 2575 660 2601 quam
677 2571 754 2603 captu
772 2565 848 2594 disfi-

1581 194 1598 225 01

1632 193 1649 227 (JV

905 593 980 622 ciles.
994 600 1040 622 IV.
1057 598 1124 622 751.
1140 604 1165 622 Β.
1183 593 1287 624 Earum
1301 593 1431 623 rationem
1446 604 1499 623 non
1516 595 1652 635 intelligi-

906 647 984 674 mus;
1003 643 1102 675 quanto
1117 637 1205 666 minus
1217 637 1321 667 divina.
1336 644 1381 666 IV.
1400 642 1466 668 751.
1481 648 1508 668 C.

945 682 1072 710 Nasum
1079 681 1266 720 duaeperfectae
1275 682 1302 710 in
1311 681 1391 711 Filio.
1400 689 1446 711 ΙΙΙ.
1455 687 1519 711 897.
1531 693 1556 711 c.
1565 683 1652 712 Natu-

906 736 963 754 ram
978 735 1056 753 unam
1070 725 1096 753 in
1110 726 1179 754 Filio
1193 726 1292 761 dicere,
1323 725 1373 755 hoc
1395 733 1433 755 est
1444 734 1566 755 naturam
1579 727 1653 756 divi—

907 779 967 798 nam
981 779 1089 808 negare.
1106 776 1150 798 111.
1168 775 1232 800 898.
1247 781 1276 798 D.
1289 771 1391 799 Natura
1405 769 1520 799 humana
1533 771 1647 799 lubrica.

908 820 926 842 Ι.
948 818 994 842 44.
1012 824 1039 842 1).
1057 814 1166 842 Naturae
1181 836 1190 851 ,
1202 824 1264 842 cum
1282 815 1357 842 Deus
1372 824 1419 842 nos
1430 814 1537 850 deserit,
1551 821 1650 853 quanta

906 858 939 886 sit
952 858 1103 886 infirmitas.
1124 865 1194 887 VIII.
1213 862 1316 887 5621).
1331 859 1440 886 Naturae
1463 858 1585 886 humanae
1606 859 1651 886 ni-

906 902 945 929 hil
958 902 1042 940 magis
1055 901 1193 930 inimicum
1209 909 1247 930 est
1263 912 1344 940 quam
1360 901 1465 930 vitium.
1478 909 1525 930 XI.
1540 907 1603 930 352.
1621 912 1647 930 c.

906 946 1015 974 Naturae
1035 945 1104 974 dona
1126 946 1195 974 nihil
1210 953 1334 985 prosunt,
1358 947 1410 974 nisi
1427 946 1490 974 boni
1504 956 1590 974 mores
1607 956 1650 974 ac-

906 989 1008 1018 cedant.
1038 996 1082 1018 IV.
1106 994 1171 1020 738,
1202 1001 1227 1019 Β.
1257 991 1388 1018 Naturam
1412 990 1544 1028 corrigere
1568 1001 1651 1028 quam

906 1032 1034 1069 arduum5
1055 1033 1083 1062 id
1098 1034 1170 1063 solus
1194 1035 1266 1062 Deus
1286 1041 1381 1073 potest.
1406 1041 1451 1063 IV.
1465 1039 1531 1062 837.
1548 1035 1650 1063 Natura

906 1077 1045 1106 hominum
1061 1078 1146 1106 fluxa.
1164 1085 1196 1107 X.
1216 1083 1279 1107 321.
1301 1089 1327 1108 c.
1351 1079 1452 1107 Natura
1472 1078 1544 1106 nuda
1560 1079 1649 1113 venit,

907 1121 978 1149 nuda
992 1121 1115 1150 discedit.
1130 1129 1176 1150 XI.
1193 1127 1258 1151 698.
1275 1135 1301 1150 Α.

945 1166 1062 1193 Natura
1076 1166 1338 1206 humanasoenum.
1360 1173 1390 1194 V.
1407 1170 1472 1194 705.

945 1209 1063 1236 Natura
1077 1219 1171 1237 rerum
1193 1211 1373 1237 convertitur
1393 1216 1495 1238 contra
1511 1216 1650 1238 naturam

906 1262 988 1280 suam
1005 1253 1158 1281 interdum.
1175 1259 1221 1282 VI.
1239 1258 1303 1281 874.
1322 1264 1345 1281 Β.

947 1296 1103 1325 NAZARETH
1114 1296 1235 1325 Galilaeae
1249 1297 1344 1325 civitas
1369 1304 1402 1325 II.
1417 1301 1482 1327 420.
1498 1308 1524 1325 A.
1541 1298 1648 1327 viculus

906 1339 980 1367 vilis.
993 1347 1051 1368 VII.
1068 1345 1130 1368 157.
1146 1351 1170 1368 c.
1189 1340 1276 1379 patria
1292 1341 1405 1370 Christi.
1423 1348 1480 1370 VII.
1497 1346 1562 1370 554.
1579 1353 1604 1370 B.

946 1383 1113 1411 Nncnssms
1138 1393 1189 1412 non
1220 1383 1323 1412 inducit
1351 1384 1385 1412 ad
1406 1384 1473 1412 bene
1499 1385 1643 1422 agendum.

907 1433 939 1454 II.
962 1431 1025 1455 449.
1042 1438 1070 1455 n.
1086 1427 1246 1455 Necessitate
1261 1438 1337 1456 nemo
1352 1427 1449 1456 melior
1463 1428 1589 1456 efficitur.
1613 1437 1645 1461 ΙΙ.

908 1474 970 1498 461.
985 1481 1010 1498 B.
1025 1471 1084 1499 Non
1097 1470 1260 1505 necessitate.
1278 1471 1324 1499 sed
1339 1471 1421 1499 libere
1438 1471 1539 1499 bonnm
1553 1483 1649 1511 opera-

907 1524 978 1542 mur.
992 1521 1026 1542 II.
1038 1519 1102 1543 449.
1118 1514 1274 1543 Necessitati
1291 1525 1343 1543 non
1359 1515 1496 1554 subjacent
1511 1516 1598 1545 virtus
1623 1523 1648 1545 et

907 1557 978 1586 salus
985 1564 1085 1586 nostra.
1098 1565 1129 1586 V.
1142 1563 1236 1587 372.Ε,
1250 1559 1420 1587 Necessitatis
1431 1569 1482 1587 non
1496 1560 1646 1589 suntvirtu-

907 1607 954 1628 tes.
974 1608 1042 1629 VIII.
1053 1606 1099 1631 38.
1110 1612 1138 1632 D,
1160 1602 1307 1630 Necessitas
1319 1603 1392 1631 nulla
1401 1609 1440 1631 est
1452 1603 1557 1632 inbono
1565 1615 1645 1643 opere

907 1644 1020 1683 agendo.
1034 1652 1089 1674 vlt.
1102 1651 1166 1675 537.
1176 1656 1200 1674 c.
1212 1647 1270 1674 Non
1282 1647 1432 1685 potestquis
1444 1657 1499 1675 csse
1510 1647 1596 1676 bonus
1610 1659 1644 1677 ex

900 1689 1060 1717 necessitate.
1076 1696 1108 1718 V.
1130 1694 1193 1718 126.
1208 1691 1337 1718 Coactum
1346 1701 1401 1719 esse
1412 1690 1525 1727 bonum,
1540 1691 1567 1719 id
1584 1702 1636 1720 nou

899 1739 1006 1761 estesse
1020 1733 1130 1761 bonum.
1147 1741 1179 1762 II.
1197 1738 1261 1762 449.
1279 1745 1306 1762 D.
1325 1745 1352 1764 E.
1376 1735 1564 1763 Necessitatem
1578 1735 1642 1764 nul-

899 1776 953 1805 lam
968 1777 1151 1816 praedictiones
1163 1777 1279 1805 inferunt
1294 1778 1435 1806 voluntati.
1458 1785 1515 1806 VII.
1530 1784 1593 1807 840.
1614 1790 1639 1807 ,1-

901 1832 948 1850 nec
962 1821 1116 1860 prophetiae.
1133 1827 1205 1852 VIII.
1223 1825 1285 1849 466.
1302 1821 1489 1849 Necessitatem
1504 1822 1575 1850 Deus
1590 1824 1640 1852 tol-

902 1865 933 1893 lit
959 1864 1069 1902 ubique,
1083 1870 1108 1892 et
1124 1864 1269 1892 voluntatis
1291 1864 1435 1892 arbitrium
1459 1864 1544 1894 essert.
1570 1873 1640 1895 VIII.

901 1913 947 1937 69.
971 1919 996 1935 Β.
1016 1909 1076 1936 Non
1100 1907 1179 1935 infert
1204 1917 1261 1935 eam
1287 1908 1367 1936 Deus.
1393 1915 1426 1936 Χ.
1446 1912 1489 1936 13.
1511 1918 1536 1936 Ε.
1562 1920 1646 1948 neque

903 1952 1029 1992 imponit.
1045 1959 1091 1981 tv.
1111 1956 1175 1981 191.
1192 1961 1216 1979 Β.
1243 1951 1405 1980 Necessitate
1415 1959 1461 1979 aut
1479 1952 1505 1980 vi
1518 1962 1569 1981 non
1584 1953 1647 1982 facit

902 1997 975 2025 Deus
991 1995 1111 2024 homines
1123 1996 1215 2024 bonOS.
1232 2003 1303 2024 VIII.
1319 1999 1381 2024 323.
1397 2007 1419 2024 Β.
1434 2001 1496 2024 324.
1522 1998 1647 2026 Necessi-

902 2047 955 2069 tate
966 2048 1011 2068 aut
1022 2040 1048 2069 vi
1065 2040 1198 2068 neminem
1213 2040 1294 2069 trahit
1309 2040 1444 2069 Christus.
1460 2048 1528 2069 VIII.
1540 2046 1604 2072 344.
1617 2053 1643 2071 Β.

903 2089 965 2114 549.
990 2095 1017 2113 D.
1036 2084 1078 2112 Ex
1094 2085 1248 2112 necessitate
1262 2095 1339 2113 nemo
1355 2095 1483 2122 umquam
1499 2085 1585 2115 malus
1594 2094 1642 2115 est.

902 2136 959 2158 VII.
972 2134 1035 2157 674.
1055 2139 1081 2158 C.
1101 2133 1166 2157 875.
1185 2141 1211 2156 Α.

943 2173 1092 2202 Necessitas
1107 2172 1323 2211 magistratuum.
1342 2178 1374 2202 V.
1393 2176 1459 2200 597.
1477 2183 1503 2200 c.

941 2218 1181 2246 Nzenomwnm
1197 2223 1314 2255 tempore
1336 2215 1522 2255 Chrysostomi
1536 2225 1644 2244 exerce-

901 2260 967 2289 bant
982 2260 1106 2298 quidam.
1120 2267 1177 2288 VII.
1196 2264 1261 2288 445.
1280 2270 1307 2288 A.

945 2306 1073 2333 Nremms
1099 2313 1221 2331 reversus
1251 2302 1388 2330 civitatem
1412 2302 1569 2332 Judaeorum
1590 2302 1644 2330 ins-

902 2348 1028 2376 tauravit.
1047 2355 1066 2376 1.
1084 2351 1150 2375 787.
1168 2356 1192 2374 c.

942 2392 1109 2421 Nmnmm
1124 2401 1172 2429 par
1186 2390 1292 2418 nullum
1306 2390 1417 2418 malum.
1436 2397 1467 2417 II.
1480 2394 1545 2418 366.
1559 2399 1586 2417 D.

942 2436 1156 2463 NEGLIGI-:NTIAE
1167 2434 1269 2462 malum
1281 2440 1423 2472 quantum.
1440 2440 1498 2462 VII.
1515 2438 1578 2461 363.
1591 2444 1617 2461 Α.

943 2480 1032 2508 Nemo
1047 2479 1208 2517 quidquam
1221 2480 1284 2513 scit,
1301 2477 1438 2516 adagium.
1457 2485 1488 2505 II.
1507 2482 1552 2505 19.
1568 2488 1591 2505 Β.

943 2523 1102 2551 NEOMENtA
1116 2522 1196 2560 quid.
1212 2529 1243 2550 V.
1263 2526 1326 2550 924.
1343 2532 1369 2550 D.

944 2567 1069 2595 Nsmnon
1094 2566 1168 2604 gigas
1189 2572 1299 2595 venator
1313 2575 1402 2594 coram
1418 2564 1552 2600 Domino,
1575 2574 1644 2603 quo-
