1910 2907
2 263 116 294 -5-P·²49·

0 359 116 387 .6.p.2f>9.

0 681 44 702 ml.
66 686 118 710 ¹⁰9·

571 195 601 218 IN

165 259 238 288 Cum
259 258 292 287 iis
303 257 382 287 etiam
394 257 508 286 Paulum
528 257 731 286 samosatenum
749 268 877 286 annume-

130 312 187 340 rat,
199 305 246 343 qui
259 304 449 334 resurrectioni
461 314 513 332 non
529 304 682 334 credebant.

159 351 440 380 Melchisedecitarum
450 361 554 388 quoque
561 351 668 379 haeresis
677 351 784 389 vigebat
791 350 875 390 Chry-

128 397 237 425 sostomi
256 408 313 425 zero
325 420 332 432 ,
351 407 417 435 quos
435 396 688 425 Melchisedecianos
710 404 788 425 vocat
808 396 875 435 Epi-

129 443 254 483 phanius.
268 443 302 471 Hi
315 443 439 472 dicebant
457 437 682 471 Melchisedecum
699 443 807 471 Christo
820 454 875 471 ma-

125 490 212 528 jorem
233 500 299 518 esse.
323 490 377 518 Alii
397 500 490 518 rursus
504 489 628 517 dicebant
650 489 875 517 Melchisedecum

129 545 185 563 esse
199 535 332 574 Spiritum
356 542 492 569 sanctum,
517 536 593 573 cujus
618 535 716 563 erroris
738 542 875 562 auctorem

130 581 270 610 Hieracem
285 581 385 620 profert
406 581 588 620 Epiphanius.
614 581 671 609 Hoc
692 588 779 609 autem
795 591 876 620 argu-

129 634 249 655 mentum
263 627 426 666 objiciebant
445 627 697 663 Melchisedeciani,
719 628 745 655 in
761 627 876 656 Psalmis

129 672 164 702 de
176 673 284 702 Christo
297 673 399 702 dicitur
416 685 421 700 :
437 675 480 702 Τιι
496 684 525 702 es
540 674 675 702 sacerdos
693 675 724 701 in
736 680 875 701 (eternum

129 719 287 747 secundum
307 719 436 747 ordinem
450 720 646 748 Melchisedec
667 731 675 746 .·
694 718 766 747 unde
781 718 876 747 infere-

128 764 193 792 bant
205 775 267 793 eum
281 764 328 802 qui
344 765 371 793 in
384 764 478 792 ordine
492 764 683 793 Melchisedeci
697 771 764 793 esset
777 787 784 800 ,
800 763 876 792 ordi-

130 810 173 838 nis
185 810 268 849 capiti
288 817 313 839 et
333 810 449 849 principi
472 810 623 839 inferiorem
637 821 701 838 esse.
725 809 877 848 Respondet

128 857 335 896 Chrysostomus
369 857 595 886 Melchisedec—um
624 858 737 895 figuram
772 864 876 885 tantuin

128 904 210 932 fuisse
231 904 329 932 Christi
342 926 350 939 ,
367 910 392 932 et
409 914 471 932 cum
486 914 581 942 panem
600 910 625 931 et
647 903 739 931 vinum
756 903 872 935 obtulit,

129 949 292 977 sacrificium
303 961 317 978 a
328 949 435 977 Christo
447 948 613 977 offerendum
625 949 815 987 praenuntiasse
826 960 833 985 ;
845 959 875 976 ac

1 1004 82 1034 hilipp.
98 1011 120 1026 2.
131 1005 193 1023 cum
203 995 341 1034 apostolus
351 995 438 1031 dicat,
448 996 484 1022 In
496 997 612 1023 nomine
622 996 694 1023 Jesu
706 1005 790 1022 omne
799 1005 873 1033 genu

0 1043 17 1057 ).

120 1041 283 1083 flectatur,
308 1041 372 1069 hinc
394 1041 520 1079 consequi
544 1042 624 1069 etiam
649 1041 876 1070 Melchisedecuin

131 1096 216 1126 genua
228 1087 334 1115 flexisse
343 1094 403 1116 ante
413 1087 562 1115 Christum.
576 1088 615 1115 De
627 1087 877 1115 Melchisedecianis

131 1132 185 1171 agit
196 1133 277 1161 etiam
290 1132 476 1162 'theodoretus
490 1133 683 1162 Haereticarum
696 1133 780 1162 fabul.
793 1133 811 1162 l.
825 1135 835 1161 1
847 1137 855 1161 1
869 1156 876 1169 ,

0 1188 41 1208 nd.
58 1188 81 1208 d.
100 1195 120 1209 e.
132 1185 158 1207 et
167 1180 244 1209 Joan.
260 1180 442 1208 Damascenus
458 1179 558 1208 Haeresi
570 1180 618 1208 55.
635 1179 723 1209 Judaei
735 1190 797 1208 vero
808 1179 877 1208 dice-

133 1225 197 1253 bant
209 1225 436 1254 Melchisedecum
448 1236 482 1253 ex
493 1225 668 1254 fornicatione
683 1233 774 1254 natum
785 1226 875 1260 fuisse,

133 1270 249 1309 ideoque
271 1271 328 1300 sine
350 1271 504 1310 genealogia
523 1282 595 1308 esse,
610 1271 683 1309 quod
701 1273 780 1300 etiarn
800 1273 879 1300 refert

133 1317 314 1357 Epiphanius.
337 1330 351 1345 ι(
371 1318 478 1353 Quibus
499 1329 546 1347 nos
569 1318 688 1347 dicemus
702 1340 709 1353 ,
735 1318 807 1356 quod
827 1318 878 1358 ipsi

133 1376 274 1404 perperam
298 1365 444 1403 loquantur
468 1379 473 1395 :
495 1366 645 1395 Salomonis
664 1366 734 1395 enim
748 1389 754 1401 ‚
777 1367 822 1404 qui
844 1377 878 1395 ex

134 1411 258 1440 adultera
273 1411 346 1440 [rim
362 1422 447 1440 uxore
459 1419 536 1441 natus
551 1419 606 1448 cst,
623 1413 775 1451 genealogia
792 1420 879 1441 tamen

133 1456 252 1486 ducitur.
276 1458 331 1486 Sed
357 1459 482 1496 quoniam
509 1459 690 1487 Melchisedec
717 1466 800 1498 typus
825 1467 880 1489 erat

134 1503 260 1539 Domini,
272 1511 298 1532 et
306 1503 450 1543 imaginem
463 1505 563 1533 serebat
575 1505 675 1534 Christi
684 1527 691 1540 ,
702 1505 877 1543 quemadmo-

132 1548 200 1578 dum
216 1556 240 1578 et
254 1551 336 1579 Jonas
346 1573 354 1586 ,
369 1550 429 1579 ideo
442 1551 580 1590 Scriptura
593 1552 651 1590 ejus
664 1559 763 1590 patrem
778 1553 878 1587 tacuit,

136 1602 166 1624 ut
188 1596 216 1624 in
236 1596 283 1624 illo
305 1603 443 1635 tamquam
466 1597 493 1625 in
516 1597 631 1635 imagine
653 1598 791 1626 Christum
805 1622 812 1629 .
832 1599 880 1636 qui

135 1651 198 1669 vere
211 1641 268 1670 sine
279 1649 352 1680 patre
364 1649 389 1670 et
403 1643 460 1671 sine
473 1642 624 1681 genealogia
636 1650 685 1679 est,
697 1644 878 1672 intueamur.»

176 1687 305 1716 Catharos
314 1688 394 1716 etiam
405 1688 461 1717 sive
473 1688 558 1718 Puros
571 1699 623 1717 non
635 1690 715 1718 semel
727 1690 877 1729 impugnat,

135 1733 209 1772 quod
227 1744 255 1762 se
271 1734 400 1763 Calliaros
415 1735 471 1764 sive
490 1746 571 1774 puros
591 1735 727 1773 dicerent,
744 1736 791 1774 qui
807 1737 879 1764 omni

135 1779 213 1808 sorde
228 1779 301 1819 pleni
321 1787 425 1816 essent,
448 1791 496 1809 nce
512 1782 565 1810 alio
580 1792 692 1820 usquam
705 1782 812 1810 nomine
827 1793 878 1821 ap-

135 1825 226 1864 pellat.
249 1825 333 1854 Erant
352 1834 441 1855 autem
465 1827 504 1855 illi
530 1828 691 1863 Novatiani,
712 1828 746 1857 de
764 1839 879 1867 quorum

134 1871 237 1910 origine
250 1871 333 1900 multa
348 1873 448 1911 profert
464 1875 490 1902 in
503 1873 635 1912 Epistolis
652 1875 707 1903 suis
721 1876 751 1905 S.
767 1875 880 1914 Cypria-

134 1928 201 1953 nus,
224 1928 254 1945 ac
277 1924 338 1957 post
359 1929 421 1946 eum
444 1919 579 1948 Eusebius
595 1920 729 1959 Pamphili
745 1921 772 1949 in
788 1921 857 1951 Hist.
871 1945 878 1958 ,

135 1963 298 2001 demumque
316 1964 487 2003 Epiphanius
501 1976 531 1994 ac
546 1973 604 2005 post
618 1977 679 1995 eum
693 1967 855 1997 Philastrius
873 1980 878 1996 ε

133 2021 192 2048 quaa
204 2010 286 2039 simul
298 2011 386 2040 omnia
398 2022 535 2041 recensere
545 2023 597 2041 non
610 2020 648 2042 est
658 2013 774 2042 instituti
783 2015 877 2043 nostri.

81 2082 87 2089 .
117 2057 177 2086 .Ex
189 2056 222 2084 iis
236 2066 314 2091 vero,
330 2067 390 2095 quae
406 2058 577 2087 concionatus
590 2066 629 2087 est
643 2069 711 2088 anno
733 2060 791 2088 599
805 2061 879 2089 Con—

135 2102 307 2141 stantinopoli
318 2125 327 2139 ‚
343 2103 419 2141 argui
436 2103 545 2132 videtur
563 2105 662 2133 multos
675 2112 738 2133 tunc
758 2105 840 2134 fuisse
852 2106 878 2134 in

135 2146 182 2177 illa
197 2149 262 2177 urbe
275 2149 440 2178 Novatianos
456 2160 499 2178 seu
516 2150 646 2179 Catharos
656 2151 703 2189 qui
719 2162 746 2180 se
761 2151 811 2180 hoc
826 2162 877 2180 no—

136 2194 206 2223 mine
218 2195 427 2233 compellabant.
440 2195 585 2225 Auditores
596 2197 667 2225 enim
680 2204 755 2236 rogat
767 2204 791 2226 et
805 2197 880 2226 obse-

135 2246 192 2268 crat
210 2247 239 2269 ut
262 2251 277 2268 a
295 2241 343 2269 tali
361 2241 487 2280 jactantia
508 2252 535 2270 se
557 2242 694 2278 eximant,
720 2250 746 2271 et
768 2243 878 2271 illorum

134 2286 314 2324 arrogantiam
322 2286 449 2323 devitent,
460 2297 489 2315 ac
499 2288 588 2326 potius
597 2288 694 2317 delicta
706 2299 753 2317 sua
767 2289 878 2317 abluant

135 2338 160 2360 et
172 2338 279 2370 peccata
291 2332 478 2362 confiteantur.

175 2377 271 2406 Arium
284 2384 310 2406 et
323 2379 437 2408 Arianos
451 2380 628 2419 infrequenter
642 2388 771 2410 memorat
784 2381 877 2420 Chry-

135 2430 286 2459 sostomus,
310 2424 373 2462 quia
394 2427 530 2462 Anomoei,
552 2437 586 2455 ex
612 2427 773 2456 Arianorum
795 2428 878 2466 stirpe

136 2470 275 2509 prognati,
291 2477 353 2499 tunc
368 2482 414 2510 per
426 2471 563 2501 Orientem
579 2474 769 2511 grassabantur
784 2481 808 2502 et
828 2484 877 2502 ca-

136 2517 248 2545 tholicos
262 2516 384 2545 doctores
399 2518 556 2547 exercebant
569 2531 578 2547 :
592 2519 706 2557 indeque
720 2520 750 2548 fit
766 2527 794 2549 ut
809 2531 877 2549 con-

11 2565 126 2603 5¹·P·l0¹0·
138 2570 179 2592 tra
197 2564 338 2591 Anomoeos
359 2562 403 2591 ille
423 2571 551 2603 perpetuo
571 2564 728 2595 velificetur.
752 2567 791 2594 De
813 2567 877 2595 Ario

139 2615 228 2639 autem
247 2609 285 2637 ait
299 2608 360 2645 ille,
384 2609 526 2647 ἐφέστηκεν
539 2610 638 2650 Ἄρειος
654 2613 690 2645 εἰς
703 2613 877 2651 παραλλαγὴν

279 2658 350 2677 ΤοΜ.
374 2660 444 2678 xiii.

630 195 787 218 OPERIBUS
815 195 1049 218 cuitYSOS‘rom
1077 194 1332 217 OBSEtWAN’l‘L'n.
1601 184 1669 219 225

927 257 1015 290 οὐσίας
1037 258 1121 286 ἕλκων
1145 258 1191 293 τὴν
1219 259 1244 286 ἐν
1274 262 1328 290 τοῖς
1351 257 1501 295 προσώποις
1526 258 1669 296 διαφοράν,

926 305 1023 332 Instat
1038 304 1131 332 Arius
1148 305 1177 331 in
1202 304 1396 332 diversitatem
1414 305 1586 331 substantiae
1606 315 1671 342 pcr-

927 360 1065 378 sonarum
1083 351 1300 379 distinctionem
1320 351 1446 378 trahens.
1470 349 1582 378 Dicebat
1600 350 1671 378 enim

928 396 978 424 Dei
998 396 1120 424 Verbum
1140 407 1192 424 uon
1215 407 1317 435 semper
1337 396 1436 431 fuisse,
1459 395 1504 424 scd
1530 407 1560 424 ex
1588 396 1673 424 nihilo

927 441 1026 470 factum
1038 449 1062 470 et
1075 450 1191 471 creatum
1202 466 1208 474 ‚
1220 453 1270 471 non
1282 449 1409 470 :eternum
1418 465 1425 478 ,
1436 452 1491 471 11011
1504 442 1576 470 Patri
1586 443 1673 470 simile

927 488 1076 516 secundum
1101 489 1297 524 substantiam,
1316 498 1401 526 neque
1418 499 1511 516 verum
1532 489 1580 516 Dei
1604 489 1673 517 Ver-

927 535 993 563 bum
1008 558 1015 570 ,
1039 542 1084 564 aut
1109 536 1267 574 sapientiam
1282 558 1289 568 ,
1320 535 1367 564 sed
1392 537 1613 574 καταχρηστικῶς
1637 536 1673 564 ita

929 582 1019 609 vocari
1031 593 1036 608 ε
1048 592 1104 609 0556
1116 588 1209 609 natura
1221 581 1364 616 mutabile,
1377 591 1461 618 neque
1471 591 1546 610 nosse
1558 582 1673 616 Patrem,

928 627 983 655 imo
994 637 1026 655 ne
1037 638 1113 656 suam
1125 627 1233 665 quidem
1249 628 1331 665 ipsius
1346 634 1470 656 naturam
1486 639 1491 654 :
1507 634 1615 666 propter
1626 637 1673 655 nos

928 673 1027 701 factum
1042 673 1135 709 fuisse,
1149 680 1178 701 ut
1192 673 1240 701 illo
1255 683 1302 701 ceu
1320 673 1496 701 instrumento
1512 684 1558 702 1105
1571 673 1673 701 conde-

928 725 968 746 ret
982 719 1070 755 Deus,
1086 729 1171 756 neque
1191 718 1339 747 creandum
1358 719 1455 755 fuisse,
1474 719 1524 747 nisi
1539 730 1586 748 nos
1600 721 1674 748 Deus

929 764 1041 793 condere
1054 765 1192 794 voluisset.

969 811 1043 839 Hanc
1056 820 1136 849 porro
1151 810 1307 838 sententiam
1326 810 1401 848 quasi
1417 810 1451 838 ab
1465 810 1527 838 Ario
1543 811 1673 850 prolatam

930 857 1009 885 refert
1021 856 1230 895 Clirysostomus
1248 867 1253 883 ε
1269 857 1316 884 οὐκ
1330 856 1445 891 ἠδύνατο
1462 859 1475 884 ὁ
1496 857 1564 890 Θεὸς
1578 859 1674 895 γεννῶν

930 904 1053 940 γεννῆσαι
1073 904 1195 936 ἀπαθῶς,
1213 903 1282 930 ΛῪοιι
1301 909 1415 941 poterat
1437 904 1517 931 Deus
1533 914 1674 942 generans

929 959 1066 988 generare
1091 949 1299 986 impatibiliter.
1327 948 1444 987 Ideoque
1466 959 1499 977 ne
1524 950 1673 986 passionem

928 994 1073 1032 quamdam
1087 994 1114 1022 in
1130 995 1186 1023 Deo
1204 993 1370 1030 admitteret,
1391 995 1500 1023 dicebat
1520 996 1642 1032 Verbum
1660 1008 1674 1024 a

929 1041 986 1069 Deo
1001 1051 1052 1069 non
1068 1041 1188 1079 genitum
1199 1063 1206 1076 ‚
1220 1040 1267 1069 sed
1281 1041 1380 1069 factum
1394 1048 1566 1079 creatumque
1581 1043 1673 1071 fuisse.

933 1099 946 1113 «
964 1086 1046 1115 Arius
1060 1086 1162 1115 Filium
1184 1086 1293 1124 quidem
1313 1087 1426 1123 fatetur,
1443 1087 1489 1116 sed
1505 1094 1607 1116 tantum
1624 1099 1675 1116 no·-

930 1134 1003 1161 mine
1020 1145 1026 1161 :
1043 1140 1193 1162 creaturam
1207 1133 1279 1161 enim
1290 1143 1349 1162 esse
1369 1133 1436 1162 dicit
1455 1140 1480 1162 et
1497 1134 1577 1162 Patre
1598 1134 1676 1173 longe
1689 1135 1699 1141 ⁴

931 1179 1072 1208 minorem.
1089 1192 1102 1206 n

972 1226 1052 1254 Arius
1062 1237 1126 1255 vero
1135 1233 1160 1255 et
1171 1227 1229 1266 ejus
1241 1237 1364 1265 sequaces
1376 1226 1481 1256 Filium
1493 1238 1549 1256 rem
1561 1235 1675 1256 creatam

931 1279 958 1301 et
967 1272 1127 1301 dissimilem
1137 1283 1193 1301 esse
1203 1272 1276 1300 Patri
1288 1273 1485 1311 profitebantur
1497 1285 1502 1300 :
1516 1273 1579 1311 quia
1590 1281 1677 1302 tamen

932 1326 992 1358 post
1009 1326 1131 1348 exortum
1154 1330 1234 1348 suum
1252 1329 1267 1347 a
1287 1319 1434 1348 CatholIcis
1457 1319 1547 1348 acrius
1562 1320 1678 1359 impete-

931 1366 1045 1402 bantur,
1062 1366 1127 1394 inde
1140 1367 1243 1394 factum
1258 1372 1288 1394 ut
1305 1366 1333 1393 in
1349 1365 1410 1394 fidei
1428 1366 1552 1394 formulis
1566 1377 1597 1395 ac
1612 1377 1678 1396 con-

932 1412 1070 1441 troversiis
1082 1411 1204 1449 quaedam
1216 1412 1340 1446 celarent,
1356 1411 1406 1440 alia
1420 1412 1584 1450 mitigarent,
1598 1412 1679 1451 idque

933 1458 1006 1487 vafre
1020 1465 1045 1486 et
1057 1457 1240 1486 fraudulenter
1263 1464 1334 1486 metu
1357 1458 1570 1497 impendentium
1588 1460 1675 1487 malo-

932 1514 992 1532 rum
1003 1525 1010 1539 ,
1024 1510 1053 1532 ut
1068 1504 1180 1542 paulum
1191 1504 1305 1542 tempori
1315 1504 1498 1532 concederent.
1512 1505 1606 1533 Pestea
1616 1516 1679 1533 vero

932 1560 993 1577 cum
1016 1550 1164 1588 imperante
1189 1550 1359 1586 Constantio,
1376 1561 1430 1578 suge
1457 1557 1534 1578 sectae
1549 1550 1657 1580 addicto
1670 1575 1676 1585 ,

933 1595 1032 1633 majore
1054 1596 1210 1624 fruerentur
1234 1595 1369 1631 libertate,
1386 1596 1488 1624 Filium
1502 1597 1576 1625 Patri
1595 1597 1679 1626 dissi-

932 1641 1040 1677 milem,
1057 1641 1194 1679 ἀνόμοιον,
1214 1641 1322 1679 publice
1337 1648 1362 1670 et
1381 1641 1406 1669 in
1422 1642 1544 1670 formulis
1561 1642 1622 1671 fidei
1637 1643 1679 1672 di-

932 1687 1040 1723 cebant,
1057 1687 1171 1726 indeque
1184 1688 1299 1725 sactum,
1313 1695 1342 1716 ut
1358 1688 1502 1726 Ἀνόμοιοι,
1521 1690 1675 1723 Anomoei,

932 1734 1140 1772 appellarentur.
1164 1735 1248 1762 Erant
1270 1741 1358 1762 autem
1380 1745 1476 1772 magno
1493 1745 1604 1763 numero
1622 1743 1679 1764 tum

932 1779 1098 1814 Antiochiae,
1113 1786 1170 1807 tum
1187 1780 1434 1819 Constantinopoli,
1447 1787 1473 1808 et
1485 1781 1606 1818 quotidie
1616 1792 1678 1811 cum

932 1825 1078 1854 Catholicis
1090 1825 1271 1854 decertabant.
1289 1827 1404 1854 Joannes
1421 1837 1484 1854 vcro
1500 1834 1587 1855 noster
1604 1829 1677 1857 mul-

1717 857 1736 878 T
1760 863 1825 886 inp⁴

1689 888 1770 918 175.a.

1709 1088 1736 1109 T.
1752 1094 1789 1110 11,
1805 1097 1826 1117 p.

1689 1120 1741 1147 „32-

933 1877 972 1900 tas
988 1872 1116 1901 adversus
1139 1872 1200 1900 illos
1216 1872 1354 1901 conciones
1375 1872 1488 1906 habuit,
1511 1883 1607 1914 nempe
1622 1877 1676 1903 An-
1688 1877 1714 1899 T·
1732 1885 1750 1898 ¹-

932 1918 1039 1947 tiochiae
1051 1918 1141 1947 decem
1152 1918 1333 1955 continenter,
1348 1929 1413 1956 quas
1422 1941 1429 1953 ‚
1444 1919 1606 1957 interpositis
1617 1920 1678 1949 aliis

931 1963 1033 1992 diversi
1058 1963 1227 2002 argumenti,
1251 1964 1349 2002 partim
1374 1974 1443 1992 anno
1470 1965 1548 2001 586,
1578 1967 1677 2004 partim

933 2011 1038 2038 incunte
1056 2010 1133 2044 557,
1160 2009 1354 2048 pronuntiavit.
1382 2010 1457 2038 Alias
1476 2021 1581 2049 quoque
1601 2013 1677 2040 annis

932 2056 1103 2094 sequentibus
1118 2056 1257 2084 conciones
1271 2055 1397 2084 habuisse
1417 2055 1542 2093 videtur,
1562 2068 1676 2094 quarum

934 2113 1012 2130 unam
1024 2112 1135 2139 eamque
1147 2101 1280 2140 egregiam
1292 2101 1397 2136 detexi,
1415 2109 1440 2130 et
1452 2112 1466 2130 a
1478 2102 1614 2131 Bentzelio
1625 2114 1675 2132 nu-
1687 2109 1715 2129 T·
1729 2110 1752 2131 G.

932 2160 978 2188 per
993 2149 1091 2178 editam
1107 2149 1199 2177 multis
1214 2149 1240 2177 in
1251 2149 1315 2178 locis
1330 2149 1479 2179 emendavi.

973 2196 1044 2231 Quia
1056 2206 1118 2224 vero
1139 2195 1368 2234 Constantinopoli
1386 2196 1466 2224 etiam
1483 2197 1674 2225 Anomoeorum

931 2241 1079 2279 frequentia
1093 2247 1163 2278 erat3
1178 2240 1307 2277 secunda,
1322 2252 1402 2279 quam
1423 2241 1470 2270 illa
1486 2241 1552 2270 urbe
1574 2243 1675 2271 Praesul

933 2288 1024 2316 habuit
1044 2287 1156 2325 concio,
1181 2293 1271 2315 contra
1290 2288 1429 2315 Anomoeos
1450 2294 1515 2316 erat.
1539 2287 1674 2324 Alteram,

932 2344 1012 2372 quam
1024 2333 1103 2361 etiam
1117 2340 1207 2362 contra
1222 2334 1362 2361 Anomoeos
1376 2333 1604 2373 Constantinopoli
1624 2334 1674 2362 ha—

931 2381 1003 2415 buit,
1020 2380 1184 2408 continenter
1198 2379 1335 2418 posuimus
1346 2402 1354 2413 ,
1370 2380 1492 2417 forteque
1505 2380 1571 2407 alias
1583 2387 1674 2408 contra

931 2427 1070 2455 haereticos
1088 2425 1149 2454 illos
1170 2425 1294 2454 homilias
1309 2425 1380 2454 dixit
1392 2447 1400 2462 ,
1422 2436 1480 2463 quae
1494 2426 1535 2455 vel
1551 2426 1633 2454 latent
1646 2427 1672 2454 in

932 2474 1057 2508 Oriente,
1072 2473 1115 2501 vel
1129 2483 1239 2512 prorsus
1250 2473 1354 2501 amissae
1367 2479 1441 2500 sunt.

971 2521 1093 2548 Anomoei
1111 2529 1142 2548 eo
1155 2519 1329 2557 arrogantiae,
1346 2519 1399 2546 imo
1410 2518 1583 2557 impudentiae
1595 2529 1672 2547 vene-
1686 2523 1823 2551 Tur-437

931 2573 1003 2602 rant,
1017 2572 1046 2594 ut
1060 2565 1178 2594 dicerent
1197 2576 1225 2594 se
1249 2575 1354 2593 omnem
1369 2565 1507 2593 scientiam
1527 2566 1673 2604 accepisse,
1687 2556 1709 2605 ‘¹¹'
1733 2560 1754 2575 “l
1772 2562 1826 2583 '⁴⁰7'

932 2623 1011 2651 seque
1022 2613 1058 2641 ita
1074 2613 1162 2641 Deum
1175 2622 1250 2640 nosse
1261 2633 1268 2646 ‚
1281 2618 1311 2640 ut
1328 2611 1384 2650 ipse
1399 2622 1426 2640 se
1441 2618 1560 2640 noverat.
1574 2612 1675 2641 Filium

1460 2653 1470 2678 1
1480 2654 1497 2681 5
