1950 2922
99 827 126 849 T.
139 826 161 849 8.

258 197 321 232 150
735 211 763 231 s.

251 281 311 299 nem
331 271 481 310 apostolum
507 271 630 299 viderant
653 283 659 298 :
679 271 795 308 itemque
822 270 988 309 Cyprianus,

251 317 406 345 Lactantius
424 323 449 345 et
469 316 602 352 Hilarius,
618 317 694 355 cnjus
709 315 834 355 postremi
850 316 925 343 loeus
939 315 989 343 ob-

250 363 353 391 scurior
364 370 413 391 est.
430 363 493 391 Haec
504 373 582 401 porro
596 361 701 390 dicebat
712 362 920 400 Chrysostomus
931 368 989 389 octo

250 409 356 437 circiter
380 409 441 448 plus
463 409 551 436 minus
573 408 649 435 annis
672 414 732 435 ante
756 406 989 445 quadringentesi—

251 466 326 484 mum
340 465 354 482 a
367 454 473 482 Christo
486 460 546 481 nato
561 463 669 481 annum.
680 453 708 481 Si
723 460 810 481 autem
826 463 881 481 rem
896 453 932 480 ita
944 452 989 480 in-

250 501 384 530 tellexerit
399 501 457 534 ille,
476 506 505 527 ut
521 499 645 538 putavit,
662 510 731 527 anno
746 499 793 527 illo
809 498 990 537 quadringen-

249 547 344 575 tesimo
354 545 483 584 completa
498 546 553 573 sore
564 545 609 573 illa
626 556 671 573 sex
686 555 818 573 annorum
830 545 926 580 millia,
937 555 990 573 non

249 591 404 620 consonabit
425 597 495 619 certe
516 601 576 619 cum
601 591 736 619 communi
759 592 917 620 Graecorum
937 591 991 619 cal-

250 637 322 673 culo,
341 637 388 674 qui
410 644 502 676 putant
520 637 657 665 Christum
678 644 770 665 natum
790 647 845 666 esse
866 647 936 665 anno
956 636 989 664 ab

251 683 316 711 orbe
326 682 434 712 condito
445 684 531 712 5508.
546 685 579 711 At
590 683 722 711 nescimus
733 690 824 711 utrum
835 694 893 712 aevo
902 683 990 722 Chry-

251 728 360 757 sostomi
383 729 418 757 ita
440 736 615 768 supputarent
639 729 740 767 Gracci,
764 736 790 758 et
810 730 912 768 alioqui
939 739 990 758 non

252 781 325 802 tanto
338 774 463 813 scrupulo
479 775 524 803 ille
541 781 774 814 notastcmporum
787 775 875 804 asser-t.

293 820 424 848 Homilias
445 831 551 858 quoque
573 821 600 849 in
623 822 752 850 Joannem
776 821 909 860 octoginta
933 829 991 850 octo

253 876 364 894 numero
384 866 533 894 Antiochiae
556 866 666 903 habuit,
691 867 738 895 ubi
760 878 863 895 novum
883 878 991 906 prorsus

253 911 425 941 concionandi
439 912 533 946 ritum,
549 912 684 941 insolitam
697 912 923 952 deprehendimus
936 913 992 941 dis-

253 958 356 987 serendi
378 958 519 986 rationem.
545 959 655 998 Stylum
681 969 743 987 sane
762 959 886 987 eumdem
907 959 992 987 cerni-

252 1003 474 1040 mus,dictionem
487 1015 596 1042 prorsus
609 1004 738 1042 similem3
751 1005 928 1043 eumdemque
939 1012 993 1033 sta-

253 1050 301 1078 tim
311 1050 480 1088 agnoscimus
492 1050 598 1079 dicendi
610 1051 739 1080 artificem
749 1051 973 1090 Chrysostomum
986 1064 992 1079 z

253 1102 280 1124 tn
295 1096 389 1124 ordine
405 1103 494 1124 autem
511 1103 536 1124 et
556 1097 581 1124 in
605 1097 755 1135 argumenti
774 1098 876 1126 ratione
897 1108 993 1136 magna

252 1152 309 1170 sese
325 1142 403 1170 offert
417 1141 568 1171 diversitas.
590 1143 621 1171 In
636 1143 737 1172 caeteris
751 1154 865 1182 namque
880 1144 906 1172 in
922 1144 993 1173 Scri-

252 1195 359 1226 pturam
372 1198 474 1216 sacram
489 1189 704 1224 Commentariis,
716 1190 888 1227 maximeque
897 1190 923 1218 in
938 1190 989 1218 Ho-

253 1233 336 1262 miliis
357 1233 384 1262 in
403 1233 573 1270 Matthmum,
593 1240 735 1273 postquam
750 1235 919 1273 singulorum
934 1246 994 1263 ver-

254 1289 333 1306 suum
346 1279 451 1307 literam
461 1280 629 1317 explanavit,
641 1280 778 1308 occasione
787 1291 821 1308 ex
835 1281 905 1309 serie
921 1292 993 1310 sum-

254 1330 290 1359 ta,
304 1324 337 1352 ad
350 1335 455 1352 morum
470 1324 640 1363 disciplinam
653 1326 798 1364 spectantia
814 1327 898 1355 multa
914 1327 995 1356 inter-

253 1370 317 1398 serit
339 1382 346 1398 :
367 1377 446 1409 atque
463 1371 488 1399 in
503 1370 555 1399 line
575 1371 759 1409 longissimam
779 1372 994 1402 adhortationem

254 1416 359 1455 adjicit,
385 1427 437 1454 qua
459 1424 484 1445 et
502 1427 644 1456 procerum
667 1425 692 1446 et
712 1419 873 1458 populorum
896 1431 995 1459 pravos

254 1471 342 1491 mores
363 1462 516 1499 insectatur,
539 1470 618 1501 atque
640 1463 677 1492 ad
696 1465 823 1493 virtutem
844 1465 995 1494 adeundam

255 1508 378 1536 stimulos
392 1508 479 1536 addit.
494 1508 524 1537 In
536 1508 609 1537 hisce
619 1516 708 1538 autem
718 1510 744 1538 in
755 1511 887 1540 Joannem
908 1511 995 1540 homi·

256 1553 300 1582 liis
330 1553 383 1582 alio
407 1554 583 1582 concionandi
609 1565 704 1593 genere
731 1556 861 1595 procedit.
892 1557 994 1586 Passim

256 1610 370 1638 namque
378 1607 519 1639 postquam
534 1601 654 1639 singulos
666 1612 758 1631 versus
769 1603 869 1639 attulit,
881 1603 996 1642 illosque

256 1646 373 1674 maxime
381 1657 447 1684 quos
458 1646 603 1676 Catholicis
613 1647 730 1676 haeretiei
742 1649 857 1688 objicere
866 1650 998 1686 solebaut;

256 1691 391 1720 auditores
411 1702 472 1720 suos
489 1692 618 1721 adversus
638 1693 746 1722 illorum
768 1695 887 1733 argutias
910 1703 935 1724 et
954 1707 995 1724 so-

259 1737 392 1776 phismata
409 1738 496 1766 munit
511 1739 682 1777 roboratque,
697 1747 776 1778 atque
795 1748 824 1769 ut
839 1741 930 1770 statim
944 1742 996 1770 de-

258 1783 442 1822 prehenditur,
456 1784 488 1812 iis
502 1785 545 1822 qui
558 1791 649 1813 contra
661 1785 749 1814 hostes
763 1786 918 1826 hujusmodi
928 1798 997 1827 saepe

259 1838 353 1856 manus
369 1829 538 1857 conserebant
551 1840 626 1858 arma
641 1831 783 1859 ministrat.

300 1875 361 1903 Haec
377 1886 455 1914 porro
467 1875 555 1904 nonin
564 1877 689 1905 omnibus
700 1877 819 1907 homiliis
831 1887 974 1908 occurrunt
988 1892 995 1916 3

260 1920 306 1949 sed
324 1921 350 1948 in
367 1921 399 1949 iis
417 1928 532 1955 tantum,
551 1922 597 1950 ubi
612 1933 641 1950 ea
656 1924 766 1953 Joannis
781 1925 837 1953 loca
857 1926 998 1964 explican-

261 1973 318 2002 tur,
334 1977 392 2004 quae
411 1967 452 1995 rel
474 1967 509 1995 ad
531 1969 711 2005 aequalitatem
737 1971 997 2000 consubstantialita-

262 2018 368 2049 temque
384 2013 470 2041 Patris
488 2019 512 2041 et
528 2013 591 2042 Filii
606 2015 773 2053 probandam
788 2024 849 2056 apta
863 2025 935 2053 sunt,
956 2019 999 2047 vel

262 2068 320 2094 qua·
335 2058 369 2085 ab
384 2058 514 2087 haereticis
526 2059 559 2087 ad
573 2060 647 2088 illam
659 2062 873 2101 impugnandam
887 2061 1001 2103 usurpa-

263 2103 370 2131 bantur.
395 2104 449 2132 Ubi
474 2115 537 2133 vero
558 2105 592 2134 de
615 2106 759 2136 divinitate
783 2116 863 2146 atque
885 2111 1001 2139 consub-

263 2148 437 2177 stantialitate
456 2149 519 2177 Filii
540 2161 591 2178 non
607 2151 712 2190 agitur;
729 2153 835 2182 literam
850 2154 895 2183 ille
910 2156 1002 2194 paucis

264 2194 398 2232 explanat.
410 2196 541 2223 Moralem
554 2207 660 2234 quoque
672 2197 845 2238 disciplinam
861 2200 930 2229 inter
943 2211 1003 2229 con-

264 2240 424 2268 cionandum
449 2241 536 2269 rarius
560 2243 684 2281 attingit,
710 2245 915 2284 coucionemque
941 2247 1004 2275 bre-

266 2286 376 2313 vissinia
392 2286 579 2316 adhortatione
600 2290 696 2318 morali
715 2291 815 2320 claudit
835 2303 840 2319 :
862 2293 897 2320 ita
915 2299 944 2321 ut
963 2293 1003 2321 hae

267 2332 293 2360 in
307 2333 437 2361 Joannem
452 2333 599 2369 conciones,
616 2335 727 2364 dimidia
743 2337 798 2366 scre
811 2339 851 2367 sui
866 2346 940 2378 parte
953 2340 1004 2368 mi-

268 2387 343 2405 nores
364 2385 392 2406 ut
414 2378 562 2416 plurimum
584 2380 636 2408 sint
654 2381 779 2411 Homiliis
796 2384 821 2412 in
835 2385 1003 2414 Matthaeuin.

309 2422 442 2461 Quodque
456 2424 591 2462 singulare
605 2433 653 2459 est,
672 2427 749 2456 hasce
764 2429 789 2457 in
802 2431 931 2459 Joannem
943 2442 1004 2459 con-

269 2469 357 2497 ciones
379 2468 493 2497 hahebat
517 2470 734 2509 Chrys-Ostorium,
756 2485 860 2504 summo
884 2488 960 2505 mane
980 2485 1005 2505 ct

268 2516 435 2543 illuccsteute
459 2526 566 2549 aurora,
586 2523 614 2544 ut
640 2519 796 2549 testificatur
820 2523 875 2561 ipse
895 2523 1003 2553 homilia

267 2563 404 2600 trigrsima
421 2562 507 2602 prima
528 2574 555 2601 p.
582 2566 638 2593 182
658 2577 663 2592 :
689 2578 702 2592 «
719 2567 746 2595 Si
763 2579 825 2597 vcro
840 2571 936 2598 mutim·
952 2573 1003 2599 Sa-

267 2609 407 2650 maritana,
433 2622 447 2635 n
475 2609 571 2648 inquit,
593 2623 606 2637 «
630 2618 733 2641 tantum
755 2614 865 2644 adhibet
884 2616 1003 2646 studium

793 210 898 232 joann
908 209 935 230 ts
961 206 1192 230 cunvsosTOMt
1221 202 1297 228 v'rrA
1306 221 1315 237 ,

1044 276 1073 297 ut
1092 268 1159 307 quid
1180 268 1246 296 utile
1263 268 1374 302 ediscat,
1392 274 1417 296 ct
1432 267 1538 296 Christo
1554 267 1663 303 assidet,
1681 267 1784 297 etiamsi

1043 314 1122 342 illum
1143 323 1195 341 non
1219 320 1318 348 noscat,
1341 323 1421 351 quam
1443 323 1491 341 nos
1513 313 1618 341 veniam
1640 324 1784 352 conseque-

1043 370 1112 395 mur,
1129 360 1176 397 qui
1193 359 1280 398 ipsum
1296 360 1432 395 novimus,
1448 359 1494 397 qui
1509 369 1561 387 non
1577 369 1650 388 secus
1661 366 1782 398 puteum.

1044 416 1096 433 non
1112 405 1139 433 in
1149 405 1252 433 deserto
1267 412 1378 441 stamus,
1393 415 1444 433 non
1458 405 1483 433 in
1495 404 1617 441 meridie,
1632 415 1682 433 non
1695 405 1784 433 adusti

1044 451 1177 479 solaribus
1198 451 1295 486 radiis,
1315 451 1360 479 sed
1382 451 1433 479 sub
1455 461 1563 487 aurora,
1584 450 1635 479 sub
1649 450 1700 479 hoc
1718 458 1784 479 tecto

1044 496 1139 525 umbra
1155 497 1271 525 fruimur
1285 504 1309 525 et
1325 497 1442 525 suaviter
1454 497 1569 535 agimus,
1585 507 1670 534 neque
1681 497 1785 535 patien-

1044 549 1083 571 ter
1105 542 1230 571 audimus
1247 542 1457 582 quidpiam‚sed
1479 542 1581 570 desidia
1605 543 1784 581 torpemus?u

1044 588 1129 617 Hasce
1152 599 1213 616 vero
1237 588 1375 616 conciones
1398 588 1566 616 illucescente
1590 597 1697 623 aurora,
1724 597 1784 615 cum

1045 634 1213 668 brevissima,
1242 641 1337 673 praeter
1365 645 1476 668 morem,
1508 634 1603 662 morali
1628 633 1783 672 disciplina,

1045 681 1247 719 pronuntiabat,
1267 691 1299 708 ne
1319 680 1433 708 aliarum
1455 681 1628 714 concionum,
1651 690 1717 718 quas
1737 690 1786 718 per

1045 737 1145 754 annum
1164 726 1293 762 habebat,
1308 733 1332 754 et
1350 737 1409 764 quae
1425 726 1572 754 moralibus
1585 726 1725 765 praeceptis
1740 736 1786 754 re-

1046 773 1216 810 dundabant,
1241 784 1350 802 cursum
1374 773 1565 812 interpellaret.
1592 774 1646 802 Has
1670 784 1733 802 vero
1758 774 1786 801 in

1046 820 1225 859 Evangelinm
1246 820 1357 849 ¹loannis
1373 819 1509 849 breviores
1525 821 1663 849 conciones
1678 820 1711 848 iis
1726 827 1787 848 tan-

1046 873 1103 894 tum
1117 866 1220 895 dixisse
1230 866 1353 903 videtur,
1369 867 1414 904 qui
1429 877 1490 895 cum
1505 867 1636 895 haereticis
1652 873 1787 895 concerta-

1046 919 1114 941 rent.

1927 781 1931 786 “
1945 795 1948 825 t

1946 832 1950 854 l

1087 954 1306 998 Elegantissimas
1321 958 1400 987 etiam
1417 958 1443 987 in
1459 958 1610 998 Epistolam
1626 958 1661 987 ad
1683 960 1786 987 Roma-
1800 945 1950 996 T.9.p.417.ll

1046 1015 1093 1033 nos
1108 1006 1246 1034 cont-‚iones
1264 1005 1413 1034 Antiochiae
1429 1004 1538 1039 habuit,
1554 1012 1583 1033 ut
1597 1004 1703 1043 liquido
1720 1015 1787 1033 con-

1046 1058 1098 1080 stat
1111 1062 1145 1079 ex
1160 1051 1203 1087 iis,
1223 1062 1282 1089 quae
1297 1051 1324 1079 in
1346 1050 1504 1078 praefatione
1518 1050 1649 1079 diximus.
1667 1050 1716 1078 His
1735 1061 1787 1079 au—

1046 1103 1099 1125 tem
1115 1097 1266 1125 accuratius
1280 1095 1471 1125 concinnandis
1483 1106 1590 1135 operam
1605 1096 1680 1125 dedit
1694 1097 1788 1125 doctor

1047 1150 1146 1178 noster,
1168 1143 1230 1181 quia
1246 1143 1273 1171 in
1296 1143 1346 1172 hac
1362 1143 1473 1182 epistola
1489 1143 1588 1172 Paulus
1602 1143 1715 1172 obscura
1733 1142 1789 1171 bu-

1047 1199 1211 1226 manumque
1232 1188 1403 1216 ratiocinium
1424 1188 1613 1227 exsuperantia
1636 1188 1720 1216 multa
1741 1187 1790 1216 ad-

1047 1235 1207 1270 miscuerat,
1232 1245 1291 1272 quae
1316 1234 1452 1273 ingenioso
1473 1244 1504 1262 ac
1525 1240 1633 1262 strenuo
1657 1234 1791 1273 interpre-

1048 1288 1074 1310 te
1087 1292 1154 1320 opus
1168 1281 1278 1310 habent.
1296 1281 1475 1321 Explicandis
1489 1281 1593 1309 arcanis
1613 1281 1667 1310 illis
1689 1289 1791 1321 myste-

1047 1328 1106 1364 riis,
1124 1339 1183 1366 quffl
1201 1328 1301 1368 passim
1321 1329 1348 1356 in
1363 1328 1413 1357 hac
1427 1328 1538 1367 epistola
1553 1335 1714 1363 occurrunt,
1732 1335 1790 1357 tan-

1049 1380 1103 1402 tam
1117 1376 1234 1404 Joannes
1248 1381 1335 1403 noster
1353 1374 1479 1403 adhibuit
1493 1384 1616 1413 operam,
1631 1381 1661 1402 ut
1675 1375 1724 1403 vix
1739 1385 1790 1413 pa-

1049 1431 1105 1449 rem
1126 1421 1153 1449 in
1176 1420 1282 1459 scriptis
1306 1421 1363 1460 ejus
1384 1420 1579 1459 deprehendas.
1605 1420 1682 1448 Certe
1705 1419 1788 1448 multa
1802 1425 1840 1444 ¹2⁹

1049 1466 1077 1494 in
1098 1466 1145 1494 illa
1166 1466 1299 1494 habentur
1317 1466 1386 1494 circa
1406 1465 1520 1504 gratiam
1540 1472 1563 1494 et
1578 1465 1790 1504 praedestinatio-

1049 1522 1122 1548 nem,
1132 1523 1190 1550 quae
1206 1511 1428 1551 peritissimorum
1441 1511 1545 1550 ingenia
1559 1518 1708 1549 exerceant,
1720 1522 1792 1550 quae—

1050 1570 1101 1598 que
1111 1569 1163 1587 non
1174 1559 1232 1587 sine
1242 1559 1347 1587 errandi
1357 1558 1478 1598 periculo
1488 1558 1595 1586 tractari
1604 1565 1726 1597 possunt,
1740 1559 1792 1588 nisi

1050 1615 1146 1644 magna
1168 1605 1256 1634 cautio
1281 1604 1451 1633 adhibeatur.
1480 1604 1554 1632 Hanc
1582 1605 1739 1633 concionum
1764 1604 1791 1633 in

1050 1651 1202 1690 Epistolam
1224 1650 1259 1679 ad
1276 1651 1411 1679 Romanos
1426 1649 1609 1678 collectionem
1624 1649 1715 1688 magni
1729 1650 1793 1679 facit

1050 1696 1169 1725 Isidorus
1182 1696 1328 1731 pelusiota,
1341 1695 1442 1733 aliique
1452 1695 1523 1724 docti
1535 1695 1588 1724 viri
1600 1695 1721 1724 eamdem
1734 1706 1794 1735 pro-

1050 1742 1137 1770 ferunt
1152 1742 1320 1771 sententiam.
1344 1742 1445 1770 Omnes
1465 1741 1580 1779 denique
1604 1741 1647 1769 hic
1666 1741 1793 1779 grandem

1051 1788 1151 1827 ingenii
1178 1788 1366 1822 subtilitatem,
1389 1787 1482 1816 orandi
1507 1787 1565 1815 vim
1585 1793 1611 1815 et
1635 1786 1793 1825 elegantiam

1051 1845 1107 1874 prae
1125 1845 1153 1863 se
1167 1835 1272 1871 serunt,
1290 1840 1370 1872 atque
1386 1833 1505 1862 nativam
1524 1834 1582 1872 ejus
1598 1833 1793 1871 eloquentiam,

1051 1881 1205 1920 stylumque
1220 1881 1320 1909 caeteris
1337 1879 1523 1919 Chrysostomi
1541 1879 1667 1918 operibus
1681 1879 1719 1907 sic
1733 1879 1794 1908 affi-

1051 1937 1122 1958 nem,
1138 1933 1167 1954 ut
1182 1937 1233 1954 non
1250 1927 1285 1954 sit
1299 1935 1381 1954 ovum
1400 1935 1451 1953 ovo
1465 1925 1593 1953 similius.

1089 1972 1162 2000 Inter
1177 1971 1394 2010 praestantissima
1407 1970 1590 2009 Chrysostomi
1608 1980 1688 2009 opera
1701 1980 1791 1999 accen-
1805 1979 1833 2001 T.
1848 1985 1883 2001 ιο.

1054 2026 1146 2047 sentur
1160 2019 1283 2048 Homiliae
1299 2019 1324 2047 in
1339 2018 1489 2057 Epistolam
1505 2024 1648 2055 utramque
1662 2017 1740 2046 Pauli
1757 2017 1793 2046 ad

1055 2065 1224 2100 Corinthios,
1238 2075 1269 2092 ac
1281 2074 1342 2092 cum
1357 2063 1450 2102 primis
1465 2062 1595 2100 elegantia
1616 2069 1642 2090 et
1661 2063 1794 2100 gravitate

1054 2119 1204 2140 concertare
1230 2117 1357 2150 possunt5
1380 2109 1497 2137 maxime
1526 2118 1589 2136 vero
1613 2108 1737 2136 Homiliae
1766 2109 1793 2137 in

1056 2157 1170 2195 primam
1186 2156 1346 2195 Epistolam‚
1362 2165 1427 2193 quas
1442 2153 1568 2183 Homiliis
1590 2154 1625 2181 ad
1648 2153 1794 2182 secundam

1056 2203 1135 2232 multi
1150 2209 1243 2242 putant
1255 2212 1311 2230 esse
1324 2199 1508 2229 anteferendas
1517 2222 1524 2235 ,
1537 2199 1559 2228 si
1572 2206 1663 2238 tropos
1675 2206 1701 2228 et
1714 2210 1795 2228 accu-

1056 2250 1186 2278 rationem
1209 2248 1379 2288 spectaretis.
1398 2247 1428 2275 In
1453 2246 1592 2285 prioribus
1617 2256 1732 2284 namque
1751 2246 1794 2274 di-

1055 2295 1168 2334 ligenter
1180 2294 1268 2323 omnia
1282 2294 1434 2330 fusior-eque
1446 2292 1515 2331 stylo
1530 2291 1715 2330 persequitur,
1729 2292 1795 2320 sali-

1056 2342 1159 2380 busque
1179 2341 1331 2378 frcquentcr
1350 2339 1451 2374 utitur,
1467 2348 1497 2366 ac
1520 2337 1662 2366 minutiora
1684 2347 1795 2376 quaeque

1056 2387 1165 2415 discutit
1177 2399 1186 2425 3
1200 2396 1330 2424 nusquam
1346 2391 1416 2413 certe
1429 2385 1529 2423 majore
1543 2383 1633 2412 studio
1647 2383 1794 2412 elaboratas

1058 2433 1195 2461 conciones
1212 2431 1395 2471 deprehendas
1411 2442 1417 2458 ε
1434 2441 1486 2468 qua
1507 2430 1534 2458 in
1557 2440 1585 2457 re
1604 2430 1714 2458 sortasse
1736 2430 1794 2467 qui-

1057 2479 1119 2507 dam
1137 2478 1259 2507 hodierni
1281 2478 1390 2506 lectores
1407 2476 1559 2504 redundare
1580 2475 1672 2511 illum,
1685 2481 1710 2503 et
1725 2475 1795 2503 ultra

1058 2533 1140 2554 uictas
1163 2534 1361 2562 nonnumquam
1391 2522 1514 2561 progredi
1543 2521 1670 2550 dixerint.
1691 2523 1794 2550 Verum

1057 2572 1120 2603 illc,
1135 2570 1206 2608 qnod
1222 2571 1384 2609 1›1·,rciputui¹
1404 2575 1440 2596 est
1454 2568 1566 2596 oratoris
1581 2578 1696 2603 munus,
1711 2567 1791 2595 audi—

1056 2625 1144 2646 torum
1162 2617 1296 2655 ingenium
1310 2623 1452 2655 etr-aptum
1470 2621 1523 2642 tam
1544 2614 1654 2642 solerter
1670 2613 1791 2652 explora-

1939 1123 1942 1196 l

1940 1198 1942 1278 l
