1950 2922
82 479 142 498 Socr.
155 477 171 498 l.
184 476 205 497 6.

67 517 86 529 t.
97 509 122 531 3.

107 1444 183 1463 Orat-J,
190 1444 213 1463 ize

72 1475 113 1495 arti
125 1479 145 1494 ct
163 1475 212 1501 phi-

72 1506 175 1532 lnwpliize

70 1538 106 1558 ddi
116 1543 213 1563 operam,

206 1566 215 1577 Ὗ

72 1569 171 1630 ⁴{As-illud.
190 1578 216 1618 p.-

87 1637 148 1672 δίη.
160 1651 175 1672 1.
189 1652 211 1673 6.

74 1677 128 1703 ‘13⁴

107 1773 158 1793 tsid.
176 1773 216 1792 Pe-

72 1803 117 1823 lus-
134 1804 173 1824 lib.
193 1810 213 1825 2.

76 1839 140 1862 epist.
154 1836 192 1862 [32.

223 219 284 260 ¹⁰4
675 228 704 249 s.

213 290 247 318 cii
260 290 380 318 debitum
395 290 616 328 apprehenderat,
637 289 673 317 ita
684 295 805 317 constans
819 293 843 313 ct
864 285 947 313 intre—

215 336 295 375 pidus
316 343 382 371 erat,
405 343 432 363 nt
451 346 465 363 a
479 335 614 364 nonnullis
630 357 637 367 ,
652 334 697 371 qui
723 332 763 360 vel
779 331 812 359 ad
830 330 951 358 intimam

216 383 272 420 ejus
298 381 493 420 philosophiam
518 391 568 408 non
586 378 768 418 penetrabant,
786 377 828 404 vel
843 387 903 413 erga
918 376 952 404 il-

217 427 272 455 lum
288 427 356 455 male
370 434 444 454 erant
464 426 548 454 affecti
568 448 575 461 ‚
594 431 620 452 nt
638 431 776 462 protervus
791 429 814 451 et
829 432 955 459 arrogans

219 474 372 501 haberetur.
390 472 429 500 Ad
440 472 506 500 iram
529 481 641 510 pronum
656 470 736 498 fuisse
747 469 817 497 dixit
832 468 955 506 quidam3

220 522 264 548 sed
278 530 311 547 ex
321 529 411 546 eorum
425 528 534 545 numero
547 517 591 544 ille
603 523 649 549 est,
663 516 708 553 qui
720 515 753 543 ad
762 514 864 553 judicia
876 514 959 553 probe

222 565 326 593 serenda
348 574 398 591 non
418 564 590 595 assuefactus,
618 562 749 590 servorem
768 562 795 589 in
818 561 897 589 rebus
914 560 958 588 di-

221 611 291 638 vinis
313 617 339 638 ut
363 608 527 636 iracundiam
545 607 678 636 habuerit.
704 609 744 636 De
753 607 842 635 animo
853 607 909 646 ejus
922 606 957 635 ad

222 657 289 684 iram
314 656 408 693 inagis,
423 666 502 693 quam
528 654 561 682 ad
585 653 771 682 verecundiam
788 664 882 692 prono,
907 653 957 680 hoc

222 712 255 730 ex
278 702 386 730 alterius
402 700 550 729 testimonio
565 701 642 728 refert
658 699 790 735 Socrates,
805 699 852 737 qui
873 699 958 738 pergit

221 754 245 775 et
260 748 297 775 ait
311 759 316 774 :
330 760 343 774 «
355 748 390 776 Et
408 747 442 775 oh
462 747 523 776 vitae
538 746 738 775 sanctimoniam
749 756 801 774 non
814 745 849 774 ita
865 753 959 773 cautus

221 793 290 821 circa
305 794 392 821 futura
406 804 413 829 ;
427 793 461 821 ob
475 793 673 831 simplicitatem
693 802 756 820 vero
768 791 842 819 aditu
859 791 956 819 facilis.

221 838 367 867 Immodica
391 839 470 866 ctiam
491 838 598 866 dicendi
626 838 749 866 libertate
774 837 801 865 in
820 837 960 875 colloquiis

222 885 353 913 utebatur.
368 885 402 913 Et
428 885 454 912 in
478 884 596 912 docendo
619 884 727 922 quidem
743 883 858 911 multum
882 883 960 922 juva-

222 932 267 960 bat
289 931 323 959 ad
348 930 528 958 informandos
544 930 698 958 auditorum
725 940 811 957 mores
827 941 835 965 ;
851 929 876 957 in
893 939 960 958 con-

222 977 355 1015 gressibus
370 988 432 1005 vero
447 977 613 1014 arrogantior
626 975 809 1004 videbaturiis
816 975 862 1013 qui
876 975 960 1014 ipsius

223 1024 341 1051 animum
364 1034 415 1051 non
432 1029 570 1051 noverant.
586 1034 600 1048 »

262 1069 324 1096 Haec
335 1068 453 1096 fortassis
468 1068 602 1098 acerbiora
618 1067 786 1096 videbuntur
799 1078 854 1096 esse
869 1067 901 1096 iis
913 1068 959 1105 qui

222 1114 406 1153 Chrysostomi
421 1113 597 1151 eloquentiam
611 1120 635 1141 et
652 1113 733 1141 animi
749 1112 959 1152 magnitudinem

222 1159 375 1187 mirantur:
395 1170 487 1187 verum
511 1159 537 1187 in
559 1159 655 1187 sanctis
671 1159 745 1187 illam
762 1159 857 1196 agendi
876 1159 961 1187 varie-

224 1212 302 1233 tatem
318 1206 498 1233 observamus.
512 1204 564 1232 Alii
579 1215 693 1242 namque
705 1205 859 1233 divinarum
872 1215 960 1233 rerum

223 1251 313 1279 studio
335 1251 445 1285 incensi,
462 1261 513 1278 non
541 1250 632 1278 habita
660 1258 811 1289 temporum
833 1261 961 1289 persona-

223 1307 336 1334 rumque
348 1297 448 1324 ratione
471 1296 503 1323 ad
521 1306 606 1323 mores
632 1296 812 1324 informandos
841 1297 962 1324 feruntur

224 1342 378 1370 ardentius:
400 1342 447 1370 alii
470 1349 498 1369 ut
512 1341 656 1369 dissolutos
687 1349 853 1381 compescant
875 1353 961 1371 mores

223 1389 342 1417 doctrina
357 1389 437 1417 simul
453 1394 565 1416 utuntur
579 1395 603 1416 et
618 1394 683 1415 arte.

264 1435 294 1463 In
310 1435 458 1472 eloquentia
470 1442 494 1462 et
510 1434 624 1462 oratoria
640 1441 696 1462 arte
714 1433 849 1462 doctorem
869 1434 963 1463 habuit

226 1481 368 1510 Libanium
383 1504 390 1516 ‚
405 1481 430 1508 in
457 1480 626 1519 philosophia
647 1491 708 1508 vcro
731 1481 943 1519 Andr-agathium
956 1505 963 1517 ‚

226 1534 349 1556 narrante
374 1528 490 1555 Socrate.
504 1527 576 1554 Licet
600 1537 678 1565 porro
692 1534 834 1564 antequam
863 1528 964 1566 vigesi-

226 1584 300 1601 mum
312 1584 410 1601 annum
421 1573 558 1610 attigisset,
569 1572 603 1600 de
618 1572 776 1611 capessenda
793 1573 847 1600 vita
870 1584 965 1602 mona-

225 1620 289 1648 stica
314 1630 382 1657 saJpe
397 1618 542 1657 cogitaret,
563 1618 694 1646 abductus
706 1641 713 1653 ‚
730 1625 760 1646 ut
784 1618 890 1646 videtur
904 1642 911 1654 ‚
932 1619 965 1647 ab

225 1665 346 1694 oraim-im
374 1665 437 1693 artis
465 1671 490 1692 et
513 1664 689 1703 philosophia:⁸
707 1665 806 1697 studio,
827 1664 966 1693 theatrales

226 1711 303 1740 ludos
320 1711 483 1748 frequentare
500 1710 590 1748 coepit,
607 1716 632 1737 et
654 1711 680 1737 in
696 1710 751 1737 foro
765 1710 907 1738 oratoriam
926 1722 966 1738 ar-

227 1764 279 1786 tem
312 1757 441 1786 excrcuit.
470 1755 681 1784 Declamationes
714 1755 807 1783 habuit
841 1757 939 1784 multas
957 1779 966 1793 ‚

229 1813 360 1840 unamque
380 1802 452 1830 misit
475 1801 590 1829 Libanio
606 1801 631 1829 in
654 1801 758 1829 laudem
779 1801 969 1840 imperatorum

227 1848 427 1882 concinnatam,
444 1857 524 1884 quam
538 1847 573 1874 ita
587 1847 701 1874 celebrat
721 1846 888 1874 Libanius:«
900 1849 967 1876 Cum

229 1905 353 1932 magnam
366 1901 438 1922 tuam
447 1900 471 1921 et
485 1893 630 1931 elegantem
642 1894 788 1921 orationem
800 1894 968 1932 accepissem,

229 1941 294 1969 viris
309 1939 468 1978 quibusdam
486 1949 543 1966 eam
563 1938 625 1976 legi,
640 1938 686 1975 qui
714 1938 879 1966 orationibus
904 1939 968 1967 dant

229 1997 352 2025 operam:
368 1995 482 2023 quorum
505 1984 596 2012 nullus
620 1991 675 2012 erat
700 1984 745 2021 qui
766 1994 816 2012 non
847 1985 968 2020 saltaret,

230 2032 371 2060 clamorem
394 2030 492 2065 ederet,
513 2040 595 2068 eaque
608 2029 696 2058 omnia
719 2030 823 2064 faceret,
840 2041 899 2068 qua:
921 2031 968 2059 ho—

231 2077 315 2106 mines
347 2076 522 2105 admiratione
547 2075 662 2114 perculsi
684 2075 769 2104 facere
794 2075 887 2104 solent.
912 2076 968 2115 Ego

233 2124 315 2161 igitur
330 2123 465 2161 voluptate
484 2122 593 2149 affectus
606 2131 665 2149 sum
680 2144 687 2156 ,
703 2120 774 2158 quod
794 2121 826 2149 ad
840 2122 969 2150 sorensem

232 2175 315 2196 artem
330 2168 510 2196 cxhihendam
534 2166 770 2194 demonstrationes
796 2178 900 2205 quoque
923 2168 971 2196 ad»

230 2215 338 2253 jungas.
356 2213 433 2250 Atqui
447 2221 471 2240 et
484 2220 508 2241 te
522 2213 630 2240 beatum
642 2212 772 2251 praedico,
785 2214 831 2251 qui
851 2213 886 2241 ad
900 2214 971 2242 hunc

236 2260 346 2287 modum
371 2258 478 2286 laudare
506 2269 605 2295 queas3
632 2259 746 2296 itemque
769 2269 812 2287 eos
827 2260 873 2297 qui
892 2260 971 2288 talem

236 2316 383 2345 praeconem
399 2305 467 2332 nacti
484 2311 559 2340 sunt3
576 2304 626 2332 hoc
640 2311 677 2332 est
692 2312 715 2332 et
729 2312 842 2343 patrem,
859 2306 904 2344 qui
920 2307 973 2334 lin-

236 2352 340 2390 perium
353 2350 442 2385 dedit,
457 2357 481 2378 et
502 2350 571 2378 lilios
589 2350 635 2387 qui
655 2358 825 2389 acceperunt.
839 2363 853 2377 »

276 2398 366 2434 Neque
383 2396 479 2423 mirum
492 2395 629 2424 videbitur
654 2395 685 2423 iis
701 2397 746 2433 qni
771 2397 812 2425 vel
831 2404 972 2436 extempo-

236 2444 304 2472 rales
319 2441 503 2481 Chrysostoiui
516 2441 596 2469 nostri
619 2441 751 2469 orationes
770 2442 880 2470 laudant
893 2450 917 2470 et
928 2453 973 2470 ce-

236 2490 337 2517 lebrant
350 2511 356 2523 ,
374 2489 394 2516 si
411 2495 494 2516 oratio
507 2487 598 2515 isthaec
609 2509 615 2521 ,
628 2497 708 2524 quam
725 2494 780 2515 arte
795 2495 818 2516 et
839 2489 974 2516 urbanita-

234 2544 259 2564 tc
287 2538 424 2564 limaverat
441 2557 447 2569 ‚
472 2533 582 2561 Libanio
610 2533 762 2570 caeterisque
773 2534 923 2561 oratoribus
938 2535 973 2562 ita

235 2581 374 2620 placuerit.
393 2581 422 2608 ln
439 2580 470 2607 iis
487 2590 548 2607 vero
569 2579 646 2606 ctiam
659 2601 666 2614 ,
680 2589 747 2616 quas
775 2579 864 2607 studio
889 2580 973 2608 multo

236 2629 385 2664 (ruminum,
407 2627 477 2655 nulla
498 2636 623 2664 nmquam
648 2626 763 2664 suspicio
792 2628 971 2665 apparationis

733 225 872 249 Jomets
900 223 1138 246 cuttYSOSTOMt
1167 224 1261 255 VITA,

1007 292 1031 312 et
1046 285 1196 314 artificiosae
1212 285 1358 325 diligentiae
1379 285 1504 322 nascitur,
1519 286 1590 324 quod
1605 293 1643 315 est
1655 293 1743 315 orato-

1009 340 1044 358 ris
1058 340 1155 358 summi
1171 341 1276 359 munus.

1048 376 1116 413 Quae
1131 387 1192 404 vero
1204 383 1293 404 narrat
1308 375 1514 414 Chrysostomus
1526 376 1553 404 in
1569 376 1637 406 libro
1653 376 1687 406 ad
1697 377 1746 407 Vi-

1008 421 1089 450 duam
1108 423 1242 460 juniorem
1259 422 1373 456 Tomol,
1388 433 1413 460 p.
1430 423 1497 457 540,
1515 422 1548 450 de
1568 423 1680 452 Libanio
1695 424 1746 452 for-

1008 479 1054 498 san
1084 468 1256 507 intelligenda
1288 468 1439 497 videantur.
1469 469 1513 497 Ait
1541 469 1587 498 itte
1611 469 1746 498 doctorem

1009 525 1086 543 suum
1101 537 1107 549 ,
1121 514 1167 552 qui
1191 514 1337 542 admodum
1367 514 1566 553 superstitiosus
1591 522 1647 543 erat
1668 522 1747 553 atque

1010 561 1115 600 gentilis
1130 583 1137 597 ‚
1153 561 1281 599 quosdam
1307 561 1481 599 interrogasse
1506 562 1646 600 cujusnam
1674 562 1748 590 filius

1011 614 1077 635 esset
1103 608 1227 636 Joannes.
1242 606 1444 646 Responderunt
1470 606 1528 642 illi,
1545 607 1642 636 Viduae
1657 607 1748 646 cujus-

1010 653 1073 681 dam
1086 664 1141 681 csse
1153 653 1250 681 filium.
1267 653 1340 681 Tum
1354 653 1399 681 ille
1418 654 1554 691 quaesivit,
1572 655 1648 692 cujus
1664 653 1749 682 aetatis

1013 706 1079 727 esset
1102 706 1193 734 mater,
1206 705 1255 727 eta
1267 705 1364 736 quanto
1380 706 1497 738 tempore
1510 699 1592 729 vidua
1607 706 1683 728 esset.
1701 700 1750 728 Re-

1013 752 1116 784 ponunt
1133 745 1171 773 illi
1186 744 1362 783 quadraginta
1377 756 1506 773 annorum
1529 756 1584 774 esse
1611 752 1723 773 matrem
1741 767 1749 781 ,

1013 797 1038 819 et
1056 791 1111 829 jam
1129 791 1287 827 vigesimum
1300 789 1440 818 viduitatis
1459 801 1559 819 annum
1570 801 1656 829 agere.
1673 791 1751 819 Tunc

1013 837 1144 865 exclamat
1158 837 1217 865 ille:
1230 837 1320 876 Papae,
1337 837 1427 874 quales
1442 837 1565 865 mulieres
1579 838 1652 876 apud
1671 837 1753 865 Chri—

1013 883 1111 911 stianos
1127 890 1188 911 sunt
1205 881 1211 911 l
1226 884 1322 917 Tanta,
1341 882 1429 921 pergit
1451 883 1659 922 Chrysostomus
1673 903 1681 914 ,
1699 893 1752 911 non

1014 928 1092 957 modo
1108 929 1179 968 apud
1197 939 1257 964 nos,
1272 928 1317 957 sed
1335 929 1415 956 etiam
1429 928 1501 967 apud
1514 928 1624 967 gentiles
1635 927 1753 957 viduita-

1015 973 1048 1002 tis
1059 974 1116 1003 laus
1128 982 1166 1003 est
1183 981 1208 1002 et
1224 974 1376 1003 admiratio.

1055 1021 1151 1049 Narrat
1170 1020 1302 1058 Georgius
1320 1019 1528 1054 Alexandrinus,
1543 1021 1674 1049 Joannem
1700 1029 1754 1048 no-

1014 1073 1099 1095 strum
1111 1066 1223 1105 juvenili
1238 1073 1314 1094 aetate
1329 1066 1483 1101 florentem,
1502 1066 1617 1094 Athenas
1644 1076 1671 1094 se
1697 1076 1756 1094 cou-

1015 1110 1116 1144 tulisse,
1129 1117 1157 1138 ut
1172 1121 1204 1138 ne
1217 1110 1282 1147 quid
1298 1110 1323 1137 in
1341 1109 1430 1137 studio
1452 1109 1657 1148 disciplinarum
1684 1116 1754 1137 retro

1015 1156 1173 1192 relinqueret
1188 1167 1197 1192 3
1215 1162 1293 1193 atque
1308 1155 1334 1182 in
1351 1155 1400 1182 ista
1421 1155 1486 1182 urbe
1501 1155 1538 1182 ita
1559 1154 1711 1193 profecisse,
1727 1161 1756 1183 ut

1015 1211 1106 1229 omncs
1118 1201 1226 1229 omnino
1237 1208 1383 1239 superaret,
1397 1200 1423 1228 iu
1435 1211 1512 1238 seque
1523 1202 1667 1228 concitaret
1677 1201 1758 1229 Athe-

1016 1247 1413 1275 niensiumiuvidiam.Verum
1429 1246 1486 1274 haec
1501 1253 1589 1274 narrat
1615 1256 1685 1274 unus
1711 1246 1756 1274 ille

1018 1293 1150 1331 Georgius
1173 1292 1313 1327 fabulator,
1333 1302 1412 1329 quem
1434 1298 1522 1320 monet
1541 1291 1653 1320 Photius
1672 1293 1758 1321 omni-

1018 1349 1051 1366 no
1072 1339 1274 1378 despiciendum
1290 1349 1356 1373 esse,
1371 1338 1477 1376 quando
1492 1338 1591 1366 scilicet
1612 1349 1642 1367 ea
1661 1339 1756 1375 refert,

1019 1395 1077 1423 qua:
1099 1396 1113 1412 a
1130 1385 1232 1412 caeteris
1247 1384 1423 1423 scriptoribus
1436 1394 1493 1413 aevo
1504 1384 1687 1424 Chrysostomi
1701 1395 1761 1425 pro-

1019 1442 1113 1467 xmus,
1130 1441 1182 1459 non
1195 1438 1386 1459 memorantur.

1058 1478 1125 1506 Erat
1150 1487 1229 1515 porro
1254 1476 1294 1504 illi
1317 1486 1377 1504 cum
1392 1476 1491 1514 juvene
1511 1475 1646 1514 quodam,
1660 1476 1776 1517 cuiun-y

1021 1535 1079 1553 men
1100 1524 1218 1553 Basilius
1233 1546 1240 1558 ,
1254 1530 1325 1552 arcta
1341 1523 1537 1560 colloquiorum
1561 1524 1671 1552 societas
1688 1535 1694 1552 :
1712 1523 1757 1562 qui
1768 1521 1876 1571 {mmm

1022 1570 1137 1599 Basilius
1150 1570 1308 1599 Christianis
1322 1569 1442 1597 imbutus
1455 1570 1603 1608 praeceptis,
1620 1577 1644 1598 et
1655 1571 1689 1598 ad
1700 1581 1759 1608 per·
1773 1576 1888 1602 pristinam

1022 1617 1114 1645 sectius
1131 1617 1193 1644 vitae
1213 1626 1295 1653 genus
1307 1615 1445 1649 anhelans,
1460 1615 1493 1643 ad
1519 1626 1609 1654 parem
1634 1616 1695 1644 vitae
1722 1626 1763 1644 ra·
1773 1610 1915 1657 “sszcglauez-

1023 1664 1121 1691 tionem
1129 1664 1258 1692 Joannem
1271 1662 1386 1689 amicum
1398 1661 1503 1689 allicere
1514 1668 1562 1690 eta
1572 1661 1629 1689 foro
1642 1661 1763 1689 retrahe—
1773 1667 1834 1688 douo
1844 1667 1860 1688 1.
1878 1673 1897 1688 ι.

1023 1720 1050 1737 re
1061 1707 1234 1737 contendebat
1246 1708 1421 1742 :demumque
1433 1706 1461 1734 id
1471 1706 1544 1744 quod
1556 1706 1681 1745 cupiebat
1692 1717 1762 1735 asse·
1773 1696 1882 1750 ‘'S'‘ffmm·
1897 1728 1916 1750 ¹.

1022 1761 1121 1792 quutus
1131 1761 1179 1782 est.
1195 1753 1281 1792 Hujus
1297 1753 1367 1781 enim
1380 1752 1520 1790 colloquiis
1535 1760 1667 1781 recreatus
1678 1754 1762 1782 Joan—
1774 1761 1796 1781 Β.
1817 1768 1836 1781 -·.
1850 1767 1872 1781 ε.

1024 1811 1068 1828 nes
1076 1811 1102 1828 se
1111 1800 1145 1828 ad
1155 1799 1264 1838 pristina
1275 1799 1379 1837 pietatis
1387 1798 1475 1826 studia
1484 1799 1763 1827 revocavit:acmuta-
1775 1792 1850 1844 “JK‘'
1863 1792 1881 1813 ¹·
1891 1789 1915 1812 6·

1024 1854 1050 1874 ta
1063 1853 1135 1874 veste
1147 1857 1159 1873 a
1172 1846 1229 1873 foro
1241 1852 1266 1873 et
1277 1845 1398 1873 oratoriae
1409 1844 1473 1872 artis
1483 1844 1617 1873 exercitiis
1626 1845 1764 1881 abstinuit,

1024 1892 1214 1929 lectionemque
1226 1891 1425 1929 Scripturarum
1439 1897 1465 1918 et
1477 1890 1636 1919 Cliristianae
1647 1891 1709 1919 vitae
1723 1890 1765 1919 of-

1025 1938 1085 1966 ficia
1105 1937 1256 1975 amplexus,
1274 1943 1394 1964 sanctum
1410 1936 1561 1974 disciplinae
1573 1946 1666 1974 genus,
1680 1947 1695 1964 a
1711 1946 1764 1974 quo

1024 1993 1171 2020 numquam
1187 1990 1275 2021 postea
1291 1982 1402 2018 destitit,
1418 1981 1484 2009 inire
1503 1982 1595 2021 coepit.

1064 2030 1129 2057 Erat
1151 2035 1214 2056 tunc
1236 2028 1384 2056 Antioehiae
1402 2027 1542 2066 episcopus
1570 2027 1706 2063 Meletius,
1723 2027 1765 2055 vir
1788 2036 1842 2057 Pati.
1856 2036 1915 2059 nial,

1023 2075 1160 2103 sanctitate
1185 2074 1353 2112 conspicuus,
1373 2074 1418 2111 qui
1435 2084 1496 2101 cum
1518 2073 1620 2101 videret
1635 2074 1763 2102 Joannem
1776 2075 1798 2095 P'
1821 2070 1859 2095 4⁰·
1876 2070 1916 2095 ΙΙΙ·

1023 2123 1148 2159 juvenem
1165 2121 1270 2158 ingenio
1281 2127 1306 2148 et
1319 2119 1424 2157 egregia
1442 2119 1530 2147 indole
1548 2119 1657 2157 pollere,
1675 2120 1764 2159 ipsum

1026 2166 1059 2194 ad
1070 2167 1231 2195 consortium
1250 2173 1274 2193 et
1290 2165 1420 2203 colloquia
1437 2175 1484 2192 sua
1505 2165 1655 2202 frequenter
1668 2165 1766 2194 admit-

1802 1481 1819 1503 Δ
1832 1481 1913 1502 Βεεςίῗὶο

1788 1520 1850 1533 iveni!
1861 1513 1889 1533 :id

1027 2213 1108 2248 tebat,
1120 2222 1234 2250 cumque
1250 2211 1284 2240 de
1306 2211 1351 2239 illo
1369 2221 1492 2249 magnam
1515 2221 1589 2249 spem
1604 2211 1765 2250 conciperet,

1028 2269 1058 2287 ac
1074 2258 1238 2298 prophetico,
1254 2264 1282 2285 ut
1299 2257 1384 2292 aiunt,
1400 2257 1494 2296 spiritu
1517 2257 1551 2284 ad
1564 2257 1662 2295 majora
1682 2257 1766 2286 desti—

1029 2312 1120 2333 natum
1141 2311 1322 2343 praenosceret,
1348 2314 1406 2331 cum
1427 2314 1473 2342 per
1498 2310 1549 2331 tres
1572 2314 1654 2332 annos
1678 2315 1766 2333 secum

1029 2358 1151 2380 versatus
1165 2357 1239 2385 esset,
1256 2350 1341 2389 ipsum
1354 2349 1429 2388 prius
1444 2360 1518 2377 sacro
1532 2349 1639 2378 lavaero
1654 2350 1768 2379 tinctum

1029 2397 1153 2425 lectorem
1165 2396 1311 2425 ordinavit.
1333 2396 1475 2433 Postquam
1491 2402 1579 2423 autem
1602 2395 1766 2434 baptismum
1794 2404 1917 2432 Baptizatur

1030 2442 1128 2482 accepit
1142 2465 1150 2477 ,
1168 2442 1253 2480 inquit
1266 2441 1401 2469 Palladius
1414 2463 1421 2474 ‚
1436 2451 1582 2478 numquam
1603 2440 1645 2469 vel
1656 2441 1757 2480 juravit

1779 2441 1800 2456 et
1813 2435 1890 2456 Lector

1401 2485 1405 2489 .
1588 2486 1592 2490 ,
1723 2487 1728 2491 ,
1761 2465 1767 2477 ⁷
1780 2467 1896 2487 ordinatur

1031 2488 1072 2517 vel
1086 2488 1200 2527 alicujus
1212 2487 1286 2515 sainae
1302 2487 1419 2514 detramt
1431 2509 1439 2521 ,
1454 2485 1494 2514 vel
1513 2492 1650 2519 mentitus,
1667 2487 1708 2514 vel
1722 2498 1768 2515 im·
1779 2505 1835 2518 anno
1855 2497 1923 2526 circig

1780 2533 1812 2548 ter
1823 2527 1877 2555 369.

1461 2579 1465 2583 .
1794 2559 1851 2579 Patt.
1863 2558 1918 2579 Dial.

1070 2583 1141 2609 Dum
1154 2581 1244 2609 Basilii
1257 2580 1339 2617 igitur
1353 2586 1484 2607 consortio
1498 2579 1621 2616 frequens
1634 2579 1918 2617 f1·ueietnrp,.g3..33,

1029 2635 1052 2656 et
1077 2627 1155 2655 ambo
1176 2627 1208 2655 tle
1229 2627 1309 2655 rebus
1329 2625 1428 2655 divinis
1452 2625 1583 2663 colloquia
1607 2620 1908 2673 miscerent,dffiossfisz

1030 2541 1151 2572 precatus
1165 2541 1203 2561 est
1216 2556 1223 2568 ,
1240 2533 1281 2561 vel
1299 2532 1404 2560 facetias
1422 2532 1534 2559 libenter
1547 2531 1658 2570 excepit.
