1884 2922
716 206 817 228 lxntx
846 205 956 228 RERUM
968 220 974 227 .

76 269 182 308 plenam
215 275 346 298 annuente
364 270 431 298 Deo.
450 271 495 298 ΙΙ).
510 277 536 298 et
564 270 679 298 Doinino
702 278 818 307 natura),

75 313 111 341 ad
132 324 211 352 quem
235 313 400 350 confugerat.
425 321 470 343 tv.
493 319 597 343 8214.
621 318 699 343 Anna
721 315 820 344 sterilis

76 364 158 385 mater
172 358 262 386 effecta
285 357 384 386 indicat
402 359 490 386 Deum
515 359 595 387 etiam
617 365 718 387 naturae
743 369 820 398 posse

77 408 258 430 transmovere
283 401 381 430 limites
405 403 430 430 in
456 403 570 441 gratiam
596 402 751 431 humilium.
784 409 816 431 V.

78 450 142 473 3⁷18.
158 457 182 473 Β.
201 449 276 474 Anna
305 446 452 475 celebratur
473 447 572 485 ubique
587 447 707 484 gentium
719 470 727 481 ,
743 447 818 475 item-

78 499 130 526 que
146 489 172 517 iu
196 489 312 528 oppidis,
330 490 355 518 in
373 491 459 528 agris,
473 491 499 518 in
514 490 653 527 domibus,
670 491 696 519 in
711 490 815 527 castris,

78 534 104 560 iu
130 533 260 568 navibus,
275 535 300 561 in
323 534 448 563 officinis.
467 542 512 563 lv.
536 539 599 562 850.
619 538 700 563 Αῃηῑε
717 534 817 563 sacrifi-

77 577 149 605 cium
174 585 343 616 comparatur
365 589 426 605 cum
450 578 592 607 sacerdotis
612 578 752 607 sacrificio.
769 585 814 606 IV.

77 626 141 649 840.
154 634 180 650 Α.
198 626 274 650 Anna
288 622 354 649 sacta
369 621 552 650 sacerdotissa.
570 629 615 650 lv.
632 626 695 650 841.

117 669 195 693 Λλ-λί
207 665 251 694 die
264 666 351 704 primo
362 665 501 694 diabolicae
515 666 734 705 pernoctationes,
749 675 816 693 con-

76 709 166 745 vivia,
183 709 335 737 saltationes
359 709 468 737 fiebant.
488 716 496 737 1
533 713 598 737 855.
616 719 642 737 c.
657 709 728 737 Anni
754 719 816 737 cen-

76 759 133 781 tum
162 753 267 791 viginti,
283 753 328 790 qui
353 759 534 781 memorantur
557 752 584 780 in
613 752 724 780 historia
747 753 814 787 Noe,

76 806 128 824 non
144 796 310 835 intelligendi
327 796 361 825 de
384 796 497 824 termino
516 796 579 824 vitae
593 796 734 824 hominum
746 818 753 831 ‚
769 795 816 824 sed

75 840 109 867 de
122 840 208 879 spatio
227 840 289 868 dato
301 839 334 867 ad
349 839 569 877 resipiscentiam.
583 846 628 868 IV.
645 843 708 867 234.
723 851 748 867 Α.
765 840 817 867 Vi-

75 884 112 911 de
137 890 237 911 notam
265 885 291 911 b.
322 890 366 911 lv.
388 887 453 910 233.
470 883 570 910 Annia
585 882 687 910 visione
700 883 816 911 Abrahae

76 937 160 964 usque
175 927 210 954 ad
225 936 359 964 egressum
375 935 408 953 ex
425 925 542 964 AEgypto
561 933 744 954 numerantur.
768 933 812 955 IV.

76 975 141 998 436.
157 981 182 998 c.
200 975 264 998 437.
285 970 356 997 Vide
372 975 471 997 notam
488 980 515 997 a.
541 976 586 998 lv.
614 974 678 998 437.
695 970 766 998 Anni
782 970 816 998 ab

75 1013 149 1042 exitu
161 1024 195 1042 ex
205 1013 322 1052 AEgypto
331 1013 365 1041 ad
375 1012 521 1041 adventum
536 1013 635 1041 Christi
647 1013 722 1042 mille
734 1014 816 1052 quin-

75 1058 147 1094 genti
163 1065 187 1086 et
203 1058 302 1097 plures.
319 1064 350 1085 v.
369 1062 414 1085 99.
433 1068 458 1084 A.
476 1068 501 1084 n.
520 1057 591 1085 Anni
606 1058 713 1086 trecenti
734 1068 816 1086 nona-

74 1102 147 1138 ginta
163 1108 277 1140 quatuor
290 1111 305 1128 a
326 1101 397 1138 Cyro
410 1099 444 1129 ad
459 1100 622 1129 Antiochum
646 1101 815 1140 Epiphanem

76 1153 259 1174 numerantur.
278 1152 297 1173 1.
314 1150 380 1174 787.
399 1156 424 1172 B.
442 1144 512 1173 Anni
530 1145 591 1183 plus
607 1146 726 1184 quinque
742 1146 816 1175 mille

74 1201 88 1217 a
106 1196 211 1229 peccato
228 1189 327 1218 Adami
348 1189 431 1228 elapsi
446 1195 520 1217 erant
537 1199 594 1218 aevo
617 1189 813 1228 Chrysostomi.

74 1241 108 1262 Χ.
124 1238 170 1262 87.
188 1245 214 1262 ε.
230 1237 322 1261 Annos
344 1232 385 1260 bis
407 1232 480 1260 mille
500 1239 636 1271 computat
656 1233 816 1272 Chrysosto-

74 1288 134 1306 mus
145 1278 180 1306 ab
195 1276 321 1306 inccndio
337 1275 473 1305 Sodomae.
489 1283 509 1306 1.
529 1281 591 1304 109.
608 1287 634 1304 c.

113 1325 253 1350 Annum.
272 1321 369 1348 Contra
384 1330 427 1348 eos
445 1320 471 1348 S.
495 1319 680 1358 Chrysostomi
699 1319 816 1349 homiliae

73 1365 210 1403 quinque,
229 1365 264 1394 de
279 1364 568 1401 Incomprehensibili
584 1365 641 1392 Dei
656 1371 773 1392 natura.
792 1372 813 1393 1.

74 1415 138 1438 542.
156 1410 253 1438 Contra
274 1411 416 1437 Anomoeos
441 1407 584 1436 secundam
608 1409 753 1436 orationem
769 1408 816 1436 ha-

73 1453 133 1482 buit
150 1453 358 1492 Chrysostomus
385 1451 463 1489 longe
485 1458 545 1490 post
569 1451 694 1490 primam.
712 1459 732 1480 1.
751 1456 814 1480 553.

72 1508 101 1526 n.
119 1508 146 1525 E.
163 1497 223 1525 Alia
239 1496 351 1524 homilia
374 1502 464 1523 contra
487 1495 603 1524 eosdem.
622 1503 641 1523 1.
659 1500 723 1523 661.
740 1499 816 1524 Ano-

73 1541 136 1569 inoei
159 1540 237 1569 multi
260 1539 433 1568 concionibus
452 1539 635 1578 Chrysostomi
651 1538 771 1567 aderant.
791 1547 811 1568 Ι.

74 1590 138 1613 551.
163 1596 190 1612 E.
215 1591 261 1612 ΙΙΙ.
283 1589 327 1612 19.
352 1596 376 1611 Α.
395 1588 441 1612 20.
459 1595 483 1612 Α.
508 1583 635 1611 Dicebant
658 1593 686 1611 se
709 1593 814 1611 omnem

70 1628 210 1657 scientiam
244 1628 385 1666 accepisse.
419 1635 439 1656 1.
468 1631 531 1655 547.
554 1637 583 1654 n.
620 1637 684 1665 sqq.
712 1626 814 1655 Eorum

70 1672 182 1701 insania.
198 1679 216 1700 1.
235 1677 296 1700 550.
313 1682 342 1700 D.
359 1671 490 1700 Dicebant
512 1681 540 1698 se
554 1681 629 1698 nosse
645 1672 732 1699 Deum
745 1671 813 1699 sicut

70 1717 154 1756 seipse
167 1723 287 1745 noverat.
312 1723 333 1744 1.
355 1720 419 1744 557.
445 1726 473 1744 n.
497 1722 554 1743 Vll.
570 1719 635 1743 837.
653 1726 677 1742 A.
696 1725 720 1742 Β.
740 1722 809 1743 vm.

70 1766 134 1789 108.
159 1772 187 1789 ι).
207 1765 270 1789 109.
288 1759 365 1787 Clare
388 1760 476 1787 Deum
501 1769 577 1787 nosse
605 1758 738 1787 dicebant.
765 1766 809 1787 VI.

67 1809 114 1832 78.
132 1815 159 1833 c.
176 1803 299 1832 Anomoei
314 1803 448 1838 dicentes,
464 1813 496 1831 an
510 1802 617 1840 ignoras
638 1801 711 1840 quod
726 1802 811 1831 colis?

67 1849 226 1876 refutantur.
245 1855 266 1878 1,
285 1852 348 1876 596.
366 1858 390 1875 B.
406 1847 544 1875 Curiosius
563 1845 596 1874 de
612 1847 668 1874 Deo
690 1846 811 1884 inquire-

67 1891 140 1920 bant.
157 1899 176 1922 1.
192 1896 256 1920 557.
274 1902 298 1920 B.
317 1895 507 1919 Anomoeorum
531 1890 654 1918 haeresim
679 1889 810 1929 plantavit

66 1935 267 1964 ratiociniorum
296 1934 479 1973 intempestiva
494 1934 643 1962 curiositas.
659 1941 680 1963 1.
701 1938 764 1962 566.
781 1945 807 1962 Α.

68 1978 261 2007 Contendentes
279 1989 307 2006 se
322 1978 373 2006 Dei
390 1988 467 2006 nosse
490 1984 611 2005 naturam
627 1977 807 2015 exagitantur.

69 2030 100 2051 V.
115 2028 161 2051 93.
178 2034 204 2050 A.
221 2034 244 2050 B.
268 2027 332 2050 555.
350 2033 375 2049 c.
401 2029 446 2050 Vl.
473 2026 535 2050 125.
550 2032 575 2049 c.
591 2021 641 2049 Dei
668 2021 808 2050 essentiam

66 2067 198 2095 curiosius
210 2073 366 2100 scrutantes,
382 2065 588 2103 redarguuntur.
603 2073 623 2094 Ι.
642 2070 706 2094 675.
720 2077 746 2094 n.
760 2073 804 2095 VI.

68 2115 131 2139 195.
149 2121 175 2138 c.
191 2121 220 2140 1).
239 2110 371 2138 Dicebant
386 2109 524 2137 Christum
539 2120 691 2148 supremam
707 2110 809 2138 serendi

62 2154 197 2192 judicium
213 2161 367 2192 potestatem
383 2164 434 2181 non
450 2153 555 2181 habere.
572 2161 592 2181 1.
610 2158 674 2181 632.
691 2166 716 2181 Α.
734 2155 808 2182 Con-

65 2198 193 2226 futantur.
213 2199 257 2226 lb.
286 2197 417 2225 Dicebant
449 2197 550 2225 Filium
571 2207 623 2225 non
640 2207 695 2225 esse
717 2209 807 2236 aequa—

63 2242 117 2270 lem
144 2241 226 2269 Patri.
246 2248 266 2270 1.
285 2245 348 2269 656.
367 2252 392 2268 Α.
408 2241 460 2269 Εο5
482 2241 622 2279 impugnat
644 2240 808 2280 Chrysosto-

63 2296 133 2313 1nus.
152 2292 171 2313 1.
185 2289 249 2312 543.
265 2296 290 2314 Α.
318 2294 384 2323 sqq.
402 2284 534 2312 Dicebant
549 2285 652 2313 Filium
676 2295 728 2312 non
753 2295 808 2313 esse

61 2328 191 2367 aequalcm
217 2328 301 2362 Patri,
320 2327 387 2365 quia
401 2338 461 2356 eum
478 2328 646 2366 precabatur.
663 2335 684 2356 1.
699 2332 763 2356 642.
779 2340 804 2355 A.

60 2373 222 2401 Refutantur
235 2372 261 2400 in
278 2372 389 2400 homilia
405 2371 437 2400 de
453 2372 552 2399 Christi
570 2372 694 2410 precibus
715 2378 806 2400 contra

62 2421 214 2445 Anomoeos.
233 2423 253 2444 1.
271 2420 334 2444 642.
359 2426 424 2453 sqq.
443 2416 575 2444 Notantur
601 2422 692 2443 contra
721 2426 807 2452 ecqua-

64 2461 167 2488 litatem
194 2459 281 2487 Patris
315 2465 339 2487 et
371 2459 434 2487 Filii
468 2458 538 2486 male
567 2459 718 2487 sentientes.
747 2465 803 2487 vit.

65 2508 130 2532 775.
148 2514 176 2532 Ι).
189 2509 259 2531 vlu.
277 2507 322 2531 53.
337 2513 364 2530 D.
382 2507 427 2531 54,
440 2513 466 2530 Ε.
482 2507 590 2532 Χ.783.
605 2513 629 2529 n.
646 2507 804 2531 ΧΙΙ.53Ο.Λ.

109 2546 231 2575 Anomoei
250 2553 275 2574 et
294 2545 388 2574 Ariani
412 2545 490 2574 tacito
505 2545 610 2574 nomine
629 2546 803 2584 impetuntur.

69 2598 113 2619 111.
133 2595 178 2619 25.
198 2602 222 2618 A.
244 2590 406 2619 13.An01noei
432 2589 563 2619 curiosius
589 2589 750 2628 inquirentes
773 2589 806 2619 dc

1542 195 1599 227 131

873 267 1041 306 generatione
1052 267 1125 304 Filii,
1142 274 1165 296 et
1177 267 1294 296 dicentes
1309 267 1385 296 illum
1399 278 1449 296 nou
1460 277 1515 295 esse
1529 277 1616 305 aequa-

873 311 926 339 lem
943 312 1216 347 Patri‚confutantur.
1230 319 1274 341 111.
1290 317 1353 340 920.
1366 324 1392 340 Α.
1407 324 1432 341 c.
1448 319 1493 340 ΥΙ.
1506 316 1570 340 310.
1586 321 1614 340 E.

875 355 1051 384 Detrahentes
1086 356 1177 395 gloriae
1208 356 1349 396 Unigeniti
1388 356 1547 384 refutantur.
1581 361 1613 383 V.

874 404 939 427 227.
958 410 984 428 E.
1003 405 1066 429 492.
1090 404 1274 430 n.An01noeos
1296 401 1439 429 insectatur
1454 399 1616 438 Chrysosto-

874 454 945 478 mus,
960 443 1077 473 dicentes
1092 445 1193 473 Filium
1210 455 1265 473 csse
1279 451 1437 473 creaturam.
1456 451 1490 472 Χ.
1504 447 1570 471 793.
1585 453 1614 471 D.

873 487 937 516 lllos
954 488 1100 517 insectatur
1115 489 1232 518 dicentes
1247 488 1348 517 Filium
1368 498 1420 517 non
1452 487 1532 516 talem
1562 497 1616 515 esse

874 533 958 560 Deum
988 532 1076 570 qualis
1105 540 1143 561 est
1166 534 1254 561 Pater.
1281 540 1300 561 Ι.
1323 537 1386 561 590.
1403 544 1430 560 Α.
1460 542 1524 570 sqq.
1540 534 1615 559 Ano-

873 575 934 603 moei
950 583 1041 604 contra
1052 577 1274 616 Chrysostomum
1285 577 1424 616 disputant
1433 576 1472 604 illi
1483 575 1616 615 objicien-

872 625 910 646 tes
925 620 1008 648 verba
1028 620 1086 649 haec
1102 633 1108 648 z
1123 622 1227 650 Sedere
1246 622 1286 649 ad
1299 622 1433 649 dextram
1453 630 1547 648 meam
1564 620 1616 649 vel

871 665 1032 698 sinistram,
1049 676 1107 693 non
1127 674 1168 694 est
1184 676 1278 693 meum
1293 666 1374 693 dare.
1389 665 1558 694 Resutantur.
1590 671 1612 692 1.

872 711 936 735 629.
953 717 979 735 c.
998 707 1169 746 Impetuntur
1184 708 1265 737 variis
1276 708 1453 746 argumentis.
1467 715 1512 736 Vi.
1523 713 1613 737 301.c.

872 752 1065 779 Anomoeorum
1089 752 1203 791 objectio
1229 763 1263 781 ex
1288 752 1330 780 his
1357 752 1447 780 verbis
1472 751 1586 780 deducta
1603 773 1612 788 ‚

872 794 958 822 Nihil
970 794 1049 834 facit
1060 796 1156 824 Filius
1171 798 1227 824 nisi
1242 797 1349 824 viderit
1364 797 1485 824 Patrem
1497 796 1613 833 facien-

874 843 949 871 tem,
975 838 1117 869 refutatur.
1139 846 1184 868 vl.
1206 844 1271 868 297.
1302 850 1328 868 c.
1352 844 1416 867 298.
1442 849 1504 877 sqq.
1534 841 1611 866 Ano—

872 891 1002 909 moeorum
1015 882 1097 911 altera
1111 883 1225 921 objectio
1238 890 1328 912 contra
1339 882 1517 921 aequalitatem
1528 882 1615 910 Patris

871 931 895 952 et
911 924 974 953 Filii
990 937 1023 954 ex
1038 926 1079 955 his
1092 927 1180 955 verbis
1191 950 1198 963 ,
1211 928 1267 964 Qui
1279 928 1418 955 excitavit
1432 936 1496 954 eum
1507 936 1526 953 a
1538 936 1616 954 mor-

871 970 927 997 tuis
939 991 948 1004 ,
962 969 1103 998 refutatur.
1118 978 1151 999 Χ.
1167 976 1232 1000 784.
1248 981 1273 998 c.
1290 975 1355 999 785.
1369 982 1395 999 u.
1412 969 1542 999 Similiter
1565 980 1613 998 eo-

870 1023 931 1040 rum
943 1013 1017 1042 aliud
1029 1021 1291 1052 ai·gu111entuin,quo
1303 1013 1427 1042 dicebant
1439 1013 1540 1042 Filium
1556 1013 1613 1042 sine

870 1056 1030 1094 praecedenti
1058 1057 1171 1085 articulo
1198 1058 1255 1086 Οεόν
1283 1057 1353 1092 dici,
1381 1056 1542 1085 confutatur.
1575 1064 1609 1086 Χ.

869 1104 933 1128 785.
950 1111 975 1129 c.
994 1111 1021 1128 D.
1039 1111 1066 1129 ε.
1082 1105 1136 1129 832
1164 1110 1189 1129 c.
1208 1102 1398 1129 Anomoeorum
1413 1099 1521 1128 haeresis
1534 1100 1613 1128 arbor

869 1144 1010 1182 sylvestris
1025 1151 1050 1172 et
1064 1145 1241 1180 infructuosa⁷
1257 1145 1345 1172 Deum
1366 1151 1423 1172 orat
1446 1143 1611 1182 Chrysosto-

870 1199 946 1224 mus,
969 1195 998 1216 ut
1011 1188 1153 1217 evellatur.
1171 1197 1192 1218 1.
1211 1193 1275 1217 566.
1289 1199 1316 1216 E.
1333 1188 1453 1216 Anomoei
1472 1189 1611 1226 Unigeniti

870 1232 1046 1260 substantiam
1062 1232 1193 1260 curiosius
1209 1231 1389 1270 inquirentes,
1405 1230 1504 1259 audent
1518 1231 1610 1269 illiusy

870 1287 917 1305 nec
933 1287 985 1304 non
1008 1276 1125 1315 Spiritus
1141 1276 1224 1304 saneti
1245 1275 1404 1314 dignitatem
1415 1297 1423 1311 ,
1440 1275 1608 1304 imminuere.

871 1327 915 1349 lv.
928 1324 973 1348 35.
987 1331 1013 1348 c.
1029 1323 1172 1348 Anomceos
1183 1330 1216 1348 ex
1230 1320 1368 1359 Scriptura
1379 1319 1545 1358 disputantes
1558 1319 1611 1347 im-

870 1371 972 1403 pugnat
993 1364 1212 1403 Chrysostomus.
1234 1371 1267 1392 11.
1284 1369 1348 1392 844.
1362 1364 1427 1391 11105
1442 1363 1610 1401 scripturam

868 1408 1048 1437 adulterantes
1072 1407 1252 1447 reprehendit.
1273 1414 1307 1435 11.
1322 1411 1382 1436 844.
1400 1418 1426 1434 E.
1449 1411 1512 1435 845.
1534 1410 1609 1435 Ano-

868 1462 998 1480 moeorum
1018 1452 1141 1490 impietas
1164 1451 1245 1480 affine
1269 1451 1411 1490 quidpiam
1433 1460 1494 1478 cum
1508 1449 1610 1480 Judaeis

868 1495 957 1523 habet.
982 1502 1002 1523 1.
1026 1499 1090 1523 717.
1115 1506 1142 1523 C.
1167 1495 1290 1523 Anomoei
1307 1494 1404 1533 pariter
1419 1500 1498 1532 atque
1521 1493 1608 1523 Judaei

867 1539 1005 1568 Christum
1028 1538 1201 1572 accusabant,
1218 1537 1290 1576 quod
1313 1548 1339 1566 se
1354 1537 1482 1576 :equalem
1497 1539 1552 1566 Deo
1567 1539 1609 1566 fa-

866 1590 945 1612 ceret.
962 1590 983 1612 1.
995 1587 1049 1611 717
1077 1594 1103 1611 c.
1117 1583 1215 1611 Contra
1227 1586 1380 1617 Anomoeos,
1389 1581 1502 1610 homilia
1514 1581 1608 1621 Chry-

866 1627 985 1661 sostomi‚
995 1627 1031 1655 tle
1046 1627 1356 1655 consubstantialitate
1370 1627 1441 1654 Filii
1452 1632 1480 1654 et
1495 1627 1605 1654 Patris.

866 1677 886 1698 1.
905 1675 969 1699 613.
998 1680 1060 1709 sqq.
1085 1670 1177 1698 Altera
1192 1669 1304 1698 homilia
1322 1676 1412 1698 contra
1436 1668 1554 1705 eosdem,
1571 1669 1607 1697 de

865 1715 1011 1742 Petiliorze
1036 1713 1174 1752 filiorum
1206 1713 1349 1742 Zebedaei.
1382 1719 1402 1740 1.
1447 1716 1511 1740 628.
1539 1722 1602 1750 sqq.

866 1758 931 1786 Duae
942 1757 1060 1786 homiliae
1071 1756 1199 1785 adversus
1214 1755 1333 1790 eosdem,
1344 1756 1380 1784 (Ie
1391 1755 1501 1783 Christi
1509 1755 1605 1790 preci-

865 1803 927 1830 bus.
951 1808 970 1829 1.
990 1805 1053 1829 642.
1086 1810 1149 1838 sqq.
1175 1798 1296 1837 Denique
1313 1798 1423 1827 homilia
1437 1805 1527 1827 contra
1545 1799 1606 1828 illos

862 1844 979 1881 dii-ecta,
1003 1843 1036 1872 de
1066 1843 1167 1871 Christi
1205 1842 1356 1871 divinitate.
1395 1850 1414 1871 1.
1439 1846 1501 1871 669.
1538 1853 1603 1881 sqq.

863 1890 1074 1917 Anomaeorum
1091 1887 1230 1926 objectio:
1242 1893 1350 1925 oportet
1374 1888 1535 1915 rationibus
1560 1889 1605 1915 in-

865 1935 1004 1971 vestigare
1011 1932 1119 1971 fldem,
1136 1941 1188 1958 nec
1206 1933 1268 1958 sine
1283 1932 1418 1959 examine
1431 1930 1604 1968 religionem

862 1987 931 2005 esse.
952 1983 998 2005 Vt.
1017 1980 1081 2004 493.
1105 1975 1305 2014 Refelluntur.
1320 1976 1364 2002 ΙΙ).
1388 1985 1416 2002 A.
1442 1984 1506 2012 sqq.
1531 1974 1604 2003 Con-

863 2027 908 2049 tra
922 2031 968 2049 eos
980 2022 1088 2056 agitur.
1107 2026 1152 2047 Yl.
1172 2023 1236 2047 492.
1253 2030 1280 2046 Α.
1297 2019 1550 2057 Per-stringuntur.
1568 2025 1600 2047 V.

862 2069 926 2093 952.
945 2075 973 2093 n.
992 2065 1064 2091 Item
1080 2068 1107 2090 et
1122 2062 1243 2090 Ariani.
1262 2069 1294 2090 V.
1309 2067 1374 2090 748.
1390 2072 1416 2090 c.
1429 2061 1604 2090 n.Anomoei

861 2115 888 2137 et
903 2108 1014 2136 Ariani·
1035 2109 1255 2145 impugnantur.
1271 2112 1316 2134 VI.
1347 2110 1411 2134 531.
1439 2117 1466 2133 E.
1490 2110 1554 2134 532.
1573 2117 1600 2133 E.

861 2157 926 2180 675.
942 2163 966 2180 B.
986 2151 1196 2190 Confutantur.
1212 2156 1256 2178 Vl.
1275 2153 1338 2178 491.
1354 2160 1380 2177 c.
1403 2153 1467 2177 517.
1485 2160 1509 2177 Β.
1529 2156 1599 2178 ΠΗ.

861 2200 925 2225 923.
947 2207 971 2224 n.
989 2195 1150 2223 Anomoeus
1181 2203 1241 2221 esse
1264 2193 1382 2221 videtur
1399 2197 1522 2231 scriptor
1535 2204 1604 2232 ope-

860 2241 899 2268 ris
913 2240 1075 2279 imperfecti
1095 2241 1125 2266 in
1138 2238 1326 2265 Manliaeum.
1343 2245 1388 2266 Vl.
1406 2242 1470 2266 856.
1486 2248 1510 2265 n.

900 2283 1008 2320 Ἀνομος
1018 2305 1026 2319 ,
1041 2282 1120 2311 exlex
1132 2303 1139 2317 ‚
1158 2281 1228 2319 q'nis.
1243 2288 1287 2309 Vt.
1301 2286 1327 2309 8.
1346 2293 1372 2310 A.

901 2330 1043 2356 ANSERL‘M
1063 2327 1170 2365 plumis
1190 2324 1326 2364 suffulta:
1350 2325 1480 2354 culcitrae
1504 2332 1599 2355 erant.

861 2377 930 2399 VIII.
943 2376 1008 2399 659.
1024 2382 1048 2399 Β.

904 2417 1063 2442 ΑΝἰίιεΜιο
1090 2413 1185 2441 scribit
1208 2412 1425 2452 Chrysostomus.
1443 2420 1488 2442 ΙΙΙ.
1506 2418 1551 2443 82.
1572 2425 1599 2442 Α.

860 2458 886 2486 15
903 2464 958 2486 erat
975 2457 1115 2496 praefectus
1131 2462 1157 2484 et
1170 2456 1280 2485 Consul.
1294 2457 1338 2483 ΙΙ).
1354 2460 1418 2484 686.

899 2503 1213 2529 ANTHROPOMORPffiTAE
1225 2498 1430 2538 impugnantur,
1444 2500 1490 2538 qui
1506 2499 1600 2530 dieunt

860 2548 946 2574 Deum
958 2555 1013 2573 esse
1027 2544 1142 2572 humana
1154 2543 1237 2571 forma
1249 2543 1402 2582 praeditum,
1411 2543 1483 2581 quod
1494 2543 1600 2573 dicatur

860 2589 959 2618 habere
975 2598 1079 2624 manus,
1096 2586 1174 2627 pedes
1193 2594 1216 2616 ct
1238 2587 1335 2616 oculos.
1357 2594 1389 2615 v.
1407 2592 1451 2616 Sl.
1476 2598 1503 2617 ιι.
1532 2597 1595 2627 sqq.
