1905 2947
520 219 563 239 Dr]
590 218 820 240 scnit’‘1·ontu[s
845 218 955 239 tit-:nun
982 218 1228 239 tittitxsosuntt.
1587 214 1654 236 ΧΧἸΙ

66 319 69 323 ¹
100 281 227 320 magistro
251 287 387 309 mutuatus
402 279 510 308 videtur
527 279 570 308 hic
585 286 686 314 noster,
703 290 782 318 quem
797 279 902 308 nonnisi
924 279 1033 318 praesata
1050 278 1126 307 venia
1141 278 1196 306 fere
1211 277 1243 304 ad
1261 276 1400 315 alli-goiias
1414 275 1572 303 ‹lesi-endere
1589 275 1661 302 vide-

93 339 162 356 mus.
178 327 315 357 Cedrenus
335 327 418 355 solius
439 325 561 354 meminit
578 326 702 355 Carterii.
724 326 862 354 Palladius
884 326 984 365 Syrum
1003 325 1146 364 quemdam
1168 334 1257 352 senem
1278 329 1467 351 commemorat
1484 321 1659 349 continentiae

89 374 224 413 imprimis
239 373 402 408 studiosum,
417 372 459 401 cui
475 383 502 400 se
517 373 619 400 socium
636 373 663 400 in
677 373 836 401 monasterio
853 372 927 400 dedit
943 373 1067 401 Joaunrs.
1082 372 1181 400 Utrum
1195 380 1229 398 ex
1245 368 1358 397 <luobus
1374 368 1427 395 illis
1444 378 1511 395 uuus
1523 367 1660 394 sucritislc

89 421 188 460 Syrus,
204 432 237 449 an
253 421 341 460 potius
356 420 521 460 Hesychius,
538 420 621 459 Σύρος
636 423 673 459 τῷ
689 420 756 458 γένει
774 431 788 448 a
805 420 922 458 Geor-gio
938 420 1108 453 nominatus,
1125 428 1176 446 non
1196 427 1303 456 possum
1326 423 1450 444 statuere.
1463 415 1505 443 Ex
1522 421 1576 442 tota
1592 422 1660 442 certe

91 468 202 506 Georgii
213 467 538 502 narratione,monasterio
550 467 571 495 si
581 477 631 496 non
647 468 795 507 praefuisse,
807 474 877 496 certe
891 467 926 495 ad
939 477 1044 495 omnem
1058 466 1181 505 pietatem
1193 464 1332 504 praeivisse
1345 463 1474 491 fratribus
1486 462 1570 500 iisque
1582 472 1661 500 regu-

90 513 129 540 las
139 513 284 547 ἀσκ-ητικὰς
297 512 457 548 condidisse,
470 513 559 552 potius
574 523 655 551 quam
670 513 720 541 sub
735 513 844 541 alterius
858 512 1001 552 disciplina
1009 513 1109 540 vixisse
1121 511 1251 543 videatur.
1259 510 1361 539 Relicto
1376 516 1435 548 post
1451 508 1659 546 quadriennium

91 559 142 587 hoe
161 559 332 595 monasterio,
345 559 478 588 desiderio
497 559 672 587 delitescendi
688 555 857 587 remotiorEm
872 570 990 587 eremum
1004 559 1079 598 petiit
1091 558 1217 596 :illicque
1234 557 1367 597 speluncae
1384 557 1502 584 inclusus
1519 555 1658 584 biennium

82 607 187 645 ferme
201 607 311 646 peregit.
327 609 414 645 Atque
425 607 458 635 de
471 607 522 635 hoc
537 606 673 641 sexennio,
688 614 717 634 ut
732 607 803 643 dixi,
814 607 883 635 inter
893 614 998 635 autores
1009 606 1142 635 convenit.
1154 606 1218 634 Inde
1229 605 1262 633 ad
1275 605 1370 633 urbem
1384 614 1504 632 reversus
1514 627 1521 639 ,
1530 603 1658 632 diaconus

92 664 108 681 a
122 654 150 682 S.
164 654 273 682 Meletio
288 654 371 692 (quod
388 654 456 682 inter
471 664 562 682 omnes
574 657 687 689 constat)
701 654 757 692 jam
772 654 970 693 proficiscente,
984 661 1012 681 ut
1027 661 1101 692 puto,
1117 652 1375 691 Constantinopolim
1392 651 1424 679 ad
1439 650 1581 679 secundam
1596 660 1658 689 syu-

93 701 176 729 odum
196 700 403 738 celebrandam,
420 711 489 729 anno
506 701 616 730 Domini
640 703 691 730 581
714 702 838 737 ineunte,
854 701 1010 735 ordinatus,
1024 700 1236 738 quinquennium
1259 699 1419 728 venerandis
1439 698 1602 726 ministravit
1617 698 1659 725 al-

93 747 208 775 taribus.
221 748 289 775 Nam
304 747 376 785 quod
391 755 450 786 post
463 747 564 776 Meletii
580 755 707 783 mortem,
719 758 777 785 quae
789 748 847 787 ipso
859 755 978 786 tempore
993 746 1115 775 seeundae
1134 746 1231 785 synodi
1246 745 1362 781 accidit,
1378 746 1500 773 Socrates
1516 744 1553 772 ait
1566 756 1571 771 :
1589 745 1656 771 ἀναι-

91 793 216 832 χωρῆσας
230 796 243 822 ὁ
252 794 374 829 Ἰωάννης
388 797 440 823 τῶν
455 795 623 822 Μελετιανῶν
636 796 644 830 (
656 796 702 829 τῆς
714 795 825 828 πόλεως,
839 793 927 831 inquit
942 793 1086 832 Georgius)
1098 793 1140 820 ἐπὶ
1153 796 1222 830 τρεῖς
1233 793 1308 823 ὅλους
1317 791 1447 823 ἐνιαυτοὺς
1456 792 1561 829 ’ἡσύχως
1574 791 1657 829 δι’ἶγε,

92 842 266 881 παραγίνεται
277 844 302 871 ἓν
314 844 352 882 τῷ
367 842 546 881 μοναστηρίῳ.
557 843 582 870 ἐν
595 838 616 881 ᾧ
626 842 717 881 πρῴην
730 838 772 877 ἦν,
784 842 873 880 inquit
883 841 1032 881 Georgius;
1048 841 1192 869 triennium
1205 840 1267 875 hoc,
1278 847 1306 868 ut
1315 840 1466 878 importune
1478 845 1568 867 contra
1580 837 1659 866 ratio-

92 899 154 916 nem
167 895 328 927 temporum,
342 888 409 916 utin
424 888 595 926 sequentibus
618 888 823 924 monstrabitur,
840 887 960 916 Palladi-o
973 888 1053 916 etiam
1067 898 1118 915 non
1133 887 1307 925 suffragante,
1319 886 1501 925 interjectum,
1516 895 1550 913 ex
1564 894 1658 912 nume-

91 945 122 963 ro
137 945 267 962 annorum
282 934 466 973 Chrysostomi
479 934 652 962 eximendum
664 944 765 962 censeo.
779 935 842 962 Post
854 934 1026 962 diaconatum
1040 944 1113 972 ergo,
1129 933 1270 972 presbyter
1280 932 1386 967 deinde,
1400 931 1473 970 quod
1486 932 1554 960 inter
1565 941 1655 959 omnes

91 982 231 1017 convenit,
246 989 307 1021 post
325 992 406 1010 annos
425 982 543 1020 quinque
556 992 571 1010 a
586 982 719 1010 Flaviano
736 986 798 1019 (uon
809 1006 816 1018 ,
838 990 865 1011 ut
882 983 939 1011 vult
954 983 1090 1017 Socrates,
1107 981 1242 1020 Evagrio,
1259 981 1367 1009 Paulini
1384 981 1563 1015 successore),
1581 979 1653 1017 quod

91 1035 182 1067 postea
195 1028 379 1065 ostendemus,
394 1029 534 1057 ordinatus
549 1035 598 1060 est.
615 1029 662 1059 Sic
677 1029 807 1058 habemus
826 1040 841 1058 a
862 1030 1003 1058 nativitate
1021 1029 1132 1059 Joannis
1148 1040 1231 1067 usque
1248 1028 1283 1056 ad
1301 1028 1404 1057 deserta
1419 1027 1509 1056 studia
1522 1026 1654 1065 juvenilia

89 1085 191 1111 annos,
208 1076 355 1105 secundum
374 1076 599 1116 Chrysostomum
619 1077 726 1116 ipsum,
741 1077 855 1115 viginti,
877 1078 921 1106 vel
941 1077 1092 1106 secundum
1119 1076 1203 1111 alios,
1222 1076 1370 1105 octodecim
1392 1088 1397 1102 :
1421 1074 1494 1114 apud
1514 1073 1655 1102 Meletium

90 1132 173 1151 annos
189 1124 285 1162 ferme
301 1130 367 1159 tres;
383 1123 445 1152 inde
461 1124 487 1152 in
504 1134 592 1153 eremo
612 1135 695 1153 annos
706 1126 800 1163 ferme
824 1136 870 1153 sex
891 1137 896 1152 z
915 1125 941 1153 in
956 1125 1061 1153 diaconi
1080 1124 1166 1163 gradu
1183 1134 1265 1152 annos
1292 1124 1423 1162 quinque,
1438 1130 1476 1158 et,
1489 1129 1593 1150 exemto
1607 1121 1655 1149 illo

90 1169 208 1198 Socratis
222 1177 247 1199 et
260 1171 439 1200 recentiorum
454 1171 584 1208 triennio,
599 1172 626 1200 in
641 1172 791 1212 presbyteri
810 1173 896 1211 gradu
913 1183 995 1201 annos
1015 1172 1168 1201 duodecim.
1184 1172 1264 1208 Quod
1279 1172 1301 1200 si
1322 1171 1395 1210 pleni
1412 1171 1512 1199 fuerint
1526 1169 1555 1197 hi
1573 1169 1654 1204 anni,

92 1226 144 1244 non
166 1217 224 1246 cavi
241 1225 287 1246 aut
302 1218 425 1247 labentes
444 1218 529 1256 (quod
545 1219 636 1258 potius
654 1230 726 1254 reor,
744 1219 771 1247 in
788 1220 864 1248 annis
878 1219 1024 1259 praesertim
1039 1226 1099 1248 ante
1117 1218 1304 1254 diaconatum,
1317 1229 1365 1257 pro
1380 1228 1452 1246 more
1466 1216 1587 1245 omnium
1603 1216 1658 1243 fere

91 1270 231 1292 auctorum
241 1275 366 1293 numeros
380 1275 449 1304 saepe
460 1266 625 1304 augentium,
640 1273 665 1294 et
677 1266 740 1304 quia
755 1267 918 1295 vocabulum
929 1267 1023 1306 ferme
1034 1266 1076 1294 bis
1089 1277 1103 1294 a
1116 1265 1237 1295 Palladio
1251 1266 1394 1304 repetitum
1409 1269 1471 1300 est),
1487 1274 1502 1291 a
1517 1262 1657 1291 nativitate

90 1309 124 1337 ad
137 1310 320 1350 episcopatum
332 1311 394 1340 anni
410 1312 572 1350 colligentur
581 1313 629 1341 46.
643 1313 724 1349 Quod
732 1313 755 1342 si
767 1313 836 1342 duos
850 1324 931 1342 annos
942 1324 1004 1342 cum
1016 1313 1138 1342 Palladio
1149 1320 1175 1341 et
1189 1312 1382 1341 recentioribus
1394 1312 1533 1339 demamus
1550 1320 1584 1338 ex
1596 1316 1655 1337 stu-

89 1355 143 1384 diis
155 1357 336 1395 juvenilihus,
350 1365 376 1387 et
389 1369 489 1387 annum
505 1369 588 1388 unum
602 1370 652 1398 pro
664 1360 712 1388 illo
731 1360 774 1388 bis
790 1361 904 1400 repetito
917 1360 1035 1400 fer-men
1046 1360 1107 1388 anni
1126 1367 1230 1388 tantum
1249 1366 1327 1388 erunt
1339 1359 1387 1387 45.
1401 1357 1514 1396 Reliqua
1528 1356 1655 1394 deinceps

89 1413 171 1442 prona
183 1426 191 1440 ,
207 1404 368 1443 epochaeque
381 1412 470 1441 certia,
486 1416 540 1434 non
558 1416 691 1434 annorum
709 1413 822 1439 tantum,
835 1406 881 1435 sed
894 1413 919 1435 et
934 1406 1067 1435 mensium
1082 1405 1278 1445 propemodum
1294 1412 1319 1433 et
1334 1404 1452 1433 dierum.
1471 1404 1543 1432 Inter
1561 1412 1655 1431 omnes

88 1451 228 1487 convenit,
240 1458 295 1480 tam
305 1458 406 1480 veteres
418 1463 498 1490 quam
514 1453 681 1487 recentiores,
693 1455 824 1483 ,Ioannem
833 1454 867 1482 ab
882 1454 996 1482 Arcadio
1006 1456 1129 1492 Augusto
1141 1453 1282 1481 Antiochia
1292 1475 1299 1488 ,
1315 1452 1360 1480 ubi
1375 1452 1516 1491 presbyter
1527 1451 1593 1485 fuit,
1609 1462 1656 1480 ac-

88 1499 172 1527 citum
183 1499 211 1527 in
220 1499 286 1528 sella
299 1499 445 1539 episcopali
457 1500 688 1540 Constantinopoli
702 1501 834 1537 locatum,
852 1502 926 1530 Coss.
945 1501 1063 1530 Honorio
1076 1502 1095 1529 4
1116 1508 1140 1530 et
1168 1501 1353 1540 Eutychiano,
1365 1500 1416 1528 hoc
1431 1507 1482 1535 est,
1494 1509 1563 1527 anno
1578 1499 1657 1527 Chri-

88 1544 136 1580 sti,
148 1551 177 1573 ut
188 1555 235 1574 nos
246 1556 433 1583 numeramus,
445 1548 515 1584 598,
530 1547 671 1576 Februarii
687 1549 725 1577 26
736 1571 743 1583 ‚
757 1548 818 1576 sede
832 1549 951 1586 urbeque
963 1549 1074 1588 pulsum
1090 1548 1136 1586 (de
1148 1548 1293 1587 posteriore
1308 1548 1404 1576 exsilio
1416 1548 1529 1585 loquor;
1542 1557 1604 1574 nam
1619 1546 1653 1575 de

88 1592 178 1631 priore
199 1600 288 1632 postea
309 1594 463 1623 videbimus
478 1599 487 1631 )
504 1595 621 1624 Honorio
639 1596 672 1632 6,
689 1603 715 1624 et
736 1596 895 1625 Aristaenato
918 1596 1008 1632 Coss.,
1023 1596 1069 1634 qui
1084 1606 1169 1624 annus
1185 1602 1224 1624 est
1240 1595 1349 1624 Domini
1372 1594 1447 1630 404,
1462 1594 1590 1623 vicesimo
1611 1593 1654 1622 die

87 1640 179 1676 Junii,
197 1641 270 1677 sive,
290 1647 321 1669 ut
338 1642 385 1670 alii
406 1643 569 1681 loquuntur,
588 1644 707 1682 quinque
727 1643 824 1673 diebus
846 1651 906 1683 post
926 1644 1085 1683 completam
1100 1645 1280 1672 Pentecosten.
1296 1643 1333 1672 Et
1348 1643 1457 1681 quidem
1478 1642 1583 1671 decimo
1597 1648 1654 1670 ter—

89 1687 126 1715 tio
142 1694 203 1727 post
215 1687 273 1724 die,
290 1688 340 1718 hoc
354 1696 411 1721 est,
427 1690 506 1718 tertio
519 1690 585 1719 Julii
598 1713 605 1726 ,
624 1690 687 1719 data
711 1698 747 1719 est
765 1691 875 1721 Joannis
899 1691 983 1720 nostri
1009 1690 1044 1719 ad
1061 1690 1255 1730 Olympiadem
1275 1690 1388 1729 epistola
1404 1700 1490 1725 nona3
1505 1695 1530 1717 et
1555 1688 1655 1727 postri-

87 1733 132 1762 die
144 1735 201 1774 ejus
217 1735 285 1772 diei,
300 1746 337 1764 sc.
354 1738 375 1765 4
388 1737 455 1766 Julii
469 1737 511 1765 vel
525 1738 636 1766 Panemi
649 1738 762 1773 mensis,
778 1739 861 1767 altera
880 1738 916 1767 ad
934 1738 1130 1768 Constantium.
1145 1739 1175 1766 In
1199 1738 1251 1766 hoc
1272 1737 1368 1765 exsilio
1387 1737 1457 1765 vixit
1479 1735 1579 1765 Cucusi
1603 1746 1654 1764 an·-

88 1790 151 1808 num
165 1791 267 1818 unum,
287 1782 406 1811 Arabissi
420 1782 573 1818 biennium,
593 1783 704 1822 reliquis
720 1785 856 1813 mensibus
875 1785 900 1814 in
917 1785 1011 1813 itinere
1027 1785 1183 1824 Pityuntem
1204 1794 1296 1812 versus
1315 1783 1473 1818 consumtis,
1490 1793 1543 1821 quo
1562 1789 1651 1810 tamen

86 1835 139 1853 non
150 1827 281 1865 pervenit,
294 1835 380 1856 morte
393 1835 543 1867 praeventus
554 1830 689 1866 Comanis,
701 1830 822 1859 Honorio
833 1833 851 1860 ’7
862 1838 887 1859 et
897 1831 1049 1860 Theodosio
1058 1831 1153 1859 iterum
1166 1831 1253 1866 Coss.,
1265 1831 1315 1859 hoc
1327 1837 1375 1865 est,
1388 1841 1457 1858 anuo
1466 1829 1567 1858 Christi
1578 1830 1652 1859 407:

85 1873 157 1911 quod
169 1874 238 1903 inter
252 1886 343 1904 omncs
357 1883 469 1905 constat.
486 1878 526 1906 De
537 1888 626 1907 mense
636 1879 817 1908 controversia
832 1886 871 1908 est
885 1891 890 1906 :
903 1879 1024 1908 Socrates
1037 1879 1081 1908 die
1099 1880 1135 1908 14
1149 1879 1310 1907 Novembris
1326 1879 1424 1907 obiisse
1439 1877 1532 1906 scribit
1547 1889 1552 1904 z
1567 1877 1653 1906 Geor-

86 1920 154 1957 gius,
165 1928 191 1949 et
202 1928 262 1959 post
273 1932 335 1951 eum
348 1923 507 1952 recentiores
519 1935 621 1961 omnes,
633 1932 658 1953 et
668 1925 867 1961 Calendarium,
880 1933 908 1954 ut
918 1925 1034 1961 videtur,
1051 1927 1203 1954 Romanum
1214 1925 1259 1953 die
1272 1926 1309 1953 14
1318 1924 1493 1963 Septembris,
1509 1924 1567 1962 ipso
1579 1923 1652 1951 exal-

85 1967 194 1995 tationis
201 1969 229 1997 S.
242 1968 336 1997 Crucis
343 1969 396 1999 die.
408 1970 480 2005 Quin
490 1977 514 1999 et
526 1971 599 2010 apud
611 1972 747 2001 Socratem
759 1973 923 2012 Septembris
934 1973 1076 2011 legendum
1088 1983 1143 2001 esse
1153 1979 1256 2001 constat
1268 1982 1301 2000 ex
1314 1972 1397 2000 veteri
1408 1971 1502 1999 Latina
1515 1971 1651 2009 interpre-

86 2014 186 2043 tatione
202 2015 228 2044 in
243 2015 396 2045 Cassiodori
410 2017 528 2046 Historia
545 2019 680 2057 tripartita
694 2020 743 2048 lib.
762 2021 808 2056 10,
824 2030 849 2049 c,
863 2020 909 2049 15.
928 2021 968 2048 Ita
983 2020 1016 2048 ab
1028 2019 1103 2048 initio
1116 2019 1284 2058 episcopatus
1301 2018 1334 2046 ad
1348 2025 1460 2047 mortem
1476 2028 1573 2046 novem
1586 2017 1651 2046 anni

85 2068 158 2096 sunt,
173 2073 273 2091 menses
283 2073 331 2091 sex
342 2063 384 2092 vel
397 2071 467 2100 octo,
478 2063 536 2092 dies
545 2064 676 2101 sedecim;
687 2073 713 2094 et
724 2077 739 2094 a
749 2067 887 2095 nativitate
899 2066 933 2094 ad
946 2073 1059 2094 mortem
1069 2066 1215 2094 secundum
1227 2066 1353 2104 majorem
1367 2065 1594 2104 computationem
1603 2075 1651 2093 su—

85 2121 134 2148 pra
150 2110 288 2139 collectam
302 2111 363 2139 anni
378 2113 428 2147 55,
444 2118 469 2140 et
483 2123 584 2141 menses
598 2113 718 2152 aliquot;
733 2114 880 2142 secundum
897 2115 1028 2143 minorem
1042 2114 1268 2153 computationem
1281 2114 1344 2142 anni
1359 2114 1408 2149 ’ΞΖ-2,
1423 2120 1448 2142 et
1464 2113 1565 2151 aliquot
1581 2123 1650 2152 prae-

86 2162 156 2184 terea
168 2167 279 2186 menses.
295 2157 423 2194 Zonaras,
438 2158 574 2188 cedrenus
586 2166 611 2187 et
622 2160 669 2188 alii
681 2160 734 2188 fere
751 2171 856 2195 omnes,
869 2171 952 2189 annos
963 2161 1137 2199 eumvixisse
1149 2160 1271 2188 scribunt
1286 2171 1336 2188 non
1352 2160 1441 2198 plures
1454 2160 1650 2198 quinquaginta

85 2203 192 2232 duobus
204 2215 211 2231 ε
225 2211 317 2233 auctor
331 2204 448 2233 incertus
464 2216 529 2244 pag.
543 2206 584 2235 54
596 2205 672 2234 Edit.
682 2207 742 2235 Lat.
761 2207 846 2235 Paris.
857 2210 867 2235 1
877 2207 943 2241 588,
952 2206 1028 2236 addit
1044 2217 1146 2235 menses
1161 2214 1236 2236 octo:
1249 2207 1291 2235 cui
1307 2207 1502 2246 propemodum
1511 2206 1648 2235 assentior.

84 2251 124 2279 Ita
138 2251 286 2280 secundum
299 2253 428 2291 majorem
442 2254 674 2292 computationem
692 2254 788 2283 incidit
803 2265 888 2283 annus
901 2255 1049 2283 nativitatis
1063 2255 1173 2284 Joannis
1190 2255 1217 2283 in
1232 2255 1398 2283 consulatum
1414 2255 1561 2283 Constantii
1577 2255 1593 2283 5
1623 2261 1648 2283 et

84 2298 160 2326 Galli
183 2298 310 2341 Caesaris,
325 2310 395 2329 anno
414 2301 527 2329 Domini
545 2302 621 2338 55·2;
643 2302 792 2331 secundum
811 2303 957 2338 minorem,
977 2303 1004 2330 in
1025 2302 1192 2331 consulatum
1214 2302 1371 2330 Arbetionis
1391 2309 1416 2330 et
1435 2302 1579 2336 Lolliani„
1595 2312 1648 2330 an-

83 2354 117 2372 no
133 2345 202 2381 555,
218 2356 322 2382 mense,
337 2353 366 2375 ut
380 2346 502 2384 videtur,
517 2349 656 2386 Januario,
673 2349 716 2378 vel
733 2349 844 2377 Martio.
860 2351 921 2379 Jam
936 2349 1063 2387 reliquias
1079 2348 1264 2388 Chrysostomi
1276 2349 1353 2388 jussu
1367 2350 1540 2388 Imperatoris
1554 2349 1648 2378 Theo-

82 2391 290 2430 dosiijunioris‚
304 2400 329 2422 et
345 2404 424 2423 suasu
441 2395 542 2430 Procli,
553 2402 611 2424 tum
632 2396 752 2436 episcopi
767 2396 799 2424 C.
817 2398 861 2430 P„
878 2396 1005 2425 Comanis
1019 2397 1046 2425 in
1061 2397 1155 2424 urbem
1171 2396 1272 2435 regiam
1287 2396 1440 2435 deportatas
1461 2403 1486 2424 et
1503 2396 1529 2424 in
1548 2396 1647 2425 basili-

84 2448 143 2465 cam
160 2438 208 2466 SS.
222 2440 410 2478 Apostolorum
425 2441 514 2470 illatas
529 2452 564 2470 ex
579 2442 714 2471 Theodor.
728 2443 776 2472 lib.
791 2444 808 2471 5
818 2465 827 2477 ,
844 2453 869 2473 c.
887 2444 940 2477 56,
955 2449 980 2471 et
995 2443 1068 2472 Socr.
1083 2442 1132 2470 lib.
1151 2444 1185 2478 7,
1200 2453 1224 2470 c.
1240 2442 1278 2470 45
1288 2464 1296 2478 ,
1312 2448 1428 2477 constat,
1441 2442 1594 2471 Theodosio
1610 2443 1648 2472 16

85 2483 206 2518 consule,
219 2483 270 2512 hoc
285 2491 324 2512 est
343 2495 412 2514 anno
430 2486 529 2515 Christi
548 2487 617 2522 458,
637 2488 760 2517 Januarii
774 2489 811 2518 27
825 2487 870 2516 die
886 2499 892 2516 :
909 2487 938 2516 id
953 2495 1007 2524 est,
1024 2495 1083 2527 post
1098 2488 1224 2516 exsilium
1239 2487 1371 2527 posterius
1385 2488 1461 2516 annis
1475 2489 1528 2523 55,
1544 2488 1646 2517 mensi-

85 2529 137 2557 bus
151 2529 187 2566 85
205 2537 265 2569 post
285 2538 398 2560 mortem
413 2533 489 2561 annis
506 2534 545 2562 50
555 2556 562 2570 ,
576 2534 711 2562 mensibus
726 2536 744 2563 5
759 2535 802 2564 vel
817 2535 845 2563 5.
868 2535 976 2564 Cosmas
991 2535 1125 2571 Vestitor‚
1141 2535 1206 2572 μετὰ
1227 2535 1369 2574 τριάκοντα
1384 2536 1428 2563 καὶ
1443 2540 1512 2575 τρεῖς
1525 2536 1643 2574 χρόνους.

86 2577 208 2605 Socrates
224 2577 276 2606 lib.
293 2578 322 2612 7,
343 2588 366 2606 c.
381 2579 435 2614 45,
451 2579 564 2608 notabili
583 2580 775 2618 inconstantia,
791 2584 940 2621 τριακοστῷ
955 2581 1071 2621 πέμπτῳ
1087 2581 1138 2610 ἔτει
1153 2581 1221 2619 μετὰ
1241 2582 1288 2616 τὴν
1309 2581 1475 2620 καθαίρεσιν,
1491 2588 1515 2609 et
1535 2581 1647 2620 septimo

89 2630 149 2662 post
172 2634 268 2661 versu,
290 2628 439 2666 τριακοστῷ
461 2627 577 2668 πέμπτῳ
603 2627 654 2656 ἔτει
686 2629 753 2667 μετὰ
778 2629 826 2666 τὴν
851 2630 987 2666 τελευτήν,
1011 2639 1071 2658 cum
1098 2629 1166 2658 inter
1189 2629 1246 2657 hcec
1270 2627 1324 2657 duo
1346 2628 1494 2658 triennium
1521 2629 1647 2657 interces-

235 2674 304 2693 rom.
331 2675 399 2693 xm.
1493 2679 1505 2695 r.
