1884 2922
232 187 300 223 388

229 261 302 290 listas
317 271 406 290 omnes
424 261 541 300 Spiritus
560 271 628 288 unus
641 259 774 288 movebat.
793 268 862 289 VIII.
881 266 926 289 31.
943 272 967 290 c.

230 308 296 341 Qua:
315 316 329 333 a
347 305 450 344 Spiritu
468 305 675 344 proficiscuntur
689 304 829 332 oculorum
846 305 969 334 testimo-

230 359 274 377 n1o
289 357 398 378 certiora
414 356 482 377 sunt.
501 355 546 378 tx.
567 353 592 377 ὅ.
608 359 636 377 n.

269 393 386 430 Spiritus
399 392 482 429 gratia
501 391 646 419 ineffabilis
660 398 698 419 est
717 398 742 419 et
761 392 905 431 multiplex
920 393 968 421 do-

229 446 301 464 num.
321 443 389 464 VIII.
408 440 471 463 589.
485 446 508 463 n.
525 435 618 463 Gratia
634 435 750 474 Spiritus
769 443 873 474 peccata
889 436 968 464 absu-

227 489 313 512 mens,
335 489 381 506 ceu
397 478 466 516 ignis
479 479 578 517 spinas.
598 486 631 507 II.
653 483 716 507 550.
738 488 762 505 1³.
786 479 815 507 Si
836 489 903 517 quos
915 479 970 508 adit

226 528 342 566 Spiritus
356 536 474 563 sanctus⁷
488 538 582 556 aurcos
592 538 625 556 ex
636 527 714 555 luteis
726 528 816 557 efficit.
832 534 876 556 IX.
888 533 934 556 44.
947 540 969 557 n.

227 571 360 610 Spiritum
383 571 535 610 adoptionis
558 571 604 609 qui
630 571 740 610 accepit,
766 572 872 599 Patrem
893 579 971 600 vocat

228 616 315 643 Deum
329 625 343 642 a
365 615 470 654 Spiritu
487 621 585 644 motus.
606 621 652 644 IX.
669 619 732 643 638.
749 626 774 643 11.
791 619 856 643 639.
875 615 903 643 Si
919 625 970 644 non

227 666 292 687 esset
312 659 430 697 Spiritus
448 665 566 695 sanctus,
592 659 679 687 Deum
704 669 780 687 orare
801 658 894 687 fideles
918 669 969 687 non

228 712 365 740 possemus
376 713 423 731 nec
439 713 499 731 cum
513 713 609 732 vocare
626 704 742 731 Patrem.
758 710 788 731 II.
806 707 871 732 548.
890 703 970 738 Quod

227 745 344 784 Spiritus
358 752 464 774 sanctus
479 746 513 774 sit
529 745 607 774 datus
619 769 627 779 ,
644 745 745 774 donum
760 753 798 774 est
812 746 970 774 reconcilia-

228 789 307 817 tionis
319 790 379 818 Dei.
396 797 428 818 ιι.
445 794 509 818 546.
527 795 590 819 547.
610 790 678 818 Cum
694 800 745 818 non
761 789 846 826 adest,
863 790 970 829 signum

227 838 265 859 cst
278 832 323 860 irae
334 832 445 862 divinae.
460 834 503 860 Ιῖι.
520 833 575 862 Ubi
592 833 630 861 ira
645 839 682 861 est
693 855 701 870 ,
721 843 773 861 non
784 833 906 871 habitat5
925 844 971 862 nec

227 875 371 903 iracundus
383 882 470 915 potest
481 886 540 904 euin
555 875 701 915 possidere.
721 884 765 905 IX.
786 881 847 905 162.
863 888 887 905 Β.
902 887 968 917 sqq.

226 919 344 958 Spiritus
359 927 465 948 sanctus
484 920 510 948 in
533 927 638 949 orantes
652 919 796 948 descendit.
811 928 856 950 lx.
874 926 920 949 40.
940 932 967 950 Ε.

228 963 323 991 Gratia
347 963 466 1002 Spiritus
484 973 531 991 nos
553 963 624 1001 ipsos
646 963 743 1002 templa
765 963 813 991 Dei
833 963 913 999 facit,
939 971 968 992 ut

228 1016 323 1044 magna
343 1007 420 1035 nobis
444 1007 543 1045 ubique
565 1006 690 1046 precandi
715 1006 826 1035 facultas
852 1007 897 1036 sit.
921 1015 964 1036 tv.

228 1054 292 1078 852.
312 1062 336 1079 Α.
361 1055 425 1079 855.
450 1052 536 1086 Quam
552 1057 670 1089 promtos
689 1057 712 1078 ct
726 1050 842 1086 alacres,
855 1061 968 1089 praeser-

225 1093 273 1120 tim
296 1093 332 1121 ad
352 1093 528 1132 precandum,
556 1104 601 1121 nos
628 1093 725 1121 efficiat
750 1101 855 1132 accepta
883 1094 967 1132 gratia

225 1136 343 1174 Spiritus
359 1137 454 1167 sancti,
474 1144 533 1165 XII.
551 1142 615 1165 296.
637 1148 661 1164 A.
679 1142 743 1167 297.
762 1138 877 1173 Quando
892 1148 968 1166 men-

226 1187 278 1207 tcm
301 1186 402 1214 movet,
423 1180 492 1208 nihil
514 1187 551 1209 est
570 1180 642 1218 quod
662 1180 808 1219 impediat3
829 1191 890 1209 nam
911 1181 967 1220 ipsa

226 1233 286 1251 eum
302 1234 397 1262 magna
413 1224 545 1252 celeritate
562 1224 694 1263 procedit.
711 1231 743 1254 V.
766 1229 829 1254 193.
848 1235 874 1254 c.
902 1229 964 1255 194.

225 1267 342 1306 Spiritus
353 1268 436 1296 sancti
448 1267 532 1306 gratia
548 1267 664 1296 ostendit
678 1278 740 1306 opes
760 1278 820 1296 suas
841 1268 962 1297 virtutis-

226 1322 276 1349 que
290 1311 435 1350 potentiam
455 1311 482 1339 in
506 1311 651 1350 triumphis
666 1318 826 1350 martyrum.
846 1319 880 1341 II.
897 1316 962 1340 707.

209 1352 260 1383 ¹Iis
279 1355 325 1393 qui
343 1354 474 1383 docentur
489 1365 502 1383 a
518 1355 603 1393 gratia
618 1355 735 1394 Spiritus
747 1356 871 1384 convenit
887 1355 964 1392 ordo,

224 1398 299 1436 quies
319 1405 343 1426 et
366 1398 525 1428 moderatio.
545 1406 575 1427 v.
595 1403 658 1428 224.
680 1410 708 1427 n.
725 1399 844 1438 Spiritus
858 1406 965 1428 sanctus

222 1441 357 1479 quomodo
375 1441 401 1469 in
415 1442 491 1470 nobis
506 1442 660 1471 retineatur.
675 1449 720 1471 III.
737 1447 801 1471 316.
814 1455 840 1471 E.
855 1454 883 1472 A.
899 1448 964 1472 317.

221 1486 340 1525 Spiritus
373 1485 509 1514 renovatio
536 1486 601 1524 quid
635 1487 678 1515 sit.
716 1494 761 1515 XI.
791 1492 853 1516 112.
887 1499 911 1517 E.
936 1499 961 1516 F.

257 1530 374 1568 Spiritus
384 1530 467 1558 saneti
478 1529 611 1558 donorum
623 1530 961 1568 multiplicitas.v.195.A.

224 1577 287 1601 196.
304 1574 406 1601 Eorum
421 1573 637 1602 communicatio.
655 1575 698 1601 ΙΙ).
716 1574 834 1612 Spiritus
849 1585 901 1604 non
918 1575 964 1604 di-

222 1616 336 1654 viditur,
352 1617 397 1645 scd
409 1616 456 1645 dat
471 1625 574 1656 partem
588 1617 761 1656 operationis.
780 1620 825 1647 ΙΙ).
845 1619 963 1659 Spiritus

221 1660 340 1698 operatio
357 1659 426 1688 nihil
441 1661 571 1689 minuitur
591 1672 606 1689 a
631 1661 807 1690 multitudine
831 1663 963 1702 recipien-

221 1704 299 1731 tium.
320 1711 389 1732 VIII.
407 1708 470 1733 239.
492 1715 518 1732 A.
533 1707 642 1733 Donum
655 1704 772 1744 Spiritus
783 1706 866 1734 sancti
879 1707 963 1735 maxi-

222 1756 297 1775 mum
312 1747 433 1776 omnium
448 1747 504 1786 ipse
518 1748 636 1786 Spiritus
651 1755 767 1785 sanctus,
783 1749 830 1787 qui
843 1760 889 1778 nos
901 1751 963 1779 fecit

221 1800 251 1817 ex
267 1790 421 1819 hominibus
430 1791 546 1830 angelos,
563 1791 633 1820 filios
645 1792 696 1820 Dei
707 1799 732 1820 et
742 1793 835 1821 fratres
848 1793 959 1822 Christi.

222 1841 268 1862 IX.
286 1838 347 1863 561.
365 1845 391 1864 o.
414 1836 476 1870 Quo
496 1845 573 1863 sensu
591 1834 659 1863 dona
676 1836 792 1874 Spiritus
808 1838 890 1865 sancti
910 1838 962 1866 sint

220 1879 342 1915 wqualia.
361 1886 393 1907 X.
411 1883 476 1908 307.
493 1890 520 1909 D.
539 1884 602 1908 308.
629 1879 748 1918 Spiritus
765 1882 851 1910 sancti
877 1883 960 1921 gratia

221 1933 366 1961 numquam
386 1933 468 1962 parva
484 1923 528 1952 vel
550 1923 624 1960 vilis,
645 1922 690 1951 sed
705 1923 837 1952 mirabilis
851 1932 876 1953 et
891 1925 958 1954 dan-

219 1967 252 1995 tis
273 1966 454 1995 munificentia
477 1966 570 2005 digna.
595 1974 628 1996 II.
646 1971 671 1995 2.
697 1977 723 1994 D.
740 1968 856 1996 Fructus
870 1969 959 2008 Spiri-

219 2017 260 2038 tus
281 2010 365 2038 sancti
386 2010 506 2048 quinam.
529 2017 561 2038 II.
582 2014 647 2039 560.
670 2021 695 2040 A.
718 2021 742 2039 11.
763 2021 790 2039 e.
808 2011 958 2050 Spirituum

219 2054 345 2083 discretio
357 2053 423 2092 quid
435 2054 478 2082 sit.
492 2061 526 2083 Χ.
544 2059 606 2082 308.
620 2065 646 2082 A.
664 2053 781 2092 Spiritus
795 2055 878 2083 sancti
888 2055 957 2084 dona

218 2098 281 2126 olim
293 2108 370 2126 causa
384 2097 558 2126 schismatum
571 2097 598 2125 in
610 2097 748 2132 Ecclesiis,
763 2099 907 2136 quomodo.
923 2108 955 2130 x.

219 2146 283 2170 301.
304 2153 328 2169 n.
350 2153 376 2170 c.
399 2145 462 2169 302.
485 2141 603 2180 Spiritus
618 2141 754 2179 signorum
779 2142 922 2172 distinctus
943 2156 956 2172 a

216 2185 312 2224 spiritu
341 2184 503 2213 remissionis
518 2208 524 2221 ‚
577 2196 622 2214 nce
648 2185 728 2213 simul
756 2186 879 2215 collatus.
911 2195 954 2217 lx.

221 2233 280 2257 153.
298 2240 320 2257 n.

255 2273 285 2301 In
306 2272 439 2311 Spiritum
453 2279 573 2300 sanctum
589 2273 768 2312 blasphemia,
787 2275 844 2304 sive
861 2286 953 2314 pecca-

215 2324 272 2344 tum
297 2315 369 2354 quod
392 2315 492 2344 dicitur
513 2323 617 2344 contra
646 2318 783 2356 Spiritum
808 2325 952 2349 sanctum.

219 2367 229 2386 x
243 2368 272 2388 II.
302 2365 365 2389 505.
383 2370 408 2387 n.
424 2369 487 2398 sqq.
505 2361 565 2396 Quo
580 2371 655 2389 sensu
669 2371 720 2389 non
738 2363 896 2391 remittatur.
909 2364 950 2393 lh.

214 2405 242 2430 In
260 2404 391 2442 Spiritum
416 2410 536 2431 sanctum
558 2404 747 2443 blasphemant
767 2406 892 2435 haeretici.
917 2415 947 2435 II.

216 2451 277 2474 557.
293 2458 318 2474 1-2.
335 2452 398 2476 5⁷08.

252 2491 368 2528 Spiritus
384 2491 520 2519 servitutis
539 2491 603 2529 quid
621 2492 663 2520 sit.
687 2501 730 2523 IX.
749 2499 814 2523 637.
839 2505 866 2522 n.
884 2505 948 2533 sqq.

211 2534 263 2570 Ipsi
288 2535 433 2572 opponitur
448 2536 558 2573 spiritus
574 2536 714 2571 libertatis.
735 2539 786 2567 imo
799 2539 951 2579 adoptioni>

212 2587 287 2613 111ΙοΙῦ
304 2577 461 2614 ΙῚίῚΊῚίΙῙΠΙδ.
484 2580 526 2606 lb.

873 199 975 223 lum-:x
1000 198 1124 223 RERUM.

1063 267 1183 304 Spiritus
1196 272 1314 295 sanctus
1333 267 1418 295 Patri
1432 273 1458 296 et
1473 267 1553 295 Filio
1572 267 1761 296 consubstan-

1023 310 1114 338 tialis.
1134 317 1153 337 ι.
1173 314 1253 338 1033.
1266 320 1323 348 sqq.
1336 310 1457 349 Spiritus
1470 312 1565 339 sancti
1577 313 1762 350 inseparabi-

1025 354 1060 381 lis
1079 359 1105 381 et
1127 353 1315 382 indivisibilis
1337 358 1455 382 natura.
1478 360 1524 381 III.
1550 358 1613 381 965.
1639 365 1663 382 n.
1691 356 1763 394 Ejus

1024 400 1111 425 varia
1127 397 1252 424 uomina.
1273 397 1313 425 lb.
1339 408 1363 425 c.
1386 399 1529 437 variaque
1546 398 1700 426 attributa.
1718 405 1763 426 III.

1025 445 1087 469 972.
1107 441 1172 468 Lux
1186 448 1238 474 est,
1263 441 1417 479 quomodo.
1436 447 1506 469 VIII.
1528 439 1592 468 68'7.
1614 451 1640 468 c.
1656 451 1682 469 A.
1697 446 1761 470 688.

1026 484 1099 511 Cum
1111 485 1205 512 Patre
1216 490 1243 512 et
1259 484 1339 512 Filio
1352 486 1380 512 in
1394 484 1465 513 caelo
1479 486 1547 512 etin
1561 490 1637 512 terra
1649 494 1765 513 concor-

1024 528 1141 556 dissime
1160 528 1334 556 celebralur.
1348 535 1417 557 VIII.
1439 532 1504 558 909.
1519 538 1545 557 C.
1561 528 1682 566 Spiritus
1697 538 1765 558 sau-

1025 574 1064 599 cli
1084 572 1178 610 gloria
1201 582 1220 600 a
1243 573 1464 602 macedonianis
1488 572 1688 600 dehonestata.
1716 579 1762 601 III.

1025 620 1090 643 977.
1108 620 1171 643 978.
1194 617 1268 653 Ejus
1285 618 1450 644 missionem
1467 616 1594 644 haeretici
1611 617 1642 643 in
1661 622 1766 644 contu-

1025 659 1143 687 melium
1158 661 1289 697 capiunt.
1307 667 1352 688 ιιι.
1368 663 1431 687 982.
1450 670 1476 687 n.
1491 659 1654 697 Confirmat
1670 665 1696 687 et
1709 661 1766 687 im-

1022 703 1083 741 plet
1103 713 1138 731 ea
1152 713 1218 741 quoe
1229 709 1296 732 sunt
1310 703 1394 741 Filii,
1411 710 1440 731 ut
1452 703 1548 731 Filius
1563 703 1717 740 confirmat
1731 713 1767 731 ea

1025 756 1089 784 quoe
1106 753 1173 775 sunt
1196 747 1306 775 Patris.
1332 754 1378 776 III.
1401 751 1463 775 981.
1488 758 1514 774 A.
1541 747 1594 774 Est
1613 746 1767 784 plenitudo

1026 790 1171 829 evangelii
1184 813 1193 825 ,
1222 797 1253 818 ut
1281 791 1412 819 Christus
1434 789 1586 828 plenitudo
1616 789 1695 828 legis.
1724 789 1765 818 Ib.

1027 833 1177 871 Quomodo
1197 834 1319 872 Spiritus
1335 840 1454 863 sauctus
1474 833 1584 862 Christi
1604 842 1706 871 corpus
1731 834 1762 862 in

1026 878 1143 916 Virgine
1156 878 1366 915 efformuverit.
1381 885 1453 907 VIII.
1471 882 1536 906 921.
1554 888 1579 905 D.
1596 886 1623 906 E.
1643 877 1767 916 Spiritus

1025 928 1142 950 sanctus
1158 925 1241 950 venit
1260 925 1291 950 in
1311 924 1443 958 Petrum,
1465 925 1549 950 venit
1570 923 1602 948 in
1625 921 1765 950 Paulum.

1025 971 1070 993 III.
1095 970 1157 994 980.
1183 966 1331 1004 Quomodo
1348 967 1536 1004 dignoscatur
1550 967 1643 993 inesse
1662 965 1763 995 alicui.

1024 1015 1069 1036 ιιι.
1088 1013 1151 1037 980.
1165 1019 1190 1038 c..
1205 1020 1234 1037 D.
1251 1010 1330 1048 Saepe
1344 1012 1375 1037 in
1388 1010 1545 1047 Scripturis
1557 1010 1659 1047 gratia
1672 1009 1764 1049 Spiri-

1023 1058 1068 1080 tus
1078 1062 1126 1080 seu
1136 1053 1242 1081 donum
1253 1060 1378 1082 vocatur
1387 1053 1521 1091 Spiritus.
1535 1059 1604 1081 VIII.
1618 1057 1682 1080 865.
1697 1064 1726 1081 n.
1740 1064 1763 1082 ε.

1023 1095 1074 1122 An
1100 1096 1176 1124 mitti
1195 1099 1332 1134 Spiritum
1355 1103 1486 1124 sanctum
1505 1098 1543 1124 sit
1561 1096 1636 1124 idem
1655 1106 1691 1124 ac
1715 1097 1765 1125 do-

1023 1149 1090 1166 num
1103 1141 1164 1177 ejus
1179 1141 1265 1168 mitti.
1284 1147 1329 1169 ιιι.
1349 1144 1412 1168 982.
1432 1141 1497 1177 Ipse
1516 1141 1605 1167 mittit
1617 1140 1763 1178 factorem

1021 1182 1086 1210 coeli
1101 1188 1129 1210 et
1149 1187 1242 1211 terroe.
1260 1182 1300 1211 lb.
1314 1183 1437 1221 Spiritus
1453 1189 1572 1211 sanctus
1582 1193 1634 1220 per
1647 1191 1763 1213 sanctos

1020 1235 1087 1254 suos
1106 1225 1210 1261 futura
1232 1229 1317 1265 quasi
1332 1228 1489 1264 proesentia
1507 1228 1676 1255 annuntiat.
1689 1234 1760 1256 VIII.

1022 1274 1086 1297 910.
1110 1279 1135 1298 Ε.
1153 1269 1276 1308 Spiritus
1299 1271 1407 1299 Christi
1426 1280 1512 1309 quem
1527 1271 1616 1298 Patri
1637 1273 1760 1300 moriens

1020 1314 1204 1342 commendat
1217 1321 1259 1342 est
1273 1316 1334 1353 ejus
1346 1316 1452 1343 anima.
1467 1321 1538 1342 VIII.
1557 1318 1622 1344 864.
1643 1325 1669 1342 A.
1689 1319 1754 1345 865.

1059 1366 1324 1395 SrmiTUALiinulla
1337 1373 1444 1395 externa
1459 1366 1610 1406 operatione
1625 1366 1756 1405 indigent.

1022 1416 1053 1436 v.
1072 1413 1117 1438 24.
1133 1420 1158 1437 c.
1181 1410 1211 1438 In
1224 1410 1410 1449 spiritualibus
1425 1410 1534 1439 omnino
1557 1421 1661 1439 necesse
1677 1418 1716 1440 est
1732 1419 1762 1440 ut

1019 1452 1065 1490 qui
1075 1453 1168 1490 quaerit
1180 1453 1306 1483 inveniat.
1319 1462 1351 1483 V.
1369 1459 1432 1486 122.
1446 1465 1471 1483 13.
1489 1454 1646 1493 Spiritualia
1657 1466 1671 1483 a
1687 1456 1762 1494 prin—

1019 1496 1089 1534 cipio
1111 1497 1226 1535 perfecta
1246 1505 1315 1526 sunt.
1332 1506 1404 1528 VIII.
1429 1504 1492 1528 171.
1514 1509 1540 1526 Β.
1564 1503 1627 1527 172.
1650 1499 1761 1538 Semper

1018 1539 1200 1578 splendidiora
1212 1541 1337 1571 evadunt.
1352 1550 1423 1571 VIII.
1437 1547 1501 1571 300.
1518 1554 1544 1570 A.
1562 1542 1761 1572 Distributione

1018 1584 1102 1622 magis
1117 1592 1246 1614 crescunt.
1265 1593 1309 1614 IV.
1328 1591 1391 1614 227.
1411 1597 1437 1614 A.
1459 1585 1500 1614 Ad
1523 1585 1673 1625 spiritualia
1688 1597 1759 1625 quo-

1017 1627 1096 1656 modo
1117 1628 1308 1659 accedendum.
1333 1637 1377 1659 IV.
1402 1635 1447 1659 87.
1471 1641 1496 1658 B.
1525 1630 1684 1669 Spiritualia
1707 1641 1758 1660 nou

1018 1672 1133 1710 propriis
1146 1673 1353 1712 cogitationibus
1362 1674 1550 1713 permittenda.
1567 1681 1642 1706 VIII.
1656 1679 1720 1704 162.
1734 1685 1758 1704 B.

1021 1720 1082 1744 163.
1107 1717 1266 1755 Spiritualia
1293 1717 1481 1756 spiritualibus
1509 1728 1664 1758 cognparare
1690 1719 1758 1756 quid

1016 1759 1059 1788 sit.
1076 1767 1110 1790 X.
1127 1765 1171 1789 6-1.
1190 1772 1215 1790 c.
1235 1772 1261 1791 n.
1279 1773 1302 1790 Ε.
1319 1767 1363 1791 65.
1376 1762 1535 1802 Spiritnalia
1548 1762 1673 1800 nequitiae
1687 1773 1756 1800 quae.

1017 1810 1062 1831 XI.
1079 1809 1142 1833 194.
1158 1817 1182 1833 A.

1053 1852 1208 1890 Spiritualis
1225 1853 1304 1882 homo
1321 1854 1390 1892 quis,
1406 1861 1450 1883 IV.
1466 1858 1530 1882 798.
1546 1864 1571 1882 c.
1589 1855 1688 1883 Omnia
1703 1855 1755 1884 sert

1013 1895 1136 1927 libenter.
1151 1904 1210 1927 XII.
1224 1902 1289 1927 451.
1303 1909 1328 1927 A.
1344 1901 1408 1926 452.
1425 1897 1561 1926 Honorem
1573 1909 1691 1936 quaerere
1702 1909 1754 1928 non

1013 1939 1114 1968 debeta
1129 1940 1297 1971 mulieribus.
1316 1948 1336 1970 I.
1355 1945 1419 1971 299.
1434 1953 1461 1969 A.

1052 1988 1184 2016 spos-aus
1209 1988 1328 2017 balsamo
1348 1988 1463 2027 impletis
1486 1990 1628 2019 utebantur
1652 1991 1752 2020 divites

1012 2030 1044 2059 ad
1056 2041 1159 2060 mensas
1173 2031 1373 2071 abstergendas.
1387 2039 1418 2062 V.
1438 2038 1498 2062 158.
1514 2044 1538 2064 Ε.

1051 2082 1172 2109 spossus
1188 2087 1276 2109 noster
1293 2081 1426 2110 Christus.
1445 2089 1478 2112 V.
1501 2088 1546 2113 36.
1566 2094 1595 2113 n.
1616 2094 1640 2114 ε.
1663 2083 1750 2122 Spon-

1011 2132 1055 2149 sus
1070 2123 1159 2160 qualis
1176 2124 1286 2163 Virgini
1303 2124 1473 2162 quaerendus.
1497 2133 1542 2155 XI.
1560 2131 1625 2156 489.
1644 2137 1670 2154 Λ.
1685 2136 1710 2154 Β.
1728 2137 1752 2155 c.

1015 2170 1074 2194 690.

1049 2214 1166 2242 Sponsa
1174 2214 1274 2243 Christi
1286 2215 1410 2243 Ecclesiae
1425 2214 1610 2253 pulchritudo.
1624 2224 1657 2247 V.
1671 2221 1717 2247 36.
1727 2230 1751 2247 Α.

1010 2262 1055 2287 37.
1071 2258 1136 2296 Ejus
1150 2268 1225 2293 zona,
1237 2258 1319 2286 calcei
1335 2268 1406 2296 qutc.
1422 2260 1466 2286 ΙΙ).

1048 2306 1158 2344 Sponsa
1180 2308 1210 2334 in
1227 2308 1342 2335 cantico
1359 2316 1452 2345 pavor
1473 2308 1624 2345 appellata
1638 2331 1645 2345 ‚
1666 2316 1695 2338 ut
1710 2310 1752 2338 di-

1009 2356 1091 2377 scant
1105 2350 1240 2378 mulieres
1252 2350 1329 2378 nolle
1340 2361 1370 2379 se
1379 2361 1442 2378 cum
1456 2351 1615 2389 voluptate,
1626 2354 1678 2381 sed
1686 2364 1750 2382 cum

1007 2396 1169 2422 reverentia
1180 2396 1277 2432 potius
1293 2395 1430 2432 spectari.
1443 2401 1462 2422 1.
1478 2399 1541 2423 995.
1558 2407 1586 2426 c,

1047 2442 1198 2471 SPONSiLIA
1225 2442 1311 2470 facere
1335 2449 1394 2470 ante
1420 2442 1534 2471 multum
1561 2450 1664 2483 tempus
1691 2455 1748 2474 mos

1008 2485 1056 2512 suit
1070 2491 1200 2515 veterum.
1217 2492 1264 2515 IV.
1278 2490 1341 2516 513.
1363 2498 1383 2516 1.

1046 2534 1150 2560 Sron'rt
1160 2543 1189 2560 LA
1209 2533 1274 2571 quid
1294 2533 1433 2571 significet.
1464 2542 1507 2562 III.
1537 2539 1600 2563 869.
1627 2546 1649 2565 n.
1677 2536 1748 2565 Vide

1007 2583 1117 2604 notatu.
