1950 2922
106 1704 138 1756 ss-I:

55 1689 86 1779 ver]-

91 1702 103 1749 ...-

56 1841 197 1871 T.6.p.295.

55 2343 195 2373 T.1.p,17.

56 2382 77 2395 C·

57 2430 196 2461 T.6.p.295.

56 2464 79 2483 d.

54 2503 195 2534 T,8.p.67.

55 2544 74 2555 c.
94 2539 115 2555 et
137 2539 153 2555 t.
172 2541 194 2562 ξ).

56 2575 77 2593 1*-
89 2566 142 2594 590.
159 2574 178 2586 c.

55 2598 110 2626 59⁸.
120 2605 140 2617 a.

159 1702 184 1755 ἕξῖ

214 216 280 238 2:12

816 212 972 234 si'Not‘sis
999 211 1128 241 EORUM,

866 423 1042 452 DIATRIBA
1068 424 1105 451 V.

214 547 340 584 Πάρργα,
358 547 417 573 sive
431 544 485 572 illa
498 545 596 571 omnia
610 553 674 581 quae
686 545 717 570 in
731 541 971 570 similitudinibus
983 547 1184 569 commemorat
1200 541 1424 577 Chrysostomus
1433 563 1441 577 ,
1453 552 1516 580 quae
1527 543 1569 570 ad
1578 551 1638 570 rem
1648 542 1750 571 Eccle—

507 597 657 624 siasticam
676 605 734 624 non
749 600 898 632 spectant,
914 599 942 623 et
954 593 1117 632 singularia
1131 604 1206 632 saepe
1220 594 1455 632 complectuntur.

221 723 228 733 '
253 722 358 751 Genere
370 721 466 760 Syrius
477 727 533 749 erat
545 721 660 750 Joannes
675 725 763 748 noster
777 725 802 746 et
812 717 955 746 Antioche-

212 777 278 796 nus:
294 767 478 805 familiareque
494 773 532 795 est
549 766 635 805 Syris,
650 765 737 803 inquit
753 764 932 803 Hieronymus
944 786 952 798 ,

212 814 252 841 nti
266 813 401 853 parabolis
423 820 448 841 et
471 812 706 841 similitudinibus.
731 811 787 839 Hae
799 810 826 839 in
847 821 874 838 re
896 821 956 849 per-

211 866 291 898 petuo
303 866 425 887 versatur
437 859 644 898 Chrysostomus
660 858 687 886 in
702 857 876 886 concionibus
886 856 953 885 suis.

212 905 346 944 Exempla
360 906 460 944 profert
478 905 682 944 imperatorum,
695 903 956 937 aulicorum,c0nsu-

211 951 267 979 lum
277 973 284 986 ,
298 951 415 979 divitum
442 957 466 979 ct
486 952 679 989 cujuscumque
694 949 856 978 conditionis
868 948 955 976 bomi-

211 1008 277 1025 num
291 1009 297 1024 :
317 997 472 1026 vestimenta
484 996 616 1036 depingit,
635 995 841 1035 supellectilem,
857 993 957 1022 aedium

214 1045 328 1072 formam
340 1051 365 1072 et
379 1050 533 1072 ornamenta
549 1055 555 1070 :
572 1043 700 1071 circenses
720 1041 800 1070 ludos
815 1047 839 1069 et
856 1040 955 1079 hippo-

215 1089 340 1118 dromum
362 1089 514 1127 frequenter
537 1094 736 1117 commemorat.
757 1086 954 1116 Utatheatra-

210 1134 284 1163 libus
299 1134 456 1173 spectaculis
467 1134 597 1173 populum
610 1141 712 1167 avocet,
726 1143 784 1170 qua.-
797 1132 884 1171 turpia
900 1132 956 1160 illic

212 1179 389 1217 gerebantur,
407 1179 560 1207 minutatim
581 1179 718 1207 describit.
733 1178 783 1206 Hic
798 1177 889 1206 videas
904 1188 956 1205 nu-

209 1227 328 1264 ptiarum
340 1225 419 1260 ritus,
432 1225 601 1264 praeficarum
613 1235 712 1252 morem
724 1236 728 1251 :
742 1223 822 1252 modo
837 1223 955 1251 circula-

209 1277 298 1299 torum
313 1277 386 1309 gesta
401 1270 559 1308 singularia,
579 1269 659 1297 modo
673 1269 893 1297 funambulorum
908 1280 954 1296 ar-

209 1322 263 1344 tem
277 1316 406 1355 ;justitiae
421 1316 576 1344 exercendce
591 1316 682 1350 ritum,
697 1315 895 1353 praestigiarum
910 1326 954 1354 ge-

209 1372 272 1390 nera
287 1361 405 1400 plurima
415 1384 422 1397 ,
437 1361 542 1399 aliaque
555 1361 697 1400 permulta.
713 1360 779 1395 Quae
795 1361 895 1398 omnia,
909 1371 954 1389 or-

207 1407 270 1436 dine
281 1408 396 1446 quodam
410 1407 553 1436 distributa
564 1429 572 1444 ,
586 1407 630 1435 hic
642 1417 775 1435 recensere
787 1417 872 1445 operae
887 1417 952 1446 pre-

209 1455 278 1482 tium
291 1464 346 1482 esse
360 1452 439 1481 duxi.

257 1562 471 1597 Imperatorum
484 1560 589 1595 cultus,
604 1566 713 1596 vestes,
724 1565 910 1595 ornamenta,

443 1613 545 1648 aulici,
557 1612 709 1640 satellites.

249 1691 399 1730 Imperator
427 1700 553 1719 coronam
574 1690 693 1729 gestabat
718 1701 826 1718 auream
841 1690 952 1729 gemmis

191 1743 197 1747 ”
210 1737 314 1776 magnis
321 1743 346 1764 et
358 1736 557 1775 pretiosissimis
565 1737 734 1765 intertextam
747 1747 898 1776 :purpureo
907 1747 952 1765 ve-

210 1783 274 1811 stitu
287 1789 341 1810 toto
357 1793 467 1820 corpore
475 1782 605 1820 fulgebat.
623 1782 678 1811 Soli
690 1789 779 1810 autem
794 1783 954 1821 Imperatori

211 1828 308 1857 licebat
322 1835 425 1866 gestare
439 1839 587 1867 purpuram
599 1835 623 1856 et
637 1827 762 1856 diadema
773 1828 800 1856 in
815 1828 910 1867 capite.
924 1829 953 1857 ln

211 1874 330 1903 vestibus
341 1874 398 1913 ejus
413 1874 504 1902 sericis
515 1873 642 1902 dracones
656 1873 775 1912 depictos
784 1874 875 1902 videre
889 1881 953 1902 erat.

211 1922 301 1951 Aulioi
317 1932 425 1959 quoque
443 1928 468 1950 et
493 1921 619 1949 satellites
639 1921 696 1960 ejus
716 1931 781 1949 auro
795 1921 952 1959 fulgebant,

210 1974 296 1996 vestes
311 1978 400 1996 eornm
416 1967 503 1995 aureiS
517 1967 570 1995 filis
589 1967 739 1996 intertextae
753 1967 952 1996 eran12h0rum

209 2014 305 2042 lanceae
314 2013 448 2042 deauratae
461 2025 466 2040 :
480 2013 540 2052 equi
555 2023 634 2041 aureo
648 2013 731 2049 freno,
744 2012 873 2052 ephippia
887 2024 953 2043 auro

210 2059 347 2088 micantia.

250 2105 300 2133 Per
314 2105 408 2134 urbem
421 2112 445 2134 et
455 2115 562 2144 campos
575 2112 731 2142 exeuntem,
746 2113 911 2135 scutatorum
928 2114 954 2136 et

211 2150 377 2179 hastatorum
400 2151 520 2179 cobortes
541 2151 691 2190 stipabant,
709 2152 754 2190 qui
772 2159 797 2180 et
812 2152 863 2191 ipsi
888 2163 953 2183 auro

211 2197 300 2225 onusti
312 2197 419 2236 clypeos
442 2198 579 2236 gestabant
593 2198 681 2226 aureis
696 2199 832 2227 umbilicis
845 2198 954 2227 decora·

210 2249 267 2279 1053
284 2242 385 2270 circum
401 2250 488 2271 autem
500 2243 642 2273 umbilicos
656 2245 728 2273 aurei
742 2245 812 2273 oculi
828 2245 953 2274 viseban-

210 2294 269 2325 tur,
283 2289 340 2316 lora
351 2288 385 2316 ad
400 2299 519 2317 summas
533 2301 592 2318 oras
609 2298 715 2319 extensa
733 2290 836 2329 lapillis
861 2298 952 2320 ornata

210 2334 302 2362 multis
314 2341 397 2362 erant.
419 2335 520 2362 Currus
541 2337 656 2373 Augusti
669 2343 739 2365 totus
753 2347 866 2373 aureus,
885 2339 952 2376 jugo

209 2379 332 2408 albarum
344 2379 479 2408 mularum
500 2391 566 2408 auro
581 2381 739 2419 fulgentium
752 2383 861 2421 junctus
875 2390 949 2418 erat3

210 2424 246 2453 ita
266 2432 296 2454 ut
319 2425 480 2453 mirarentur
504 2436 606 2461 omnes,
626 2427 712 2465 inquit
727 2429 949 2467 Chrysostomus,

210 2482 336 2510 purpurae
346 2471 437 2500 florem
446 2494 453 2507 ,
462 2482 628 2509 gemmarum
642 2474 854 2512 magnitudinem
864 2498 872 2509 ‚
892 2487 948 2504 mn-

209 2517 296 2545 larum
312 2517 429 2545 alborem
442 2518 557 2556 ,jugum
584 2529 695 2546 aureum
709 2542 715 2555 ,
727 2526 751 2547 et
767 2521 841 2548 strati
862 2522 949 2559 sulgo-

208 2575 274 2596 rcm,
292 2563 363 2601 quod
379 2570 491 2592 stratum
505 2564 613 2592 niveum
628 2571 683 2592 crat
697 2572 775 2603 atque
789 2566 944 2595 candidum.

207 2610 236 2637 In
251 2621 330 2638 curru
346 2621 409 2639 vero
422 2610 525 2638 laminae
541 2617 613 2639 erant
629 2622 714 2639 aurcae
731 2612 875 2648 versatiles,
888 2624 945 2650 quae

1009 723 1082 745 motu
1109 717 1214 756 agitatae
1238 717 1380 746 micabant.
1397 718 1468 756 Equi
1482 718 1562 746 etiam
1576 717 1749 757 Imperatoris

1008 775 1074 792 auro
1089 764 1187 797 onusti,
1200 771 1225 792 et
1236 764 1308 792 frena
1321 774 1426 802 quoque
1440 774 1518 792 aurea
1533 771 1618 792 erant.

1049 811 1089 838 De
1101 810 1179 849 pictis
1190 821 1252 838 vero
1268 812 1451 848 Augustorum
1462 810 1625 848 imaginibus
1639 810 1696 838 haec
1709 820 1748 838 re-

1009 855 1057 883 scrt
1075 856 1136 884 ille:
1157 869 1170 882 (ι
1189 856 1290 885 Vidisti
1306 867 1376 896 saepe
1390 856 1589 894 imperatoriam
1604 855 1745 894 imaginem
1761 866 1901 896 T.3.p.234.

1009 901 1122 930 caeruleo
1137 902 1245 930 tinctam
1261 902 1347 930 colore
1361 914 1366 929 :
1382 902 1480 930 deinde
1494 912 1558 930 vero
1571 901 1699 940 pictorem
1710 902 1749 930 al-
1761 898 1784 918 ‘¹-

1008 946 1055 975 bas
1069 947 1151 976 lineas
1163 948 1303 977 ducentem
1312 971 1319 983 ‚
1335 955 1361 978 et
1372 948 1470 977 solium
1487 947 1689 987 imperatorium
1699 970 1708 984 ‚
1723 955 1748 976 et

1008 1003 1089 1031 equos
1104 993 1246 1029 adstantes,
1262 1002 1286 1023 et
1298 994 1430 1030 satellites,
1447 1001 1472 1022 et
1487 994 1591 1022 vinctos
1605 994 1693 1023 hostes
1705 1001 1747 1022 at-

1009 1050 1059 1077 que
1072 1040 1204 1069 subactos.
1219 1053 1234 1067 ν»
1627 1041 1632 1044 ’

1048 1086 1111 1113 Pari
1126 1086 1197 1114 cultu
1220 1086 1340 1114 consules
1354 1086 1531 1121 incedebant,
1553 1093 1582 1114 ut
1604 1086 1661 1125 ipse
1685 1086 1723 1114 ait
1739 1098 1745 1113 :
1784 1096 1813 1117 T.
1828 1102 1862 1118 η.
1875 1104 1899 1125 p.

1011 1143 1024 1157 ι(
1042 1132 1101 1159 Non
1123 1131 1219 1160 videtis
1235 1132 1412 1170 Imperatores
1427 1139 1451 1160 et
1467 1132 1586 1160 consules
1607 1142 1688 1160 curru
1701 1142 1747 1170 ge·
1760 1127 1799 1156 ⁶9·
1811 1129 1849 1154 [¹³]

1008 1183 1090 1204 statos
1105 1184 1128 1205 ct
1143 1187 1207 1205 auro
1219 1184 1334 1212 ornatos,
1350 1184 1375 1205 et
1387 1177 1512 1205 satellites
1523 1177 1611 1205 omnia
1622 1176 1749 1204 habentes

1008 1232 1098 1255 aurea,
1112 1232 1205 1250 aureas
1218 1222 1331 1257 lanceas,
1343 1233 1436 1250 aureos
1447 1222 1555 1261 clypeos
1569 1245 1577 1259 ,
1593 1232 1685 1250 aureas
1702 1231 1749 1250 ve-

1006 1275 1068 1303 stes,
1085 1279 1165 1306 equos
1180 1268 1268 1296 aureis
1282 1275 1387 1296 ornatos
1401 1268 1535 1307 ephippiis
1546 1269 1559 1296 :²
1575 1282 1587 1293 ιι

1047 1316 1223 1353 Imperatores
1245 1310 1374 1353 praefectis
1395 1315 1450 1342 suis
1474 1325 1566 1343 aureas
1577 1313 1749 1354 porrigebant
1760 1320 1899 1349 T.6.p.109.

1008 1361 1118 1390 tabellas
1140 1361 1165 1389 in
1193 1361 1363 1399 magistratus
1383 1361 1499 1399 signum.
1524 1360 1640 1397 Quando
1656 1360 1747 1388 literas
1760 1359 1780 1372 ε’
1861 1392 1869 1404 Ι

1006 1407 1146 1436 mittebant
1160 1407 1336 1446 Imperatores
1358 1407 1414 1436 sive
1436 1408 1463 1435 in
1487 1407 1588 1436 theatro
1603 1408 1660 1436 sive
1682 1407 1748 1435 alibi
1759 1393 1900 1453 {ffbfqfiff

1004 1453 1139 1491 legendas,
1154 1463 1189 1481 eze
1205 1464 1266 1481 cum
1280 1464 1374 1491 magna
1387 1454 1534 1483 reverentia
1548 1461 1665 1493 exceptae
1675 1454 1748 1492 lege-
1760 1461 1797 1476 ¹10¹
1819 1462 1841 1476 c.
1860 1464 1883 1485 p.

1006 1499 1105 1527 bantur
1119 1499 1258 1528 silentibus
1273 1499 1406 1527 omnibus.
1763 1491 1813 1517 ¹⁰7*
1824 1487 1847 1508 ‘³‘

1100 1607 1280 1644 optimatum
1295 1611 1321 1634 et
1333 1606 1456 1634 divitum
1469 1606 1566 1641 luxus,
1579 1616 1655 1645 opes,

1235 1658 1320 1693 tedes,
1338 1668 1448 1693 mensa,
1465 1664 1517 1686 etc.

1047 1736 1214 1774 Optimatum
1224 1747 1365 1774 quoqueac
1375 1736 1494 1764 divitum
1502 1737 1599 1764 fastum
1612 1744 1637 1765 et
1648 1737 1746 1766 luxum

1008 1783 1164 1821 perstringit
1185 1782 1390 1822 Cbrysostomus
1404 1805 1412 1819 ,
1437 1782 1618 1821 describitque
1648 1783 1747 1811 aedium

1007 1829 1232 1867 magnificentiam
1247 1851 1253 1863 ‚
1270 1829 1385 1857 vestium
1399 1828 1511 1864 cultum,
1532 1838 1684 1857 mensarum
1695 1839 1744 1868 ap-

1008 1882 1140 1914 paratum,
1159 1874 1338 1914 parasitorum
1352 1875 1468 1912 agmina,
1479 1874 1641 1903 famulorum
1653 1875 1747 1913 ingen-

1008 1927 1060 1949 tem
1071 1931 1221 1949 nnmerum.

1047 1967 1198 2006 Optimates
1213 1967 1296 2006 igitur
1307 1973 1331 1996 et
1344 1967 1462 2006 opulenti
1482 1967 1581 2006 quique
1593 1967 1645 1995 viri
1657 1966 1748 1995 sericis

1006 2013 1094 2041 induti
1109 2013 1227 2041 vestibus
1239 2020 1314 2041 erant
1334 2024 1400 2041 auro
1416 2013 1566 2041 intertextis
1583 2020 1608 2041 et
1622 2013 1748 2051 magnifi-

1007 2059 1043 2087 cis
1059 2071 1065 2087 :
1086 2066 1220 2098 unguenta
1243 2066 1269 2087 et
1289 2065 1408 2087 aromata
1427 2069 1530 2098 semper
1544 2058 1668 2087 olebant:
1684 2068 1748 2086 zona

1006 2105 1143 2145 praecincti
1154 2115 1242 2141 aurea,
1254 2104 1334 2133 calcei
1342 2115 1448 2142 quoque
1459 2115 1524 2132 auro
1539 2104 1686 2142 fulgebant.
1698 2104 1748 2132 Fa-

1007 2151 1142 2179 mulorum
1151 2158 1174 2179 et
1182 2150 1366 2179 eunuchorum
1378 2150 1483 2178 turbam
1497 2151 1630 2189 ingentem
1643 2149 1713 2178 alere
1723 2156 1748 2178 et

1007 2204 1137 2225 ostentare
1151 2207 1256 2225 summo
1272 2196 1361 2224 studio
1377 2196 1516 2232 curabant,
1527 2206 1642 2234 quorum
1667 2195 1746 2224 multi

1006 2243 1114 2271 barbari
1133 2249 1215 2272 erant.
1237 2243 1278 2270 De
1299 2252 1380 2281 opum
1394 2241 1489 2280 grandi
1509 2242 1585 2281 copia
1598 2248 1623 2270 et
1636 2241 1748 2270 famulo·
1789 2259 1817 2281 Τ,

1006 2300 1066 2318 tum
1085 2300 1194 2318 numero
1210 2289 1268 2316 baec
1288 2288 1401 2327 carptim
1426 2288 1494 2316 dicit
1516 2288 1813 2327 Chrysostomu51533.

1006 2349 1020 2362 u
1032 2336 1067 2365 Et
1079 2342 1105 2363 tu
1126 2334 1233 2373 quidem
1249 2341 1288 2362 tot
1302 2344 1432 2362 memoras
1443 2341 1517 2362 terra:
1535 2335 1640 2373 jugera,
1653 2333 1746 2362 domos

1004 2381 1095 2410 decem
1112 2382 1153 2411 vel
1174 2381 1280 2420 viginti,
1303 2380 1396 2409 balnea
1423 2380 1552 2416 totidem,
1568 2391 1657 2408 servos
1673 2380 1748 2408 mille

1004 2435 1050 2455 aut
1073 2428 1115 2456 bis
1141 2427 1226 2463 mille,
1243 2437 1336 2455 currus
1356 2427 1487 2465 argenteis
1507 2426 1614 2454 laminis
1625 2426 1667 2455 vel
1681 2436 1746 2454 auro

1005 2481 1117 2513 opertos.
1136 2486 1149 2500 »
1168 2472 1293 2502 Eunuchi
1308 2472 1385 2500 ctiam
1401 2479 1426 2500 et
1442 2472 1536 2500 famuli
1550 2482 1615 2499 auro
1640 2472 1745 2509 fulgen-

1005 2526 1042 2547 tes
1056 2526 1139 2553 erant,
1155 2519 1304 2556 horumque
1317 2518 1427 2557 plurimi
1443 2517 1582 2556 torquibus
1594 2525 1619 2546 et
1630 2518 1744 2546 armillis

1003 2566 1090 2594 aureis
1111 2565 1312 2594 decorabantur.

1043 2612 1153 2642 ‚hlium
1168 2622 1273 2650 quoque
1288 2610 1457 2650 splendorem
1471 2617 1494 2639 et
1516 2608 1743 2648 magnificentiam

1827 2264 1855 2318 [7-
1873 2267 1899 2289 Ρ·
