1910 2907
625 194 713 217 NUNC
740 194 873 217 PRIMUM
900 194 1098 218 ADonNATA.

85 255 151 283 ordo
164 254 246 294 probe
260 254 409 294 percipitur
425 264 459 283 ex
473 255 506 284 iis
521 265 580 293 quae
595 255 724 284 Sermone
738 256 827 295 primo

83 301 118 330 de
135 304 211 331 Anna
231 310 322 331 narrat
341 303 559 342 Chrysostomus.
580 304 660 333 «Vos
680 304 751 332 enim
773 304 828 332 sor-

83 355 180 385 tasse,»
190 349 289 388 inquit,
301 360 410 378 «eorum
427 350 503 378 obliti
515 350 586 385 estis,
600 361 631 379 eo
640 350 711 388 quod
728 351 826 379 multos

81 395 181 424 interea
199 407 349 432 sermones,
366 403 391 425 et
411 396 444 425 de
463 396 523 424 aliis
539 397 619 425 rebus
633 407 681 425 nos
700 396 827 425 habueri-

82 452 153 470 mus.
169 443 238 470 Nam
248 453 353 471 reverso
367 454 382 471 a
396 442 543 481 longinqua
555 443 768 482 peregrinatione
779 443 826 471 Pa-

81 493 122 516 tre
138 495 245 523 nostro,
259 488 437 516 necessarium
456 488 506 516 fuit
521 489 611 516 omnia
629 499 824 517 commemora-

80 543 127 569 re,
141 544 201 571 quae
222 534 250 562 in
263 534 398 562 Comitatu
418 534 568 562 acciderant
583 545 589 562 :
605 545 634 563 ae
649 533 747 562 deinde
762 545 824 563 cum

80 579 228 617 gentilibus
241 579 392 618 disputare,
404 586 434 608 ut
450 580 497 608 hos
509 580 537 609 vi
549 580 708 608 calamitatis
720 579 754 608 ad
768 591 824 609 me-

78 625 173 654 liorem
189 626 292 664 frugem
315 633 464 658 revocatos,
480 626 541 663 qui,
555 626 660 654 deserto
681 626 822 664 gentilium

79 681 184 707 errore,
196 682 251 700 sese
264 671 298 699 ad
313 681 361 700 nos
377 671 555 706 contulerant,
571 682 619 710 pro
636 672 711 700 virili
725 672 822 700 confir-

66 725 228 753 'maremus,
242 727 273 745 ac
287 716 456 751 doceremus,
469 718 576 755 quantis
589 718 704 746 tenebris
719 718 822 746 libera-

78 763 111 799 ti,
127 762 162 791 ad
183 770 285 791 tantam
303 763 423 791 veritatis
444 763 531 792 lucem
553 764 738 793 accurrissent.
760 764 822 792 Post

78 809 125 837 illa
147 820 255 837 rursum
272 809 366 837 multis
386 809 482 838 diebus
504 817 657 848 martyrum
677 810 822 838 festivitate

78 855 157 893 potiti
176 865 269 883 sumus
291 867 297 882 x
314 865 399 893 neque
419 856 533 894 tempori
552 856 711 884 conveniens
727 855 821 884 fuisset

78 911 136 937 eos,
150 901 198 939 qui
217 902 244 930 in
260 901 389 941 sepulcris
404 908 556 940 martyrum
575 908 762 938 versarentur,
777 912 822 930 ea-

77 958 139 976 rum
158 948 270 976 laudum
293 958 352 985 quse
370 948 536 986 martyribus
551 947 684 976 debentur
702 954 820 976 exsortes

77 993 224 1025 discedere.
242 994 375 1023 Successit
393 994 436 1022 his
454 993 490 1022 ad
509 993 700 1022 abstinendum
715 1005 729 1022 a
742 995 820 1033 jura-

76 1039 172 1068 mentis
188 1039 348 1068 exhortatio.
366 1039 435 1067 Cum
458 1039 530 1068 enim
550 1046 632 1068 totam
655 1039 820 1068 rusticorum

76 1086 209 1114 nationem
222 1085 250 1114 in
261 1086 354 1114 urbem
367 1085 513 1124 ingressam
531 1096 707 1119 cerneremus,
720 1086 770 1115 hos
785 1087 819 1115 il-

76 1132 103 1160 lo
118 1143 134 1160 a
152 1131 230 1160 nobis
243 1131 386 1160 instructos
398 1132 496 1161 viatico
511 1133 664 1161 censuimus
676 1132 818 1161 dimitten-

77 1176 156 1206 dos.»

117 1225 289 1261 «Reverso,»
304 1224 406 1263 inquit,
421 1234 478 1252 «ex
491 1223 638 1262 longinqua
658 1224 817 1263 peregrina-

75 1269 147 1297 tione
160 1271 240 1299 Patre
253 1277 355 1305 nostro,
371 1269 549 1298 necessarium
563 1269 614 1297 fuit
631 1270 720 1298 omnia
741 1280 816 1298 eom-

77 1325 234 1352 memorare,
245 1326 305 1354 quce
317 1315 343 1343 in
355 1315 489 1343 Comitatu
499 1314 677 1344 acciderant.»
686 1316 736 1345 Hic
743 1315 816 1345 haud

74 1360 157 1389 dubie
171 1368 244 1390 notat
254 1361 403 1390 Homiliam
416 1361 573 1400 vigesimam
585 1361 700 1400 primam
716 1361 751 1390 ad
765 1362 817 1390 Po-

72 1407 169 1445 pulum
180 1408 375 1436 Antiochenum
391 1408 425 1436 T.
437 1409 465 1443 2,
481 1418 508 1446 p.
522 1409 580 1436 215
595 1418 602 1434 ε
616 1417 697 1445 quam
710 1407 814 1446 vigesi-

72 1463 143 1481 mam
159 1453 351 1482 numerandam
366 1464 422 1482 esse
436 1453 516 1481 modo
531 1453 688 1482 dicebamus
698 1476 706 1490 ,
719 1454 746 1482 in
761 1465 815 1492 qua

71 1499 161 1537 agitur
169 1499 203 1528 de
215 1499 302 1527 reditu
315 1499 438 1527 Flaviani
449 1499 579 1538 episcopi,
594 1499 680 1537 deque
695 1501 815 1529 reconci—

71 1544 135 1573 liata
146 1545 292 1574 Theodosii
303 1545 475 1584 Imperatoris
489 1555 551 1572 cum
564 1545 737 1574 Antiochenis
752 1556 815 1585 gra—

72 1591 120 1626 tia,
137 1603 195 1630 quae
215 1591 306 1620 concio
330 1592 357 1619 in
377 1591 421 1619 die
442 1591 580 1620 Pasehatis
600 1591 691 1620 habita
715 1592 812 1622 fuerat.

0 1644 62 1667 inilia
71 1638 164 1676 Pergit
178 1637 469 1676 ChrysostomuszuAc
481 1636 577 1666 deinde
590 1647 652 1666 cum
667 1639 814 1676 gentilibus

0 1678 63 1699 ΝΜ
72 1682 210 1721 disputare
227 1683 359 1722 oportuit,
377 1689 406 1711 ut
422 1682 476 1717 hos·
486 1683 514 1711 vi
529 1682 692 1712 calamitatis
706 1684 741 1712 ad
756 1695 813 1713 me—

71 1728 166 1758 liorem
187 1729 292 1768 frugem
312 1736 460 1764 revocatos,
477 1729 536 1767 qui,
551 1729 655 1758 deserto
671 1730 813 1769 gentilium

70 1785 176 1811 errore,
188 1786 244 1804 sese
257 1776 293 1804 ad
307 1786 354 1804 nos
365 1775 530 1804 contulerant
541 1799 549 1812 ,
563 1786 611 1815 pro
627 1776 702 1804 virili
714 1777 815 1805 confir—

70 1831 219 1854 maremus,
233 1822 339 1860 quantis
354 1822 470 1850 tenebris
484 1822 590 1850 liberati
606 1821 640 1850 ad
656 1829 758 1851 tantam
773 1823 814 1851 lu-

70 1878 126 1896 cem
137 1868 256 1895 veritatis
267 1868 573 1907 accurrissent.»Nempe
585 1868 680 1896 diebus
691 1875 752 1907 post
761 1869 814 1897 Pa-

69 1914 185 1942 schalem
205 1914 399 1942 solemnitatem
418 1915 605 1952 sequentibus,
620 1915 731 1953 gentiles
752 1915 813 1944 illos

69 1961 228 1989 confirmare
238 1960 354 1995 studuit,
367 1961 415 1999 qui
429 1971 464 1989 ex
478 1961 627 1989 calamitate
638 1962 812 1990 Antiochenis

68 2013 123 2035 tam
144 2007 291 2046 gentilibus
310 2017 392 2045 quam
407 2007 568 2035 Christianis
581 2007 616 2035 ob
634 2018 739 2036 eversas
758 2014 812 2036 sta-

68 2059 126 2080 tuas
152 2052 227 2080 illata
235 2075 243 2089 ,
268 2052 303 2080 ad
326 2052 466 2081 meliorem
490 2053 596 2091 frugem
620 2053 755 2090 revocati,
776 2053 811 2082 ad

69 2097 249 2126 Christianam
260 2098 342 2126 fidem
353 2105 517 2127 accesserant
529 2110 535 2125 :
547 2109 581 2127 an
594 2106 684 2127 autem
697 2109 764 2136 una,
777 2110 810 2128 an

68 2144 192 2183 pluribus
207 2145 381 2173 concionibus
395 2144 424 2173 id
440 2145 533 2183 egerit,
545 2145 678 2174 incertum
692 2152 730 2174 est
743 2158 751 2181 3
763 2145 811 2174 sed

68 2190 126 2218 sive
134 2201 214 2219 unam
226 2192 282 2220 sive
294 2191 383 2230 plures
396 2191 533 2227 hahuerit,
550 2193 639 2221 omnia
654 2193 806 2221 amisimus.

69 2236 172 2264 Verum
183 2236 251 2265 hanc
259 2238 392 2275 jacturam
402 2244 548 2275 utcumque
559 2238 640 2267 sarcit
649 2239 809 2278 Chrysosto-

68 2293 139 2317 mus,
152 2283 199 2321 qui
211 2294 240 2312 ea
253 2295 312 2322 quoe
323 2284 359 2313 ad
369 2285 480 2323 gentiles
495 2285 602 2314 dixerat
616 2286 643 2314 in
657 2286 708 2314 hac
719 2286 807 2315 homi-

67 2329 103 2356 tia
122 2339 169 2358 nec
186 2330 277 2369 paucis
295 2331 384 2359 verbis
400 2331 503 2370 repetit.
524 2332 670 2371 Subjungit
692 2343 756 2361 vero
777 2333 807 2361 S.

67 2375 161 2403 doctor
172 2375 281 2403 isthaec:
297 2377 384 2404 «Post
404 2377 451 2405 illa
473 2388 581 2405 rursum
602 2378 696 2406 multis
712 2378 807 2406 diebus

68 2427 220 2448 sanctorum
232 2420 375 2449 festivitate
386 2422 463 2460 potiti
475 2433 569 2451 sumus
578 2445 585 2457 ‚
596 2433 680 2461 neque
692 2423 807 2462 tempori

67 2467 227 2495 conveniens
240 2467 332 2495 fuisset
349 2478 402 2503 eos,
413 2468 459 2506 qui
471 2470 497 2496 in
508 2469 636 2508 sepulcris
657 2476 808 2508 martyrum

66 2521 246 2548 versarentur,
262 2524 353 2542 earum
369 2513 480 2542 laudum
496 2525 555 2552 quae
570 2515 736 2554 martyribus
758 2514 808 2543 de-

66 2559 163 2589 bentur
180 2567 297 2589 exsortes
314 2559 458 2589 discedere.
474 2561 607 2590 Successit
621 2561 666 2590 his
680 2561 714 2591 ad
728 2562 810 2590 absti-

66 2605 181 2634 nendum
192 2616 206 2634 a
215 2606 374 2645 juramentis
386 2606 534 2635 cohortatio
549 2618 556 2636 1
569 2617 628 2636 cum
641 2607 713 2636 enim
725 2615 808 2637 totam

1565 198 1627 231 127

882 257 1045 285 rusticorum
1063 256 1198 285 nationem
1216 255 1244 284 in
1259 255 1354 284 urbem
1370 255 1518 294 ingressam
1533 266 1624 285 eerne-

879 312 980 337 remus,
996 303 1045 331 hos
1059 302 1106 330 illo
1121 312 1136 330 a
1150 302 1229 330 nobis
1244 301 1388 331 instructos
1404 301 1504 331 viatico
1519 303 1623 331 censui-

879 358 939 376 mus
950 347 1134 377 dimittendos.
1146 359 1160 374 η

919 393 1021 422 Eadem
1040 404 1120 433 porro
1138 393 1207 433 ipsa,
1224 403 1282 432 quae
1295 393 1329 422 de
1348 399 1501 433 martyrum
1516 393 1620 423 festivi—

880 440 980 469 tatibus
991 440 1102 469 homilia
1117 440 1204 479 prima
1216 439 1250 468 de
1263 441 1338 468 Anna
1350 439 1444 475 refert,
1458 439 1487 468 in
1501 439 1621 468 Homilia

877 498 982 525 quoque
1002 487 1030 516 in
1044 487 1186 516 Dominica
1206 489 1253 522 τῆς
1275 486 1470 523 ἐπισωζομένης
1489 493 1617 521 recenset,

875 534 924 562 etsi
943 534 1056 573 paulum
1070 534 1177 562 diverso
1197 532 1325 561 narrandi
1350 532 1445 568 modo,
1464 539 1618 572 martyrum

875 590 969 619 nempe
989 580 1170 608 solemnitates
1187 579 1280 607 multis
1299 578 1396 607 diebus
1414 578 1573 614 celebratas,
1593 586 1619 608 et

875 628 1037 655 rusticorum
1068 626 1214 654 adventum
1224 648 1232 661 ,
1264 625 1363 663 quibus
1394 625 1440 653 ille
1472 625 1618 654 conciona-

874 679 917 701 tus
937 680 984 701 est.
1004 674 1107 702 Verum
1126 672 1170 700 hic
1190 672 1227 700 ait
1248 671 1294 699 ille
1313 682 1356 705 se,
1376 671 1442 699 dum
1464 679 1616 711 martyrum

874 720 939 748 festa
966 719 1175 752 celebrarentur,
1198 717 1354 745 infirmitate
1379 717 1515 746 detentum
1542 718 1617 747 domi

874 765 1013 799 mansisse,
1035 775 1120 802 neque
1145 770 1295 802 martyrum
1318 763 1509 791 festivitatibus
1532 764 1616 793 inter—

874 811 963 840 fuisse*
980 809 1058 839 Unde
1076 810 1154 837 infert
1166 808 1357 836 Tillemontius
1369 808 1437 836 duas
1450 809 1532 837 fuisse
1545 820 1615 838 mar-

874 864 965 896 tyrum
981 856 1139 885 festivitates
1154 867 1159 882 :
1173 862 1199 883 et
1215 862 1356 892 utramque
1369 854 1447 893 longa
1462 855 1528 883 serie
1537 855 1617 884 duos-

873 913 924 940 que
944 902 1107 931 rusticorum
1124 901 1271 935 adventus,
1286 907 1365 938 atque
1386 911 1507 929 sermone
1526 901 1614 939 primo

872 948 906 977 de
922 952 1010 984 Anna,
1024 948 1058 976 de
1080 948 1112 976 iis
1132 954 1284 986 martyrum
1303 946 1506 982 festivitatibus,
1526 946 1614 985 deque

873 995 1035 1024 rusticorum
1053 994 1182 1031 adventu,
1197 1003 1257 1031 quae
1276 992 1303 1020 in
1322 992 1536 1021 hebdomadibus
1554 999 1614 1031 post

872 1042 974 1071 Pascha
991 1041 1147 1070 acciderunt
1163 1051 1168 1067 :
1185 1040 1211 1068 in
1233 1038 1344 1067 homilia
1366 1045 1455 1067 autem
1475 1038 1566 1067 habita
1586 1039 1613 1067 in

871 1088 1013 1116 Domini‹·a
1025 1089 1072 1122 τῆς
1084 1085 1279 1124 ἐπισωζομένης
1291 1085 1325 1113 de
1339 1092 1490 1124 martyrum
1504 1086 1577 1114 festis
1589 1092 1614 1114 et

872 1134 906 1163 de
922 1135 1084 1163 rusticorum
1096 1133 1217 1161 adventu
1229 1132 1285 1170 agi,
1297 1131 1343 1170 qui
1356 1131 1383 1159 in
1399 1131 1613 1170 Quadi-agesima

872 1181 1050 1219 contigerunt.
1067 1180 1128 1209 Non
1152 1177 1367 1207 animadvertens
1388 1178 1613 1217 Chrysostomum

871 1226 960 1255 dicere
975 1228 1002 1255 in
1019 1226 1111 1255 eadem
1125 1224 1250 1261 homilia,
1264 1223 1359 1252 ducem
1377 1224 1498 1252 omnium
1511 1224 1613 1254 scilicet

871 1272 1045 1307 Flavianum,
1062 1272 1090 1300 in
1104 1271 1178 1299 hisce
1194 1281 1240 1309 per
1256 1269 1351 1297 urbem
1371 1269 1438 1297 actis
1458 1277 1609 1309 martyrum

870 1317 1077 1353 celebritatibus,
1085 1315 1216 1356 populum
1227 1314 1440 1344 circumduxisse
1449 1327 1456 1344 :
1464 1315 1538 1353 atqui
1545 1326 1613 1354 quo-

871 1363 950 1393 modo
962 1364 1049 1403 potuit
1058 1371 1176 1402 tempore
1186 1361 1404 1399 Quadragesimae
1416 1361 1547 1400 populum
1556 1364 1612 1390 An-

869 1411 1022 1439 tiochenum
1045 1409 1137 1438 multis
1153 1408 1248 1437 diebus
1263 1407 1477 1444 circumducere,
1495 1408 1541 1446 qui
1563 1419 1611 1447 per

870 1462 955 1484 totum
964 1454 1186 1493 Quadragesimae
1197 1460 1301 1492 tempus
1311 1452 1541 1492 Constantinopoli
1549 1464 1610 1482 ver·

870 1508 943 1530 satus
960 1501 1015 1529 sit?
1027 1501 1114 1529 Miror
1135 1499 1192 1527 haec
1211 1509 1262 1527 non
1284 1498 1507 1527 animadvertisse
1522 1499 1611 1528 Tille-

869 1547 1013 1579 monfium,
1031 1556 1116 1584 neque
1130 1545 1182 1573 alia
1200 1544 1286 1572 multa
1300 1544 1400 1572 absona
1422 1555 1481 1582 quae
1502 1554 1536 1573 ex
1554 1545 1611 1573 du-

868 1594 932 1632 plici
951 1593 997 1621 illa
1012 1593 1138 1621 festorum
1151 1591 1234 1626 serie,
1246 1590 1350 1629 duplici
1367 1591 1430 1618 item
1446 1590 1610 1620 rusticorum

867 1639 984 1667 adventu
999 1638 1178 1676 sequebantur
1192 1636 1352 1675 percepisse.
1371 1638 1463 1674 Neque
1490 1636 1610 1666 diffiteor

868 1684 972 1723 aliquid
984 1695 1122 1724 superesse
1135 1682 1322 1719 difficultatis3
1337 1681 1382 1710 sed
1397 1682 1461 1720 quia
1475 1682 1507 1711 iis
1521 1684 1609 1712 omni-

867 1732 919 1760 bus
935 1741 994 1769 quze
1013 1730 1095 1770 objici
1118 1736 1254 1769 poterant,
1272 1729 1298 1756 in
1319 1728 1373 1756 line
1387 1728 1555 1757 Praefationis
1574 1729 1609 1758 ad

867 1784 994 1815 quartum
1009 1777 1128 1805 Tomum
1146 1775 1254 1804 abunde
1268 1774 1455 1808 satisfecimus,
1472 1785 1502 1803 eo
1523 1775 1605 1804 lecto-

867 1834 924 1852 rem
940 1823 1083 1859 mittimus,
1098 1829 1127 1850 ut
1144 1828 1295 1860 susceptam
1310 1819 1450 1848 historiam
1467 1831 1609 1859 persequa-

867 1880 938 1900 mur.

909 1916 972 1944 Post
993 1914 1094 1942 Pascha
1119 1914 1204 1952 igitur
1229 1913 1340 1951 gentiles
1366 1912 1441 1945 illos,
1467 1911 1514 1949 qui
1539 1911 1606 1940 dum

867 1959 1036 1989 Theodosius
1052 1959 1079 1986 in
1095 1957 1286 1991 Antiochenos‚
1300 1956 1345 1994 qui
1365 1963 1464 1984 statuas
1483 1966 1546 1984 suas
1558 1955 1608 1984 de-

863 2007 997 2045 jecerant,
1014 2005 1131 2041 saeviret,
1149 2004 1287 2042 majorque
1307 2003 1444 2031 calamitas
1463 2009 1607 2041 exspecta-

866 2059 954 2088 retur,
965 2051 999 2080 ad
1012 2050 1192 2079 Christianam
1207 2048 1287 2077 [idem
1300 2055 1476 2084 accesserant,
1491 2048 1607 2088 Chryso-

866 2105 968 2127 stomus
983 2098 1011 2125 in
1027 2103 1147 2135 suscepta
1162 2106 1226 2124 vera
1238 2095 1368 2133 religione
1381 2095 1540 2123 confirmare
1550 2102 1606 2123 stu-

865 2144 936 2174 duit:
950 2143 1047 2172 deinde
1059 2153 1121 2171 vero
1134 2141 1313 2170 solemnitates
1324 2147 1474 2180 martyrum
1484 2151 1531 2179 per
1538 2141 1608 2169 mul-

866 2198 906 2219 tos
926 2190 982 2218 dies
1000 2189 1026 2217 in
1045 2188 1127 2217 variis
1148 2187 1223 2216 urbis
1244 2187 1370 2226 partibus
1384 2186 1522 2215 celebratae
1536 2193 1607 2222 sunt,

865 2237 995 2265 Flaviano
1011 2235 1134 2274 episcopo
1149 2233 1280 2273 populum
1294 2233 1525 2269 circumducente,
1540 2233 1606 2261 dum

864 2283 972 2311 interim
984 2281 1192 2320 Chrysostomus
1211 2279 1305 2308 morbo
1320 2279 1443 2308 detentus
1452 2279 1525 2308 domi
1538 2289 1603 2308 con-

865 2329 979 2365 sisteret,
995 2327 1042 2356 sed
1055 2334 1142 2355 mente
1155 2333 1181 2355 et
1197 2327 1286 2355 animo
1302 2337 1363 2354 cum
1379 2326 1457 2365 plebe
1469 2326 1502 2354 ad
1515 2326 1603 2354 officia

864 2374 1030 2413 martyribus
1047 2372 1181 2401 reddenda
1196 2379 1358 2409 accurreret,
1374 2372 1538 2410 demumque
1551 2371 1604 2400 ad-

864 2420 1035 2450 ventantibus
1054 2418 1161 2447 rusticis
1175 2429 1188 2447 e
1202 2418 1290 2447 vicina
1307 2418 1408 2447 circum
1423 2418 1530 2457 regione
1542 2419 1603 2446 Do-

864 2467 962 2496 minica
978 2473 1039 2495 ante
1055 2465 1254 2499 Ascensionem,
1269 2476 1330 2503 qua:
1344 2464 1545 2502 ἐπισωζομένης
1563 2464 1605 2492 in-

864 2513 1007 2547 scribitur,
1030 2511 1184 2541 concionem
1206 2510 1312 2545 habuit,
1335 2511 1380 2539 nbi
1406 2517 1546 2549 postquam
1569 2509 1603 2538 de

864 2559 971 2588 rusticis
996 2558 1042 2597 qui
1064 2564 1207 2597 praesentes
1230 2563 1318 2593 erant,
1338 2567 1390 2585 nou
1414 2566 1499 2595 pauca
1527 2555 1605 2584 dixe-

866 2613 918 2643 rat,
932 2612 1022 2634 coutra
1034 2605 1184 2644 juramenta
1199 2613 1248 2642 pro
1262 2613 1336 2632 more
1351 2612 1399 2631 suo
1416 2602 1542 2640 loquutus
1554 2607 1603 2630 est.
