1884 2922
730 200 915 223 SCRIPTURAE
941 202 1052 226 SACRAE
1060 218 1066 224 .

122 267 182 285 CAR

116 298 180 329 25.

225 267 305 287 vens.

273 303 302 331 3.
320 302 418 331 Omnia
430 313 488 341 quae
498 303 616 333 dixerint
628 304 704 333 vobis
715 311 744 333 ut
755 315 847 334 serve-

361 346 405 379 tis,
427 354 529 376 servate
552 354 577 376 et
598 348 685 378 facite.
706 355 754 377 XI.
782 354 848 378 403.

364 396 423 419 ΧΠ.
441 395 524 418 1003.

274 433 303 462 4.
321 433 446 472 Alligatis
456 444 535 462 onera
549 434 641 472 gravia
652 442 677 463 et
690 435 851 474 importalia.

359 485 419 506 Ut.
435 482 498 506 323.
517 489 545 506 E.

264 524 292 551 9.
309 521 398 550 Nolite
412 532 508 550 vocare
526 523 685 561 magistrum
699 533 778 562 super
790 530 846 551 tei·-

351 575 418 593 ram.
437 571 481 593 111.
500 569 544 593 66.
558 576 586 594 n.
603 573 649 594 Π.
666 571 730 595 405.
745 577 773 596 A.
788 573 843 595 VII.

351 612 485 636 582.708.
496 618 525 637 D.
540 613 657 637 lx.100.
667 614 844 638 e.XL(343.A.

211 654 294 681 9.10.
312 652 345 680 T.
362 658 407 679 VI.
421 656 483 679 5.c.

245 698 292 725 10.
310 696 388 724 Unus
401 702 440 723 est
454 695 582 734 Magister
593 702 691 733 vester,
708 695 840 726 Christus.

350 746 422 768 Vlll.
437 743 502 767 529.
515 751 541 768 A.

246 785 293 813 12.
310 783 404 812 Omnis
419 783 463 821 qui
475 793 502 811 se
515 783 628 818 extollit,
639 782 836 813 humiliabitur.

348 834 382 856 X.
395 831 631 856 8.n.114.n.449.
642 833 732 855 mxu.
742 831 836 856 328.c.

347 876 413 900 975.
427 881 455 900 E.

244 914 291 944 14.
306 916 355 943 Vae
366 915 444 942 vobis
459 914 553 942 scriba:
574 921 599 943 et
611 915 739 944 Pliarisaei
753 916 842 955 hypo-

345 959 495 987 critae-VII.
514 962 577 986 325.
595 969 621 986 Ε.

244 1003 289 1029 lb.
306 1001 447 1029 Demi-atis
475 1000 569 1029 domos
601 1000 752 1031 viduarum.
790 1011 835 1034 lx.

339 1049 403 1073 832.
420 1055 448 1072 A.

234 1090 280 1117 15.
298 1090 347 1117 Vae
368 1089 457 1125 vobis,
473 1088 600 1126 quoniam
614 1088 745 1117 circuistis
759 1100 833 1119 mare

338 1139 363 1160 et
373 1132 476 1160 aridam
489 1138 517 1159 ut
528 1131 631 1160 faciatis
646 1143 728 1160 unum
741 1143 828 1172 prose-

344 1176 444 1214 lytum.
464 1182 510 1204 XI.
524 1179 587 1203 566.
600 1186 624 1204 n.

227 1221 277 1249 23.
295 1219 442 1247 Decimatis
458 1218 594 1246 mentham
612 1225 637 1246 et
658 1219 796 1254 anethum,
810 1228 835 1249 et

338 1262 517 1300 dereliquistis
529 1272 557 1290 ea
569 1273 626 1299 quae
639 1263 760 1301 graviora
773 1272 835 1293 sunt

342 1305 419 1343 legis.
436 1309 574 1335 ¹:11.323.
589 1317 617 1334 Ε.

230 1348 281 1378 24.
304 1349 465 1377 Excolantes
480 1348 604 1381 culicem,
618 1354 643 1376 et
663 1348 839 1387 deglutientes

342 1391 481 1419 camelum.
498 1398 554 1418 VH.
565 1395 630 1420 323.
644 1404 671 1420 A.

233 1437 282 1464 25.
300 1435 464 1463 Intrinsecus
485 1435 577 1473 rapina
598 1441 622 1462 et
641 1436 752 1464 avaritia
764 1436 838 1475 pleni

338 1485 410 1507 sunt.
426 1483 563 1508 x·11.879.
576 1489 600 1507 B.
617 1485 650 1506 x.
668 1483 733 1509 755.
751 1491 775 1509 n.

234 1524 285 1551 27.
303 1523 353 1551 Vre
365 1522 441 1551 vobis
456 1522 551 1550 scribis
564 1529 588 1550 et
607 1522 760 1557 Pharisaeis,
773 1524 837 1561 quia

337 1566 439 1594 similes
454 1565 516 1593 estis
531 1566 677 1604 parictibus
691 1566 834 1598 dealbatis,

336 1617 382 1639 IX.
401 1614 466 1638 406.
479 1621 505 1639 E.

232 1656 276 1682 ΙΙ).
295 1653 474 1693 Sepulchrum
489 1654 730 1685 dealbatumxtn.
741 1661 835 1685 781.ῡ.

175 1699 281 1728 31.32.
298 1699 388 1726 Pau-es
411 1697 491 1725 vestri
506 1697 661 1726 occiderunt
682 1699 835 1738 prophetas,

335 1748 385 1770 etc.
399 1748 444 1770 Vl.
462 1746 523 1771 198.
540 1753 568 1770 E.

228 1787 279 1816 32.
296 1785 408 1824 Implete
429 1796 581 1814 mensuram
601 1793 708 1825 patrum
731 1795 834 1817 vestro-

336 1839 407 1858 rum.
426 1836 447 1859 Ι.
461 1834 526 1860 786,
538 1840 565 1858 n.
581 1837 638 1858 Vll.
650 1836 715 1861 755.
733 1842 762 1862 Ι).

227 1874 278 1903 33.
296 1873 446 1911 Serpentes,
459 1873 592 1910 genimina
606 1874 769 1912 viperarum.
784 1883 830 1906 Vl.

334 1921 399 1945 261.
415 1927 442 1944 D.

227 1960 276 1990 34.
293 1961 400 1988 Mittam
416 1959 451 1988 ad
466 1970 512 1988 vos
525 1960 654 1998 sapientes
676 1968 701 1990 et
721 1961 831 1993 scribas.

334 2010 391 2031 vn.
404 2007 469 2032 551.
484 2014 509 2032 C.

224 2049 275 2077 35.
291 2046 485 2076 Vindicabitur
515 2048 626 2085 sanguis
652 2059 666 2077 a
702 2050 832 2088 sanguine

333 2091 401 2119 Abel
422 2091 487 2130 justi
515 2102 599 2129 usque
621 2092 656 2121 ad
671 2094 829 2132 sanguinem

329 2135 477 2164 Zachariae.
496 2143 529 2164 Υ.
547 2141 610 2165 585.
623 2147 651 2165 Ε.

223 2181 272 2211 36.
290 2181 373 2208 Amen
389 2179 450 2208 dico
470 2180 546 2209 vobis
563 2181 625 2219 quia
646 2181 753 2210 venient
772 2182 830 2211 haec

329 2224 417 2251 omnia
436 2233 516 2262 super
527 2225 722 2263 generationem
736 2227 825 2255 istam.

331 2274 389 2296 VII.
405 2271 470 2296 816.
486 2279 511 2296 B.

219 2313 269 2341 37.
286 2311 446 2346 Jerusalem,
462 2312 622 2347 Jerusalem,
648 2324 706 2351 quae
727 2312 828 2342 occidis

330 2354 488 2394 prophetas.
499 2362 523 2384 et
544 2356 648 2394 lapidas
672 2367 716 2385 cos
732 2357 777 2395 qui
793 2356 827 2385 ad

328 2404 353 2426 te
364 2399 523 2427 missisunt.
542 2405 561 2427 1.
574 2403 618 2428 26.
632 2410 659 2429 c.
676 2407 708 2429 11.
724 2405 786 2430 209.
798 2411 823 2430 Β.

328 2446 390 2470 409.
405 2454 431 2470 Δ.
448 2448 492 2470 VI.
509 2446 572 2469 198.
587 2453 615 2470 E.

223 2484 271 2514 lh,
291 2484 402 2520 Quoties
416 2484 487 2512 volui
499 2495 658 2524 congregare
672 2487 741 2516 filios
753 2494 824 2525 tuos,

327 2535 352 2555 et
375 2527 520 2557 noluistis?
539 2535 584 2557 VI.
608 2535 672 2561 190.
698 2543 725 2560 Δ.
751 2539 823 2561 vm.

328 2576 389 2600 456.
407 2582 431 2601 c.

909 274 972 294 CAP.

908 303 969 334 2.).

902 778 962 809 24.

1604 197 1649 231 83

1011 275 1088 294 vens.

1041 305 1090 336 37.
1107 305 1341 342 Quemadmodum
1374 313 1515 346 congregat
1550 307 1648 346 gallina

1148 348 1236 387 pullos
1249 359 1321 379 suos.
1340 356 1372 377 V.
1390 354 1455 378 162.
1471 361 1498 380 e.

988 393 1090 422 3738.
1109 392 1143 421 T.
1164 399 1209 420 111.
1222 397 1287 421 665.
1300 403 1327 423 e.
1346 400 1378 422 v.
1393 398 1458 422 203.
1476 405 1502 423 c.

1041 437 1090 465 38.
1109 435 1179 463 Ecce
1201 435 1369 473 relinquetur
1387 436 1483 466 domus
1497 445 1584 467 vestra
1599 437 1645 467 de-

1146 485 1226 508 serta.
1237 486 1306 508 V111.
1318 484 1382 508 345.
1397 491 1426 511 ι),
1440 485 1504 510 358.
1515 494 1542 510 A.
1553 487 1645 512 4474.

1041 524 1089 552 39.
1107 523 1204 559 Amen,
1216 534 1291 551 amen
1302 523 1363 552 dico
1380 524 1456 553 vobis
1468 537 1474 552 :
1490 536 1541 554 non
1552 537 1595 555 me
1605 527 1646 556 vi-

1143 565 1242 594 debitis
1263 566 1348 595 donec
1364 567 1469 597 dicatis.
1486 569 1645 599 Benedictus

1142 608 1188 645 qui
1204 609 1277 638 venit
1302 609 1329 637 in
1348 610 1455 639 nomine
1469 612 1590 642 Domini.
1610 620 1642 642 V.

1143 655 1205 679 392.
1225 662 1249 680 Β.
1266 659 1324 680 vn.
1338 657 1402 681 817.

1042 696 1087 722 Ib.
1104 695 1264 723 Benedictus
1279 697 1325 733 qui
1340 696 1413 724 venit
1426 697 1453 726 in
1469 698 1575 727 nomine
1585 701 1643 728 Do-

1141 739 1217 767 mini.
1230 746 1287 768 vu.
1304 744 1366 767 831.
1383 751 1408 768 ε.

1101 783 1270 821 Erponitur
1280 784 1313 811 T.
1332 790 1387 811 vll.
1405 789 1542 816 815—844.

1054 828 1081 855 2.
1099 827 1193 855 Nonne
1208 827 1334 856 videbitis
1343 827 1400 856 haec
1415 830 1529 859 omnia?
1544 839 1562 860 1.
1576 836 1640 861 708.

1040 870 1084 897 lh.
1102 870 1162 898 Nou
1178 871 1297 899 manebit
1312 870 1357 899 hic
1379 872 1448 911 lapis
1471 884 1551 913 super
1571 875 1640 915 lapi-

1139 913 1211 942 dem.
1226 921 1260 942 v.
1279 918 1342 942 102.
1358 925 1381 945 xx,

999 958 1079 985 2-21.
1098 957 1132 985 Τ.
1149 965 1193 987 lx.
1208 963 1273 987 778.
1289 970 1314 988 E.

1048 1002 1078 1030 3.
1094 1001 1144 1029 Dic
1167 1001 1243 1030 nobis
1275 1003 1383 1040 quando
1409 1004 1464 1033 liaec
1487 1013 1584 1041 erunt,
1615 1014 1640 1035 et

1135 1044 1208 1082 quod
1230 1051 1268 1073 est
1291 1046 1398 1085 signum
1423 1047 1553 1078 adventus
1586 1051 1636 1078 tui.

1138 1095 1185 1117 XI.
1201 1093 1265 1116 562.
1280 1099 1308 1116 D.

1036 1132 1079 1159 lb.
1101 1132 1183 1166 Quod
1197 1132 1302 1170 signum
1315 1133 1447 1162 adventus
1463 1134 1511 1171 tui,
1526 1142 1551 1164 et
1572 1146 1638 1164 con-

1134 1176 1321 1204 summationis
1335 1177 1437 1206 saeculi.
1453 1185 1497 1207 VI.
1524 1185 1588 1209 335.
1606 1192 1633 1210 D.

1133 1227 1177 1248 [Χ.
1187 1224 1233 1248 22.
1247 1231 1273 1248 A.

1048 1264 1077 1292 6.
1096 1263 1222 1292 Audituri
1236 1263 1298 1291 estis
1313 1264 1414 1302 praelia.
1431 1272 1477 1297 Π,
1493 1270 1554 1295 338.

1015 1307 1079 1336 6.7.
1097 1307 1126 1335 In
1157 1307 1384 1335 consummatione
1419 1308 1540 1337 audituri
1574 1309 1635 1338 estis

1135 1349 1225 1388 praelia
1246 1356 1271 1376 et
1291 1349 1429 1387 opiniones
1456 1351 1610 1390 praeliorum
1625 1375 1633 1388 ,

1140 1400 1190 1421 etc.
1208 1399 1252 1421 VI.
1267 1396 1331 1420 338.
1348 1405 1374 1422 A.

1047 1440 1075 1466 7.
1095 1437 1176 1465 Tunc
1190 1442 1268 1464 erunt
1289 1436 1370 1465 sames
1390 1444 1415 1466 et
1431 1439 1586 1476 pestilentiae
1607 1447 1632 1468 ct

1131 1488 1206 1509 terrae
1218 1487 1302 1508 metus
1313 1491 1360 1519 per
1370 1481 1438 1510 loca.
1462 1489 1507 1511 [X.
1522 1488 1585 1512 107.
1600 1495 1628 1513 n.

1027 1527 1073 1554 1-2.
1090 1525 1158 1552 Nam
1178 1524 1304 1561 quoniam
1324 1524 1474 1553 abundabit
1490 1526 1631 1565 iniquitas,

1133 1567 1285 1606 refrigescet
1312 1568 1407 1597 caritas
1429 1569 1587 1598 multorum.
1611 1578 1630 1599 1.

1131 1616 1192 1640 155.
1213 1621 1238 1639 c.
1260 1617 1304 1639 Vl.
1319 1615 1379 1639 246.
1396 1622 1423 1639 C.
1444 1619 1502 1641 VII.
1526 1618 1591 1643 247.
1606 1626 1629 1642 Β.

1129 1659 1272 1683 VllldsSss.
1285 1665 1312 1685 E.
1322 1661 1367 1683 IX.
1377 1660 1440 1685 502.
1452 1668 1476 1685 Α.
1488 1663 1534 1684 XI·
1549 1662 1629 1686 83.Ε.

1127 1703 1190 1727 642.

1021 1743 1066 1772 14.
1086 1742 1280 1771 Praedicabitur
1309 1742 1359 1770 hoc
1395 1742 1567 1780 evangelium
1600 1746 1626 1773 in

1128 1786 1252 1814 universo
1277 1786 1388 1815 mundo.
1418 1793 1476 1815 vu.
1506 1792 1571 1816 351.
1598 1800 1624 1818 n.

1129 1838 1161 1859 Χ.
1178 1835 1224 1859 55.

1023 1877 1069 1904 15.
1085 1875 1153 1903 Cum
1168 1873 1292 1902 videritis
1309 1873 1534 1903 abominationem
1549 1875 1624 1904 deso-

1124 1918 1242 1953 lationis,
1263 1917 1297 1945 de
1312 1928 1364 1954 qua
1380 1918 1506 1955 loquutus
1520 1927 1559 1948 est
1572 1921 1625 1948 Da-

1123 1961 1435 1999 niclproplicta.1.788.
1446 1969 1524 1992 ΑΝΙ.
1538 1967 1581 1991 33.
1594 1974 1620 1993 E.

1127 2009 1191 2034 283.
1203 2016 1229 2033 c.

1019 2052 1066 2079 19.
1084 2050 1131 2078 Vae
1146 2047 1305 2076 lactantibus
1318 2054 1344 2075 et
1356 2048 1575 2085 praegnantibus!
1588 2056 1618 2079 V.

1127 2096 1188 2120 102.
1206 2102 1233 2119 n.

1016 2140 1065 2166 21.
1084 2135 1144 2164 Erit
1167 2134 1305 2163 tribulatio
1331 2144 1436 2173 magna,
1456 2135 1544 2173 qualis
1568 2146 1620 2166 non

1121 2179 1171 2207 suit
1185 2178 1219 2206 ab
1231 2178 1307 2206 initio
1320 2178 1415 2206 mundi
1437 2190 1520 2217 usque
1533 2190 1616 2210 nunc.

1119 2231 1140 2252 Ι.
1153 2227 1199 2252 62.
1212 2235 1237 2252 Δ.
1256 2230 1311 2251 VII.
1326 2227 1390 2252 520.
1404 2233 1433 2251 D.
1449 2230 1496 2253 IX.
1514 2229 1579 2252 777.
1592 2235 1618 2253 E.

1017 2270 1066 2298 22.
1083 2267 1141 2296 Nisi
1155 2266 1303 2295 abbreviati
1314 2266 1424 2295 fuissent
1434 2267 1490 2296 dies
1501 2268 1553 2305 illi,
1566 2278 1618 2296 non

1118 2311 1219 2340 salvata
1243 2311 1335 2340 fuisset
1353 2311 1440 2339 omnis
1469 2322 1539 2341 caro.
1568 2319 1615 2340 lx.

1118 2359 1163 2382 51.
1181 2364 1207 2381 c.

1011 2398 1060 2429 24.
1078 2399 1166 2428 Erunt
1185 2396 1378 2437 pseudochristi
1397 2405 1422 2426 et
1444 2398 1613 2438 pseudopro—

1120 2441 1217 2480 plietae.
1235 2447 1282 2470 XI.
1295 2445 1359 2469 774.
1377 2451 1403 2468 e.

1011 2487 1056 2514 Ib.
1075 2483 1148 2512 Adeo
1156 2495 1170 2511 u
1177 2491 1184 2511 t
1192 2482 1412 2519 scandalizentur,
1420 2483 1442 2512 si
1453 2484 1511 2513 fieri
1520 2492 1615 2524 potest,

1116 2528 1195 2556 etiam
1211 2527 1296 2556 electi.
1314 2534 1359 2556 ΧΙ.
1373 2531 1438 2557 607.
1460 2538 1484 2556 u.

1015 2574 1062 2602 26.
1079 2571 1106 2601 Si
1119 2570 1248 2609 dixerint,
1259 2570 1327 2599 Ecce
1340 2571 1366 2598 in
1381 2571 1561 2609 penetralibus
1577 2579 1617 2601 est
