1884 2922
730 211 830 234 INDEX
859 212 969 235 RERUM
978 228 983 234 .

99 285 159 303 rum
176 274 203 302 in
219 273 339 303 adversis
353 273 523 313 deponimus.
547 281 581 302 11.
602 279 645 302 17.
671 284 698 301 u.
721 275 839 303 Peccatis

100 329 151 347 uon
166 317 294 346 adhibere
309 318 482 353 medicinam,
497 318 576 356 longe
590 318 700 356 gravius
710 325 749 347 est
758 329 840 356 quam

98 371 217 400 peccare.
240 368 273 389 V.
291 366 336 389 76.
355 372 379 389 Α.
399 373 423 390 Β.
446 362 606 390 Ρ1“.001(111111·
620 369 645 390 01
659 362 779 390 aufertur
793 373 841 390 ve-

98 407 159 441 nia,
178 405 200 434 si
225 405 312 434 malus
332 416 450 435 maneaS.
474 413 507 434 V.
533 410 596 434 133.
617 416 642 433 13.
665 407 738 434 Deus
762 406 840 434 nobis

98 450 170 478 viam
194 449 301 478 facilem
321 450 436 488 aperuit,
453 460 505 487 qua
529 450 618 478 onmia
633 449 736 478 solvere
749 450 839 488 possi-

97 503 169 528 mus,
183 493 350 522 oblivionem
365 493 466 522 scilicet
477 494 648 532 iujuriarum.
664 501 720 522 VII.
730 498 795 523 692.
810 504 838 522 ε.

99 538 167 565 Cum
181 544 269 576 posset
283 538 340 566 sine
354 537 405 566 bac
420 538 507 577 posita
521 537 674 566 conditione
688 537 776 565 omnia
792 548 839 566 no·

98 581 142 609 bis
157 581 307 610 condonare
320 589 436 620 peccata,
452 581 539 610 noluit
553 589 651 616 tamen,
671 592 764 620 quare.
783 588 838 610 ΠΙ.

99 629 164 654 288.
182 636 206 652 13.
225 625 340 659 Quando
361 625 422 653 aliis
437 635 488 653 non
508 625 679 661 dimittimus,
694 636 742 654 nec
762 625 840 654 nobis

99 668 164 707 ipsis
189 668 362 699 dimittimus.
389 676 458 697 VIII.
483 673 547 697 269.
572 680 599 696 Α.
627 669 681 704 Qui
707 669 840 698 condonat

98 719 214 750 peccata,
230 719 255 740 ct
271 722 347 740 suam
363 713 443 751 juvat
456 713 584 747 animam,
597 719 621 740 et
635 712 710 741 illius
723 713 770 750 qui
788 723 840 741 ve-

99 755 171 783 niam
197 762 236 784 est
260 763 427 794 assequutus.
453 764 498 785 XI.
528 761 590 784 135.
616 767 645 785 E.
671 757 765 795 Magni
789 757 840 785 tibi

99 799 181 827 futuri
196 806 258 827 sunt
273 799 378 838 patroni
395 800 421 827 in
433 800 532 838 judicii
547 807 666 839 tempore
681 800 770 829 hostes
794 807 840 829 tuo

97 843 184 882 adjuti
203 843 353 880 beueficio5
374 844 459 872 multa
480 844 519 872 sic.
538 851 645 882 peccata
660 844 791 883 expiabis,
812 851 840 873 et

98 888 247 915 mercedem
258 897 388 926 reposces.
405 894 451 916 IV.
467 892 532 918 906,
548 898 574 915 c.
588 887 730 923 Quomodo
742 887 840 926 poteris

98 931 202 959 veniam
213 938 320 959 tuorum
336 938 505 970 peccatorum
519 931 634 968 assequi,
643 931 751 969 quando
761 941 839 969 rogas

98 981 127 1002 ut
138 976 212 1002 Deus
230 974 323 1012 puniat
335 974 451 1002 aliorum
462 974 594 1013 peccata?
609 981 640 1002 V.
658 979 701 1002 14.
716 985 741 1004 Β.
764 974 840 1002 Alto-

97 1029 155 1046 rum
173 1018 262 1057 potius
276 1018 343 1046 bene
356 1018 423 1046 sacta
439 1018 600 1056 cogitemus,
616 1017 651 1045 de
670 1018 770 1046 nostris
789 1029 837 1046 au-

97 1069 147 1089 tern
164 1061 278 1100 peccatis
303 1061 494 1099 recogitemus;
516 1068 597 1098 atque
614 1060 649 1088 ita
671 1061 838 1099 placebimus

96 1106 163 1134 Deo.
179 1112 224 1134 XI.
240 1109 304 1133 315.
320 1116 347 1133 c.
363 1105 431 1133 Nam
447 1105 492 1142 qui
503 1105 618 1133 aliorum
629 1112 735 1143 peccata
750 1106 836 1143 videt,

95 1157 120 1177 et
136 1159 183 1177 sua
195 1156 266 1178 recte
282 1149 361 1184 facta,
377 1149 481 1188 duplex
496 1149 626 1177 damnum
642 1156 772 1187 reportat.
791 1152 836 1178 lh.

95 1193 268 1222 peccatorum
291 1203 401 1221 suorum
413 1192 564 1221 recordatio
584 1203 713 1231 magnum
728 1193 836 1222 lucrum

93 1237 181 1267 affert,
196 1243 228 1265 V.
247 1241 293 1265 23.
311 1243 336 1264 et
351 1235 429 1264 valde
445 1236 519 1264 utilis
533 1243 581 1264 est.
599 1243 634 1264 II.
646 1240 712 1265 792.
727 1247 758 1266 n.
769 1242 836 1265 793.

94 1288 139 1310 111.
158 1285 203 1309 15.
218 1291 246 1308 A.
263 1281 401 1316 Quantum
413 1280 514 1307 bonum
528 1279 562 1307 sit
577 1279 636 1307 talis
651 1281 791 1308 memoria.
810 1288 832 1309 Ι.

96 1329 159 1353 186.
173 1334 202 1352 D.
217 1331 262 1352 HI.
277 1328 342 1352 424.
359 1334 385 1351 C.

133 1369 252 1395 Peccati
263 1374 381 1402 natura,
394 1378 468 1406 quoe.
479 1374 550 1398 VIII.
562 1372 626 1396 652.
639 1378 664 1396 c.
677 1369 835 1397 Peccatum

92 1412 228 1440 diabolus
243 1426 262 1442 a
275 1412 372 1439 Paulo
391 1418 526 1440 vocatur.
550 1418 618 1440 VIII.
635 1417 700 1440 856.
720 1424 745 1440 c.
764 1413 836 1442 Pec-

92 1462 190 1484 catum
212 1462 355 1493 quantum
374 1455 495 1483 malum.
517 1462 548 1483 V.
577 1460 639 1484 690.
667 1466 691 1484 B.
717 1459 836 1485 Peccati

93 1501 220 1538 operalio
245 1509 304 1526 non
326 1506 368 1527 est
391 1499 545 1527 naturalis.
567 1506 600 1528 V.
617 1504 680 1528 716.
697 1511 720 1528 Β.
738 1501 835 1529 Pauci

91 1550 158 1571 sunl
173 1545 224 1582 qui
245 1550 366 1581 peccata
385 1553 440 1571 sua
461 1549 648 1581 cognoscant.
673 1550 705 1572 V.
724 1548 788 1572 715.
805 1555 831 1574 c,

91 1587 262 1622 Peccatum,
275 1588 300 1614 si
313 1587 370 1614 Dei
383 1588 553 1625 benignitati
562 1594 755 1626 comparatur,
764 1599 835 1616 ara-

91 1641 153 1659 11οω
169 1630 231 1658 tela
240 1637 292 1658 est.
310 1637 344 1658 V.
359 1636 425 1660 713.
441 1641 466 1658 a.
482 1631 640 1659 Peccatum
655 1641 709 1660 sua
723 1638 833 1660 natura

91 1675 221 1713 linguam
233 1674 402 1714 adstringit,
421 1681 509 1713 atque
522 1685 552 1703 ος
568 1677 694 1703 obturat.
712 1683 744 1704 V.
764 1681 830 1705 723.

91 1731 117 1749 c..
130 1721 320 1748 Peccatorum
335 1722 474 1748 abstersio
487 1727 529 1748 est
544 1723 685 1749 transitus
696 1723 732 1749 ab
749 1732 833 1750 occa-

89 1774 122 1792 su
138 1765 179 1791 ad
193 1769 300 1792 ortum.
311 1771 345 1792 V.
361 1769 426 1792 803.
441 1775 466 1792 ε.
480 1764 637 1792 Peccatum
649 1766 738 1792 etiam
753 1765 831 1793 dele-

91 1817 159 1842 tum,
173 1817 229 1835 non
246 1807 390 1835 oblivioni
410 1808 621 1836 mandandum.
641 1815 673 1838 V.
697 1813 762 1839 715.
780 1819 806 1837 n.

129 1852 269 1879 Pactum,
285 1850 378 1888 ingens
392 1861 468 1879 amor
482 1850 654 1880 describitur.
671 1859 718 1881 XI.
730 1857 795 1881 758.
805 1863 830 1881 1³.

90 1894 271 1922 Pecuniarum
294 1894 442 1933 cupiditate
462 1905 509 1922 cur
524 1895 603 1923 multi
623 1895 773 1934 capiantur.
794 1903 829 1926 X.

89 1942 155 1969 716,
180 1949 206 1966 c.
230 1938 354 1966 Pecuniae
368 1948 444 1966 amor
463 1949 497 1966 ex
520 1948 589 1966 vana
612 1939 697 1976 gloria
715 1939 829 1978 paritur.

89 1988 161 2011 VIII.
179 1986 228 2010 501
238 2005 244 2010 .
262 1992 289 2009 E.
303 1992 336 2010 ex
348 1982 513 2020 arrogantia.
528 1989 574 2011 XI.
588 1987 652 2012 592.
665 1993 690 2012 B.
707 1987 770 2012 593.
784 1984 832 2012 Pe-

89 2025 174 2053 cuniae
196 2036 272 2053 amor
290 2036 343 2064 quo
367 2026 488 2054 homines
514 2026 640 2056 attrahat.
668 2034 716 2055 IX.
739 2032 784 2055 61.
803 2038 830 2054 A.

88 2079 169 2106 quam
188 2069 284 2097 noxius
309 2069 352 2097 sit.
376 2077 433 2098 VII.
461 2075 524 2100 160,
549 2080 574 2098 B.
592 2080 619 2099 c.
644 2077 691 2099 IX.
710 2075 774 2099 592.
802 2081 830 2099 n.

88 2119 186 2150 quanta
198 2113 268 2141 mala
280 2113 376 2152 pariat.
392 2121 438 2142 IV.
452 2119 499 2143 79.
514 2125 542 2142 E.
557 2121 628 2143 VIII.
639 2118 704 2143 597.
719 2121 753 2142 X.
768 2118 830 2142 108.

89 2167 115 2185 Β.
134 2162 197 2187 144.
218 2169 243 2187 Α.
261 2165 308 2186 XI.
328 2162 393 2187 802.
410 2169 439 2187 n.
466 2158 587 2187 omnium
599 2165 637 2186 est
653 2158 732 2186 radix
747 2157 832 2185 malo-

88 2211 156 2229 rum.
168 2208 226 2230 VII.
238 2206 303 2230 418.
319 2213 345 2230 c,
365 2201 480 2230 virtutes
494 2212 584 2230 omnes
599 2202 752 2230 labefactat.
768 2209 827 2231 VII.

86 2249 152 2272 707.
168 2255 194 2271 ,1.
211 2245 475 2284 omniupervertitet
491 2246 594 2284 dejicit.
614 2253 671 2275 VII.
689 2251 752 2274 681.
778 2246 829 2274 do-

86 2287 178 2314 ctrinae
187 2287 291 2316 Christi
303 2291 453 2318 contrarius
463 2297 512 2319 est.
525 2295 652 2320 V111.16.
661 2302 686 2318 c.
700 2290 831 2318 Pecunias

88 2331 134 2367 qui
150 2338 232 2365 amat,
249 2342 324 2359 suam
345 2332 458 2370 despicit
474 2333 592 2360 animam
610 2339 635 2361 et
652 2333 775 2362 salutem.
794 2340 828 2362 X.

87 2379 151 2403 246.
173 2385 197 2402 Β.
214 2382 271 2404 XII.
293 2379 358 2403 272.
374 2375 551 2403 Pecuniarum
564 2376 698 2414 cupiditas
713 2375 831 2414 etjusti-

87 2418 121 2446 tia
138 2418 218 2446 simul
231 2419 354 2446 habitare
366 2429 417 2447 non
430 2426 553 2458 possunt.
565 2427 599 2448 X.
614 2424 678 2448 681.
695 2430 721 2448 C.
735 2419 829 2447 Anima

87 2461 247 2489 divitiarum
263 2472 353 2491 amore
368 2462 448 2490 semel
464 2470 550 2501 capta,
562 2473 614 2490 non
629 2463 708 2491 facile
722 2463 832 2491 absistet

87 2504 122 2532 ab
136 2505 168 2533 iis
177 2505 288 2544 agendis
300 2516 359 2542 quae
372 2506 458 2533 Deum
472 2505 503 2532 ad
517 2506 584 2533 iram
596 2513 828 2544 provocant.V111.

89 2553 134 2577 58.
156 2561 181 2576 Β.
211 2548 388 2577 Pecuniarum
403 2548 495 2587 cupidi
515 2548 720 2577 fornicatoribus
735 2550 831 2577 intem-

89 2593 251 2631 perantiores
267 2600 339 2626 sunt,
356 2592 499 2631 quomodo.
520 2600 565 2621 XI.
585 2597 648 2621 823.
664 2604 689 2622 B.
708 2593 830 2621 Pecuniis

896 275 943 313 qui
965 274 1089 312 inhiant,
1112 275 1256 304 deteriores
1280 281 1342 304 sunt
1357 275 1448 305 ebriis.
1466 283 1511 305 IV.
1527 282 1592 308 366,
1610 291 1636 309 A.

933 319 1055 347 Pecuniae
1070 330 1146 348 amor
1166 329 1246 357 quam
1271 329 1356 358 prave
1376 319 1498 348 animum
1520 321 1632 350 afficiat.

895 369 954 392 VII.
978 368 1042 391 876.
1068 374 1093 392 c.
1111 365 1231 400 Quantas
1247 372 1379 391 aerumnas
1398 363 1490 392 subire
1504 371 1592 402 cogat.
1616 374 1636 396 I.

897 411 961 435 162.
979 417 1005 434 Ε.
1018 407 1125 436 Bellum
1139 407 1234 435 animae
1246 407 1326 445 parit.
1345 413 1378 435 V.
1396 411 1442 436 30.
1460 419 1487 436 c.
1503 408 1589 446 Bella,
1607 409 1639 438 11-

893 456 942 486 tcs,
956 451 1111 480 inimicitias
1124 451 1203 490 parit.
1216 458 1261 479 XI.
1278 456 1344 479 700.
1358 462 1383 480 n.
1396 452 1504 480 Durum
1516 459 1542 480 et
1556 464 1637 492 aspe-

893 495 1061 534 rumjugum
1078 502 1127 524 est.
1141 502 1187 524 XI.
1206 499 1270 524 147,
1292 507 1319 524 Α.
1342 494 1389 523 Ε51
1412 496 1525 525 carceris
1537 505 1637 526 custos.

895 545 952 566 ΠΙ.
970 543 1036 568 211.
1063 549 1089 567 E.
1107 538 1267 577 Tyrannide
1289 539 1384 576 quavis
1406 540 1539 570 acerbior.
1564 549 1634 570 VIII.

896 586 959 610 401.
978 593 1007 611 D.
1024 583 1084 621 ipso
1099 582 1216 610 deterior
1230 582 1361 611 daemone.
1378 590 1449 614 Vllt.
1459 589 1522 612 450.
1533 595 1560 614 E.
1573 586 1638 615 Vel-

894 632 924 652 ut
938 632 1069 664 tyrannus
1085 625 1197 663 quidam
1211 625 1362 664 abigendus
1375 634 1424 655 est.
1441 635 1476 656 X.
1500 632 1564 657 682.
1588 631 1638 658 Pe-

894 669 979 697 cuniae
991 680 1065 697 amor
1079 669 1235 699 damnatur.
1254 677 1327 699 VIII.
1344 675 1406 699 544.
1422 682 1450 699 Ε.
1468 679 1512 701 XI.
1531 677 1596 703 320.
1611 685 1636 702 B.

894 716 959 741 823.
977 723 1003 743 E.
1019 719 1077 741 XII.
1096 717 1160 741 491.
1173 724 1197 741 n.
1210 714 1389 742 pecuniarum
1404 714 1492 743 rabies
1504 723 1530 744 et
1541 717 1638 746 fornax

894 766 1042 794 numquam
1060 757 1253 796 exstinguitur.
1272 765 1331 786 Xll.
1350 763 1416 787 458.
1439 770 1466 787 Β.
1484 759 1547 788 Haec
1561 761 1638 800 cupi-

893 799 963 828 ditas
976 801 1110 838 quomodo
1124 801 1294 830 excutienda.
1308 809 1342 831 X.
1359 807 1421 831 109.
1437 813 1466 832 D.

934 844 1112 872 Pecuniarum
1131 845 1231 873 vilitas.
1255 852 1302 875 XI.
1320 850 1398 875 660⁰.
1414 857 1440 874 D.
1469 847 1591 876 Pecuniae
1612 855 1639 877 et

894 894 996 915 terrena
1012 898 1123 927 pompa,
1141 889 1325 917 mendicorum
1340 889 1437 928 pannis
1453 890 1563 920 viliora.
1580 899 1637 920 VII.

896 936 958 961 190.
976 942 1004 960 D.
1022 933 1147 960 Pecuniis
1157 932 1227 960 nibil
1238 933 1300 961 vitae
1312 933 1435 961 humanae
1447 935 1635 973 perniciosius.

894 981 939 1003 IV.
957 979 1023 1003 759.
1040 985 1070 1003 1).
1095 975 1217 1003 Pecuniae
1232 976 1327 1004 virtuti
1344 977 1496 1015 plurimum
1519 978 1637 1008 obstant.

895 1025 942 1046 IV.
958 1023 1024 1047 734.
1041 1030 1068 1046 Α.
1085 1019 1225 1053 Quantum
1237 1019 1328 1048 damni
1345 1021 1460 1049 inferant
1472 1022 1638 1060 possidenti-

893 1062 952 1091 bus.
972 1069 1029 1091 VII.
1049 1068 1115 1092 713.
1133 1074 1161 1092 D.
1177 1065 1356 1093 pecuniarum
1371 1066 1501 1104 possessio
1514 1066 1638 1104 pecunia-

891 1117 952 1135 rum
968 1107 1134 1135 desiderium
1158 1107 1249 1138 infert.
1274 1116 1318 1137 XI.
1334 1114 1400 1138 823.
1419 1120 1445 1138 A.
1461 1111 1583 1138 omnium
1599 1118 1638 1140 est

891 1160 969 1179 causa
993 1151 1137 1179 malorum.
1162 1158 1210 1180 IX.
1228 1156 1292 1180 125.
1315 1163 1342 1180 E.
1359 1153 1482 1181 Pecuniae
1498 1154 1636 1183 servandae

891 1194 1069 1222 incommoda.
1083 1202 1141 1223 VII.
1156 1199 1218 1223 299.
1230 1207 1256 1225 A.
1271 1200 1336 1224 713.
1353 1207 1380 1224 A.
1396 1201 1461 1226 952.
1472 1207 1496 1225 Β.
1508 1197 1637 1226 Liberum

890 1248 999 1267 servum
1021 1238 1152 1268 efficiunt.
1177 1245 1235 1267 VII.
1255 1243 1320 1269 299.
1338 1250 1366 1269 Α.
1389 1241 1567 1269 pecuniarum
1584 1248 1632 1280 ty-

891 1284 994 1312 rannis.
1013 1290 1072 1312 ΠΙ.
1087 1288 1152 1312 681.
1169 1294 1194 1312 c.
1212 1289 1277 1314 707.
1302 1297 1327 1314 Α.
1346 1286 1525 1315 Pecuniarum
1540 1293 1637 1326 tyran-

890 1326 952 1355 nide
962 1327 1071 1365 gravius
1082 1337 1163 1365 quam
1175 1334 1265 1356 catena
1274 1328 1401 1367 quapiam
1414 1331 1634 1369 constringimur.

890 1377 946 1398 ΠΙ.
965 1375 1029 1399 299.
1053 1381 1079 1400 B.
1095 1371 1157 1399 Haec
1175 1372 1291 1400 servitus
1306 1383 1339 1400 ex
1356 1373 1516 1412 stupiditate
1530 1375 1633 1414 prodit.

889 1420 948 1443 VII.
964 1419 1028 1443 539.
1044 1425 1073 1444 D.

927 1457 1105 1486 Pecuniarum
1120 1458 1293 1487 imbecillitas
1307 1466 1401 1488 contra
1412 1460 1482 1488 mala
1495 1471 1542 1489 nos
1557 1461 1634 1491 inva-

887 1500 1032 1532 dentia,11.
1046 1506 1092 1531 36.
1108 1514 1134 1532 a.
1152 1506 1199 1531 37.
1215 1503 1336 1531 Pecuniae
1349 1503 1516 1542 spernendae.
1526 1510 1632 1535 x.323.

888 1555 914 1571 A.
934 1551 983 1573 XI.
1002 1549 1067 1573 520.
1089 1555 1116 1572 E.
1132 1548 1195 1573 630.
1214 1555 1238 1572 Β.
1258 1550 1323 1575 846.
1341 1557 1370 1577 n.
1396 1550 1438 1575 De
1458 1549 1577 1586 pecuniae
1589 1550 1635 1588 ja-

887 1595 960 1616 ctura
979 1598 1032 1616 non
1043 1587 1199 1617 dolendum.
1220 1595 1254 1617 X.
1269 1594 1333 1618 418.
1350 1600 1376 1619 c.
1395 1591 1522 1620 Pecuuiae
1537 1592 1630 1632 despi-

886 1631 987 1660 cienda:
1008 1640 1120 1672 propter
1141 1632 1293 1662 Christum.
1314 1641 1359 1662 XI.
1377 1639 1442 1664 515.
1467 1646 1494 1664 1).
1510 1637 1634 1666 Pecuniae

886 1686 900 1703 a
916 1676 994 1704 nobis
1006 1675 1207 1704 contemnendae
1220 1683 1291 1712 sunt,
1307 1684 1335 1705 ut
1353 1687 1385 1705 ne
1396 1688 1410 1705 a
1424 1678 1532 1708 Christo
1545 1688 1634 1710 conte-

886 1724 1144 1749 mnamur.1x.543.
1161 1730 1187 1748 e.
1203 1720 1325 1748 Pecuniae
1334 1721 1439 1759 jactura
1452 1724 1572 1753 maxime
1585 1726 1634 1754 ho-

886 1763 970 1791 mines
985 1763 1108 1792 mordere
1121 1763 1198 1792 solet.
1215 1770 1262 1791 XI.
1277 1768 1341 1791 858.
1356 1775 1382 1792 c.
1397 1765 1539 1795 Discamus
1554 1779 1634 1807 pecu-

885 1807 942 1835 nias
957 1817 1013 1835 esse
1026 1814 1122 1835 terram
1133 1813 1158 1835 et
1170 1806 1320 1845 pulverem.
1336 1815 1370 1837 X.
1386 1813 1448 1837 246.
1458 1821 1483 1838 Β.
1497 1812 1631 1851 Magnum

888 1850 1000 1889 honum,
1015 1861 1066 1879 non
1077 1850 1213 1890 possidere
1222 1851 1357 1889 pecunias,
1369 1851 1416 1880 sed
1429 1853 1523 1883 timere
1534 1856 1631 1884 Deum.

887 1901 923 1923 11.
940 1899 984 1923 36.
1002 1906 1028 1922 Α.

925 1939 1054 1966 Pecunias
1077 1948 1129 1966 11011
1149 1938 1284 1976 vituperat
1304 1938 1436 1975 Christus,
1459 1941 1506 1969 sed
1521 1952 1565 1971 eos
1585 1944 1634 1981 qui

886 1982 970 2010 nimio
985 1982 1094 2010 illarum
1110 1989 1232 2010 tenentur
1243 1992 1342 2010 amore.
1356 1990 1415 2012 ΠΙ.
1430 1989 1494 2013 710.
1509 1987 1634 2016 pecuniis

885 2033 910 2054 ct
926 2026 1031 2055 deliciis
1045 2025 1182 2055 moderate
1190 2026 1243 2054 frui
1256 2026 1326 2054 licet.
1336 2034 1382 2055 XI.
1396 2033 1494 2057 110.D.
1510 2031 1634 2060 Pecuniae

885 2070 1014 2109 χρήματα
1028 2069 1105 2098 dictae
1121 2077 1151 2098 ut
1172 2070 1226 2098 illis
1249 2077 1369 2098 utamur.
1386 2078 1420 2101 11.
1437 2077 1502 2102 784.
1527 2084 1556 2104 D.
1580 2082 1629 2105 ΙΙΙ.

886 2118 932 2142 67.
949 2125 975 2143 c.
993 2121 1039 2143 XI.
1063 2118 1126 2142 321.
1143 2125 1168 2142 c.
1194 2114 1315 2142 Pecunia:
1329 2124 1381 2142 non
1396 2116 1488 2152 malae,
1515 2118 1538 2146 51
1561 2119 1629 2148 bene

887 2158 941 2186 illis
954 2164 1070 2185 utamur.
1082 2164 1115 2187 X.
1130 2161 1194 2185 135.
1207 2168 1232 2185 Β.
1247 2158 1332 2185 Vanae
1344 2165 1406 2186 sunt
1416 2181 1423 2194 ‚
1435 2159 1457 2187 si
1469 2170 1633 2191 consuman-

888 2208 933 2229 tur
959 2200 994 2228 ad
1009 2200 1130 2229 delicias.
1149 2207 1194 2230 XI.
1214 2205 1277 2229 104.
1302 2203 1466 2231 1-3.Pecuniis
1486 2205 1629 2243 utendum,

888 2255 942 2272 non
957 2244 1132 2272 abutendum.
1149 2251 1219 2272 V111.
1235 2248 1298 2273 131.
1314 2255 1337 2274 n.
1354 2246 1454 2275 Earum
1467 2259 1530 2277 usus
1542 2251 1631 2288 qualis

886 2298 941 2315 esse
951 2287 1056 2315 debeat.
1075 2295 1106 2316 X.
1120 2293 1181 2316 100.
1196 2298 1222 2315 c.
1236 2295 1282 2316 XI.
1296 2288 1374 2318 767”.
1385 2301 1409 2318 F.
1432 2292 1555 2322 Pecuniae
1570 2305 1631 2323 cum

886 2331 964 2359 bonis
983 2331 1108 2370 operibus
1124 2331 1241 2360 honestae
1257 2340 1330 2362 sunt.
1348 2340 1379 2361 V.
1398 2339 1460 2363 612.
1477 2346 1505 2365 A.

926 2375 1049 2403 Pecuniae
1064 2373 1199 2412 quomodo
1211 2381 1268 2403 tuto
1281 2384 1433 2406 serventur.
1451 2386 1509 2408 ΠΙ.
1529 2385 1594 2409 301.
1604 2393 1630 2412 Β.

885 2419 916 2446 Ι11
931 2417 994 2446 caelo
1007 2417 1133 2456 depositae
1149 2424 1213 2446 tutte
1225 2426 1297 2448 sunt.
1316 2427 1372 2449 ΠΙ.
1389 2425 1452 2450 299.
1469 2432 1496 2451 D.
1512 2423 1542 2451 In
1557 2425 1629 2454 caelis

886 2460 1005 2489 serendae
1025 2461 1170 2498 quomodo.
1194 2469 1214 2490 1.
1240 2467 1306 2491 425.
1333 2465 1394 2499 Quo
1417 2472 1494 2506 pacto
1509 2467 1628 2497 fructum

886 2505 1000 2543 pariant.
1023 2512 1081 2533 VII.
1108 2510 1172 2534 301.
1189 2517 1213 2534 B.
1239 2517 1266 2537 c,
1288 2507 1411 2535 Pecuniae
1432 2516 1493 2538 sunt
1511 2510 1631 2549 impedi—

886 2555 983 2584 mento,
1008 2549 1120 2587 ideoque
1134 2550 1297 2588 pauperibus
1313 2550 1418 2580 dandae.
1443 2559 1489 2583 XI.
1513 2559 1578 2583 834.
1603 2567 1629 2584 1-,

886 2593 1016 2621 Pecunias
1029 2604 1132 2632 sparge,
1149 2600 1176 2621 ut
1187 2594 1319 2632 justitiam
1335 2595 1456 2634 colligas.
1473 2604 1505 2626 X.
1523 2602 1586 2628 681.
1603 2611 1629 2628 c.
