1884 2922
241 195 307 237 304

286 269 418 295 Locorum
438 264 573 294 veneratio
587 261 660 301 apud
676 261 855 299 Christianos,
871 269 900 290 ut
913 262 987 290 urbis

247 310 396 339 Bethleem.
416 316 435 337 I.
453 313 516 335 080.

288 355 384 389 Loms,
403 354 539 388 Augustus
553 348 659 377 mensis.
678 355 711 378 II.
728 353 792 378 1127.
812 359 836 377 c.

288 398 422 430 LOQUEI.A
445 392 589 430 aliquando
610 392 716 420 silentio
737 391 839 427 utilior,
861 399 891 420 ut
907 399 932 420 et
950 392 986 420 si-

248 440 360 468 lentium
375 437 479 475 loquela
494 436 596 464 utilius.
614 442 645 464 V.
665 440 729 464 521.
745 446 772 465 A.

288 483 403 510 Lomeffi
417 481 518 508 ferreae.
537 486 595 507 VII.
611 484 677 506 771.
692 490 715 506 A.

287 527 346 554 Lor
362 534 408 552 cur
423 524 457 551 ab
473 522 609 550 Abraham
624 528 760 560 susceptus
773 532 860 550 comes
871 521 989 561 peregri-

247 568 372 598 nationis.
391 574 436 596 IV.
454 571 517 595 363.
536 578 562 596 A.
581 565 693 595 Juvenis
707 573 844 604 separatur
857 566 891 594 ab
904 565 988 593 Abra-

248 614 337 642 bamo.
356 618 400 640 lv.
418 616 482 639 391.
501 621 526 638 c.
548 610 663 639 Sodoma
682 609 763 647 petit,
782 619 833 637 non
850 609 990 638 advertens

247 656 395 684 incolarum
417 653 574 692 nequitiam.
596 660 641 681 IV.
665 657 728 682 392.
752 664 775 680 A.
802 653 857 681 Cur
880 663 941 681 eum
962 652 988 680 in

248 699 372 729 Sodomis
385 699 507 726 habitare
518 698 590 725 Deus
601 696 725 725 voluerit.
738 703 782 725 Iv.
799 701 861 725 507.
873 707 898 726 c,

282 743 349 770 Loto
361 742 429 770 nihil
442 740 542 780 profuit
551 740 729 769 Sodomorum
739 739 930 768 habitationem
944 738 990 767 de-

247 787 340 824 ligere.
361 792 407 814 IV.
421 790 485 813 [⁸10.
502 795 526 811 1).
542 784 593 813 Lot
606 792 653 811 cut·
675 783 701 811 in
714 783 896 822 captivitatem
907 782 991 812 abdu-

250 837 316 857 ctus.
328 834 372 857 Iv.
384 833 447 856 411.
467 838 493 856 A.
509 827 660 861 Laudatur,
677 827 749 864 quod
761 828 833 856 solus
848 834 989 866 essetpro-

250 873 311 901 bus.
325 870 756 910 Υ.14143.Ε1115111111151Ῑ1131113.
772 878 818 902 IV,
829 876 892 899 505.
906 881 930 899 c.
940 872 991 899 Lot

250 917 276 944 in
287 915 411 944 Sodomis
420 915 487 943 510111
503 915 529 942 in
545 915 639 953 pelago
648 921 768 942 servatus
777 921 823 943 est.
834 922 863 943 II.
874 919 938 944 412.
953 914 990 943 Vi

252 959 363 988 eductus
379 969 412 987 ex
428 957 552 987 Sodomis
565 958 599 986 ab
613 958 724 996 angelis.
742 966 786 987 IV.
801 963 865 987 513.
883 969 909 988 Ε.
926 962 990 986 514.

253 1003 315 1031 Loti
332 1013 398 1031 uxor
412 1003 438 1030 in
454 1008 568 1030 statuam
584 1001 645 1029 salis
658 1012 741 1031 versa.
758 1009 804 1032 IV.
822 1007 885 1030 515.
901 1012 929 1030 A.
943 1003 994 1030 Lot

255 1053 398 1075 excusatur
409 1046 443 1074 ab
458 1045 593 1079 ebrietate,
606 1055 690 1083 neque
705 1046 761 1084 ipse
773 1055 857 1083 neque
868 1045 924 1073 filia
937 1046 994 1083 ejus

253 1089 410 1118 damnandi.
433 1096 476 1116 lv.
496 1093 558 1117 524.
580 1098 605 1116 Ε.
631 1088 693 1117 Loti
711 1089 772 1116 filiae
795 1095 957 1117 excusantur
980 1098 994 1115 3

254 1132 398 1161 concubitu
414 1142 475 1159 cum
489 1138 571 1168 patre.
589 1137 634 1158 lv.
652 1135 716 1158 523.
734 1142 761 1159 A.

294 1176 418 1204 LorAGAE
433 1173 547 1201 mendici
563 1173 743 1202 circulatores.
761 1182 808 1203 XI.
827 1179 890 1204 114.
907 1185 932 1204 e.

294 1220 386 1248 Ltus
406 1217 483 1246 Pauli
504 1217 654 1255 discipulus
674 1218 781 1256 scripsit
800 1218 992 1256 Evangelium.

255 1271 313 1293 VII.
328 1269 354 1294 6,
372 1275 396 1292 Α.
408 1265 467 1296 Qua
477 1261 510 1290 de
522 1272 600 1290 cansa
614 1260 681 1289 illud
694 1261 843 1300 scripserit,
858 1269 904 1290 VII
929 1266 955 1289 7.
970 1271 992 1288 c.

256 1309 343 1336 Lucas
357 1307 383 1334 in
399 1304 614 1344 generationibus
624 1303 716 1332 differt
730 1316 744 1332 3
758 1304 886 1333 Matthseo
902 1305 928 1332 in
944 1314 997 1341 quo

254 1359 279 1380 et
302 1361 392 1388 quare.
418 1356 476 1377 VII.
506 1354 549 1377 17.
576 1350 633 1376 Cur
657 1348 804 1386 longiorem
826 1359 904 1386 quam
927 1349 998 1376 Mat-

255 1395 341 1423 tbaeus
357 1392 538 1432 genealogiam
551 1392 699 1430 scripserit.
714 1399 771 1420 VII.
789 1397 834 1420 53.
852 1403 879 1420 A.
898 1393 954 1420 Cur
964 1392 998 1419 311

258 1438 362 1467 Adamo
377 1436 477 1465 Christi
494 1435 688 1474 generationem
711 1435 832 1474 incipiat.
852 1442 909 1464 VII.
927 1440 954 1463 8.
971 1446 994 1463 n.

260 1483 338 1510 Lucae
353 1491 414 1509 cum
429 1480 556 1508 Matthaeo
571 1478 741 1507 consonantia
763 1479 832 1507 circa
848 1479 936 1506 locum
953 1479 999 1506 ubi

257 1525 359 1564 positus
382 1530 448 1552 esset
470 1533 545 1561 puer.
569 1529 624 1550 VII.
646 1526 708 1550 127.
725 1533 749 1551 A.
772 1523 843 1550 Inter
858 1529 1000 1560 utrumque

258 1578 401 1596 consensus
423 1567 493 1594 circa
513 1565 706 1593 centurionem.
738 1572 794 1593 VII.
823 1571 888 1594 358.
914 1567 1000 1594 Lucas

255 1613 328 1640 solus
344 1610 448 1649 scripsit
464 1609 602 1637 historiam
623 1609 716 1637 Lazari
738 1617 762 1638 et
777 1609 879 1639 divitis.
896 1618 915 1638 I.
934 1616 999 1639 876.

258 1667 284 1683 Β.
308 1654 387 1683 Solus
411 1654 491 1681 etiam
514 1653 692 1691 Evangelium
712 1653 843 1691 produxit
866 1664 947 1691 usque
966 1654 1001 1682 ad

257 1698 447 1727 assumtionem
461 1697 582 1724 Domini.
597 1704 643 1725 III.
659 1701 722 1725 922.
739 1708 763 1725 A.
779 1698 833 1726 Cur
844 1697 916 1726 dicat
930 1708 956 1726 se
969 1697 1002 1726 de

258 1742 392 1773 omnibus,
409 1752 467 1778 qum
482 1740 561 1779 coepit
576 1741 652 1769 Jesus
667 1741 761 1775 facere,
778 1741 926 1779 scripsisse,
940 1751 1000 1770 cum

259 1786 357 1815 scribat
370 1786 484 1813 Joannes
504 1794 555 1812 non
571 1794 647 1822 posse
660 1784 747 1812 omnia
763 1783 853 1812 scribi.
871 1791 916 1813 III.
936 1789 998 1813 123.

260 1840 285 1857 E.
306 1828 353 1856 Est
374 1830 488 1855 Actuum
506 1827 695 1865 Apostolorum
709 1834 811 1855 auctor.
835 1835 866 1855 v.
890 1833 953 1857 230.
972 1838 997 1856 B.

264 1872 294 1901 Id
314 1872 452 1911 probatur.
472 1878 516 1899 III.
535 1877 580 1899 90.
596 1882 625 1900 D.
645 1875 707 1899 922.
738 1873 841 1905 Lucas,
860 1872 937 1900 Pauli
961 1872 1003 1900 di-

261 1915 393 1954 scipulus,
406 1917 469 1942 Acta
480 1914 669 1953 Apostolorum
680 1914 801 1953 scripsit;
818 1915 876 1943 ideo
886 1916 1004 1944 maxima

261 1970 322 1998 pars
336 1959 399 1986 libri
414 1957 527 1987 Paulum
543 1964 653 1996 spectat.
671 1964 714 1985 lx.
730 1962 756 1985 2.
773 1969 798 1988 (J.
816 1963 840 1986 3.

302 2004 462 2037 chnuims,
484 2001 540 2029 sive
562 2000 716 2040 lampades,
741 2001 767 2029 in
785 2001 893 2029 ecclesia
914 2011 1005 2030 aceen-

261 2045 400 2074 debuntur.
421 2052 466 2074 Iv.
491 2049 556 2073 767.
584 2055 609 2072 c.
639 2050 664 2071 et
693 2044 719 2071 in
740 2045 797 2072 foro
819 2044 960 2073 Kalendis.
982 2052 1002 2074 I.

264 2095 326 2118 858.
343 2101 368 2118 1).

300 2135 447 2162 Lucet-nas
468 2132 585 2170 quidam
608 2133 804 2169 superstitiose
824 2131 1007 2171 insontibus

264 2176 476 2215 appendebant.
496 2182 565 2204 VIII.
581 2179 646 2203 712.
662 2185 687 2202 E.

304 2223 448 2249 chmwus
469 2220 626 2249 Graecorum
645 2219 796 2257 disciplinis
815 2220 945 2249 eruditus.
971 2229 1004 2250 II.

264 2270 328 2293 631.
344 2276 367 2292 u.
380 2266 461 2293 Fame
473 2271 620 2302 torquetur.
635 2271 668 2292 II.
683 2268 745 2292 629.
759 2274 784 2291 c.
796 2264 825 2291 ln
838 2265 906 2293 same
921 2264 1003 2293 idolo-

267 2310 344 2347 thyta
360 2308 470 2346 respuit.
490 2315 523 2336 II.
543 2312 608 2336 630.
625 2318 653 2336 c.
670 2307 822 2335 Tei-mentis
837 2307 960 2336 admotus
974 2308 1008 2336 ad

265 2352 384 2390 singulas
394 2351 613 2389 interrogationes
624 2350 811 2390 respondebat,
823 2352 1008 2380 Christianus

267 2406 339 2424 stan.
357 2403 390 2424 II.
409 2399 471 2423 631.
490 2405 516 2423 A.

307 2439 437 2466 Lucu-*En
453 2439 529 2466 inter
541 2438 648 2465 sidera.
663 2444 708 2465 III.
722 2442 786 2466 952.
804 2449 829 2466 A.

305 2486 396 2513 Lumo
425 2485 551 2524 episcopo
580 2485 691 2524 epistola
723 2484 920 2524 Chrysostomi.
959 2493 1006 2515 III.

267 2532 331 2557 708.
351 2539 375 2555 0.

889 200 990 224 INDEX
1021 197 1131 220 RERUM
1140 211 1147 219 .

1082 259 1203 293 chms,
1220 258 1300 286 Jason
1319 262 1343 284 et
1361 255 1513 292 Sositheus,
1534 256 1638 294 cognati
1657 254 1733 284 Pauli
1754 254 1780 282 in

1042 302 1153 341 epistola
1170 302 1226 340 ejus
1239 301 1373 328 Romanos
1388 299 1512 328 salutant.
1532 306 1579 327 Ix.
1594 304 1658 327 833.
1674 311 1700 327 A.

1081 346 1209 373 Leonum
1228 354 1260 372 ex
1281 343 1399 382 proximi
1417 349 1530 380 egestate
1553 349 1675 381 partum,
1700 351 1780 379 quam

1043 389 1159 418 crudele.
1177 395 1221 417 III.
1237 392 1281 416 99.
1298 398 1324 414 A.
1341 386 1424 415 Lucri
1438 396 1511 413 amor
1525 392 1636 424 quantas
1651 394 1783 413 {erumnas

1040 433 1129 462 subire
1146 438 1232 470 cogat.
1256 438 1275 459 I.
1300 435 1361 459 162.
1383 441 1411 458 n.
1432 430 1520 457 Lucro
1541 429 1587 467 qui
1608 428 1730 465 student,
1749 428 1783 456 ab

1039 491 1130 509 amore
1142 479 1210 507 lucri
1226 488 1295 516 saepe
1308 477 1450 505 laeduntur.
1464 484 1523 506 VII.
1538 481 1603 505 706.
1618 488 1643 504 A.

1080 524 1263 552 chnmm
1277 522 1301 549 in
1316 532 1374 549 usu.
1392 528 1437 549 XI.
1454 524 1517 548 826.
1534 531 1558 547 r.
1575 520 1613 547 Ne
1628 529 1704 547 servo
1718 519 1784 547 lice-

1040 574 1078 596 ret
1094 567 1129 596 ad
1143 565 1298 595 luctandum
1314 565 1421 603 inungi,
1445 565 1530 602 legem
1545 563 1606 592 tulit
1620 563 1712 593 Solon.
1731 570 1778 592 XI.

1041 616 1104 640 827.
1119 623 1142 640 A.

1082 655 1194 683 Locrus
1211 663 1243 681 an
1256 652 1357 692 prosit,
1373 662 1419 680 nec
1438 662 1479 679 ne.
1500 658 1547 680 VI.
1565 655 1629 679 356.
1652 650 1785 686 Quisnam

1041 698 1116 726 utilis
1134 697 1176 725 sit.
1196 703 1255 725 VII.
1278 700 1341 725 215.
1367 706 1393 723 e.
1414 695 1489 734 Saepe
1505 693 1626 722 emendat
1640 704 1701 729 eos,
1719 703 1786 730 quos

1041 751 1126 770 sermo
1141 751 1191 769 non
1205 746 1289 778 potest
1304 738 1454 768 emendare.
1474 746 1520 768 VI.
1535 743 1560 766 8.
1576 749 1604 766 E.
1619 736 1783 774 Luctuqui-

1042 795 1103 813 nam
1120 785 1172 812 sint
1192 783 1278 822 digni.
1301 790 1370 811 VIII.
1393 787 1456 811 425.
1478 793 1503 811 c.
1528 782 1628 810 Luctus
1649 780 1786 819 legitimus

1042 838 1103 865 erga
1117 838 1177 862 cos,
1194 827 1238 864 qui
1255 826 1281 854 in
1298 825 1412 864 peccatis
1425 825 1533 853 vivunt.
1555 832 1575 853 I.
1594 830 1657 853 940.
1675 836 1699 853 c.
1716 824 1786 862 Erga

1043 871 1182 900 defunctos
1197 871 1284 909 qualis
1299 880 1354 898 esse
1369 869 1474 897 debeat.
1494 876 1515 898 I.
1534 873 1599 897 937.
1614 879 1640 896 Ε.
1662 867 1789 896 Modera-

1044 922 1087 944 tus
1101 915 1135 943 sit
1151 921 1263 953 oportet.
1283 920 1351 941 VIII.
1369 917 1433 943 429.
1449 924 1475 941 Β.
1490 913 1591 940 Luctus
1605 918 1630 940 et
1645 910 1788 949 exsequia-

1045 969 1104 986 rum
1117 958 1183 986 ritus
1193 957 1267 996 apud.
1279 957 1454 985 Christianos.
1474 963 1492 984 1.
1506 961 1569 984 938.
1582 966 1610 985 1).
1626 956 1725 983 Luctus
1738 954 1789 982 de-

1045 1002 1197 1030 functorum
1210 1012 1270 1030 cum
1283 1000 1356 1028 tibiis
1370 1007 1394 1027 et
1409 999 1542 1038 cymbalis
1555 998 1711 1026 celebratus.
1728 1004 1786 1027 vn.

1047 1051 1111 1075 406.
1121 1045 1237 1074 c.Luctu
1250 1044 1332 1072 nimio
1346 1042 1454 1081 quidam
1464 1042 1498 1070 ad
1511 1042 1684 1070 familiarium
1695 1041 1788 1079 sepul-

1047 1100 1090 1117 cra
1102 1088 1271 1117 domicilium
1287 1093 1442 1126 posuerunt.
1470 1094 1489 1115 I.
1518 1091 1581 1116 178,
1622 1085 1782 1113 Immodera-

1048 1140 1090 1160 tus
1103 1132 1279 1171 improbatur.
1294 1138 1327 1159 x.
1343 1135 1407 1158 296.
1423 1142 1448 1159 c.
1464 1130 1612 1158 Mulierum
1625 1130 1748 1168 planctus
1763 1135 1787 1157 et

1047 1177 1136 1204 luctus
1149 1175 1332 1204 immodestus.
1347 1181 1416 1202 VIII.
1432 1178 1496 1202 1127.
1511 1184 1537 1201 A.
1550 1174 1651 1202 Luctus
1664 1173 1761 1200 nimius
1772 1183 1787 1200 a

1048 1220 1149 1248 ratione
1178 1219 1297 1252 alienus,
1331 1217 1410 1245 etiam
1432 1217 1607 1256 periculosus.
1643 1223 1690 1244 VI.
1723 1220 1790 1245 356.

1050 1264 1150 1292 Luctus
1166 1262 1280 1291 Davidis
1300 1262 1334 1290 ob
1351 1268 1464 1289 mortem
1487 1261 1587 1289 Saulis.
1608 1267 1654 1289 IV.
1675 1265 1739 1288 888.
1762 1270 1789 1288 e.

1050 1307 1152 1335 Luctus
1166 1307 1210 1341 iis,
1230 1306 1274 1344 qui
1288 1313 1347 1334 ante
1362 1305 1499 1333 Christum
1515 1305 1615 1339 vixere,
1627 1303 1726 1332 licitus.
1744 1311 1791 1332 VI.

1051 1356 1116 1379 357.
1144 1352 1173 1379 In
1195 1350 1352 1389 gravissimo
1372 1349 1459 1377 statim
1474 1349 1548 1377 luctu
1575 1357 1626 1375 non
1642 1346 1793 1375 adhihenda

1051 1395 1203 1423 consolatio.
1225 1401 1243 1422 I.
1259 1398 1323 1422 413.
1338 1404 1362 1422 Β.
1391 1392 1513 1431 Lugendi
1526 1391 1636 1425 ethuici,
1663 1391 1750 1420 Judaei
1769 1398 1794 1420 et

1051 1437 1232 1466 catechumeni
1256 1437 1406 1466 morientes.
1423 1443 1467 1465 VI.
1482 1441 1544 1465 362.
1558 1436 1662 1474 Lugere
1675 1442 1794 1463 mortuos

1053 1483 1108 1520 jam
1123 1482 1258 1510 nonlicet.
1273 1488 1319 1509 Vl.
1337 1485 1401 1509 357.

1093 1527 1292 1554 Lummolsrm
1304 1524 1378 1562 prius
1389 1524 1517 1552 elementa
1529 1522 1635 1560 docent,
1647 1532 1728 1560 quam
1739 1522 1782 1561 syl
1790 1539 1796 1544 -

1053 1570 1136 1598 labas.
1153 1575 1198 1597 IV.
1213 1573 1278 1597 866.
1295 1579 1323 1595 11.

1096 1614 1196 1642 Lunns
1212 1611 1336 1649 quisnam
1352 1610 1516 1649 prohibitus.
1530 1615 1662 1638 VII-115.
1678 1620 1704 1639 Β.

1094 1660 1195 1687 Lcmm
1227 1656 1295 1695 quid
1320 1656 1470 1694 significent
1495 1655 1568 1694 apud
1594 1655 1719 1684 Paulum.
1746 1662 1793 1684 XI.

1054 1706 1119 1731 200.
1135 1714 1161 1730 A.

1096 1746 1191 1774 Lem
1204 1751 1227 1772 et
1241 1744 1303 1773 solis
1319 1743 1430 1771 utilitas.
1450 1749 1494 1771 IV.
1510 1747 1554 1771 54.
1574 1754 1599 1773 A.
1618 1747 1662 1771 55.
1677 1742 1796 1778 Quidam

1056 1789 1180 1817 dicebant
1203 1786 1401 1826 providentiam
1425 1795 1508 1823 usque
1529 1785 1563 1814 ad
1583 1785 1674 1814 lunam
1693 1793 1797 1814 tantum

1057 1833 1218 1872 pertingere.
1237 1838 1269 1859 V.
1286 1836 1349 1859 1165.
1368 1841 1392 1860 Β.

1096 1877 1213 1904 Lunam
1226 1875 1345 1914 plenam
1361 1884 1413 1902 cur
1423 1873 1632 1912 primosecerit
1645 1874 1735 1902 Deus.
1749 1879 1794 1901 VI.

1064 1923 1128 1947 534.
1146 1930 1173 1949 E,

1099 1963 1161 1990 Lm·
1169 1973 1237 1990 11101
1250 1961 1383 2000 jejunium
1397 1960 1498 1989 timent.
1515 1967 1546 1988 11.
1561 1964 1625 1988 364.
1641 1970 1668 1988 n.

1099 2007 1232 2040 Lusum,
1247 2011 1433 2033 ornamentum
1457 2003 1588 2032 muliebre
1610 2003 1679 2031 circa
1701 2001 1798 2030 collum

1058 2049 1146 2077 lunari
1165 2049 1262 2077 forma.
1284 2055 1328 2077 VI.
1349 2052 1393 2077 52.
1411 2057 1438 2075 1),

1099 2094 1275 2126 Lcmcuws,
1290 2091 1422 2130 Appiaria:
1437 2090 1592 2129 episcopus,
1610 2088 1644 2118 ad
1656 2089 1799 2128 Theophi-

1060 2136 1117 2164 lum
1132 2136 1229 2164 missus
1241 2147 1255 2163 a
1271 2136 1473 2174 Chrysostomo.
1489 2140 1532 2161 III.
1548 2137 1612 2161 616.
1630 2145 1655 2161 A.

1100 2181 1192 2208 Leros
1203 2186 1311 2218 superat
1323 2178 1369 2216 qni
1382 2184 1469 2205 manet
1481 2177 1549 2205 ovis.
1566 2184 1596 2205 V.
1612 2181 1676 2205 400.
1690 2186 1715 2204 Ε.
1725 2176 1800 2215 Lupi

1060 2223 1216 2256 vincuntur,
1230 2233 1291 2250 oves
1304 2222 1404 2250 Christi
1417 2221 1538 2249 vincunt.
1553 2227 1609 2248 VII.
1624 2225 1689 2248 427.
1707 2231 1732 2248 Β.

1102 2269 1165 2296 Lux
1180 2276 1275 2305 magna
1291 2272 1315 2293 et
1330 2275 1392 2293 vera
1409 2274 1478 2302 qum.
1497 2271 1554 2292 VII.
1573 2268 1637 2291 205.
1655 2274 1680 2291 c.
1695 2273 1722 2291 1).
1740 2263 1802 2291 Lux

1062 2310 1164 2339 Christi
1179 2310 1238 2338 luce
1252 2309 1316 2337 solis
1331 2308 1425 2347 major.
1439 2314 1496 2335 VII.
1515 2311 1578 2336 643.
1597 2317 1623 2333 D.

1102 2355 1251 2382 Luxumffi
1262 2351 1346 2380 dediti
1357 2351 1431 2390 porci
1445 2361 1459 2378 3
1469 2350 1576 2378 Christo
1587 2356 1725 2378 vocantur.
1740 2355 1799 2379 VII.

1063 2402 1128 2426 326.
1146 2407 1174 2426 1).

1103 2446 1200 2474 Luxus
1223 2455 1263 2472 res
1281 2450 1319 2472 est
1340 2443 1420 2471 mala.
1438 2449 1493 2472 VII.
1510 2446 1574 2470 209.
1592 2452 1621 2469 1).
1639 2441 1727 2476 Quam
1744 2440 1804 2468 ina-

1063 2491 1104 2518 nis
1119 2496 1157 2518 est
1176 2496 1200 2517 et
1219 2489 1321 2517 fluxus.
1343 2495 1364 2516 I.
1384 2492 1427 2515 1-1.
1447 2498 1472 2515 1).
1496 2491 1540 2514 15.
1558 2490 1619 2514 895.
1636 2495 1665 2512 1).
1681 2484 1803 2518 Quantus

1064 2541 1183 2572 tempore
1199 2530 1383 2571 Chrysostomi
1404 2531 1554 2559 suerit.1v.
1576 2533 1639 2557 179.
1656 2539 1680 2557 Β.
1699 2531 1761 2556 372.
1780 2537 1803 2555 1).
