1884 2922
204 197 268 234 192
830 191 930 214 INDEX
961 189 1084 211 RERUM.

200 271 224 288 Λ.
241 271 266 288 n.
284 257 419 298 Baptisma
433 256 629 295 discipulorum
649 253 747 282 Christi
761 259 821 280 aute
835 251 937 280 adven-

199 310 255 330 tum
271 302 388 341 Spiritus
402 300 485 329 sancti
508 309 559 327 non
579 298 639 336 plus
658 296 771 324 habebat
790 305 869 333 quam
892 294 939 322 ba-

199 345 296 384 ptisma
309 344 429 375 Joannis.
446 350 515 371 I‘III.
530 348 592 370 190.
606 352 632 369 c.
646 351 673 368 n.
691 339 824 378 Baptisma
838 337 938 366 Christi

199 389 276 427 longe
292 394 396 427 praestat
412 393 530 414 veterum
545 384 761 424 baptismatibus.
783 390 814 411 II.
834 387 898 411 1137.
910 393 926 410 c

198 444 261 472 sqq.
284 433 365 462 Solus
381 430 497 469 Spiritus
510 430 622 467 gratiam
638 428 726 456 habet.
749 435 804 456 VII.
828 432 890 455 180.
912 437 937 453 Ε.

240 475 370 515 Baptismi
390 475 468 502 ritus.
486 481 555 502 vm.
577 478 640 503 108.
658 483 681 500 c.
704 472 787 500 Paulo
806 471 939 511 prolixius

200 519 361 548 describitur
378 518 445 546 ritus
458 516 583 545 Ecclesia:
603 517 629 544 in
654 516 785 554 baptismo
801 515 939 543 adhibitus

201 571 233 592 x.
249 569 350 592 itia.
366 561 457 589 Verba
471 561 495 588 in
505 561 637 600 baptismo
650 560 751 599 prolata
780 567 826 588 XI.
842 564 904 588 7027.
916 571 940 587 ri.

201 607 330 645 Baptismi
341 604 488 644 recipiendi
500 604 605 633 modus.
616 611 647 632 11.
658 608 721 632 267.
732 615 758 632 1).
772 604 939 643 Baptismum

201 650 366 689 accipiebant
391 649 469 677 nudis
491 648 605 688 pedibus
630 649 707 676 unica
732 648 819 676 tunica
843 647 938 686 operti.

202 699 266 723 268.
283 704 310 721 ε.
329 692 463 721 Adhibitis
478 692 687 720 exorcizantium
709 691 829 720 vocibus.
848 693 891 719 Ib.
907 692 940 719 111

201 737 335 775 baptismo
354 735 435 765 verba
457 735 559 775 prolata
581 747 586 762 :
607 735 794 763 Abrenuntio
808 737 871 769 tibi,
886 735 941 763 Sa-

204 783 287 809 ΐαηα.
310 789 343 810 11.
373 785 436 809 280.
451 792 475 808 Α.
489 780 622 819 Baptismi
638 779 717 807 verba
732 790 738 805 :
756 780 941 808 Abremmtio

204 825 264 859 libi,
280 824 392 853 Satana
403 846 410 859 ‚
423 829 450 851 et
464 833 575 862 pompoe
590 829 662 856 tute,
678 829 705 850 ec
722 823 813 850 cultui
825 830 883 852 tuo.
906 830 940 851 11.

203 873 267 898 285.
286 879 311 896 e.
331 869 361 896 In
375 867 507 906 baptismo
519 867 627 904 triginta
643 866 709 895 dies.
727 873 759 895 II.
772 871 836 895 272.
851 867 943 905 Bapti-

204 923 277 941 smus
292 913 319 940 in
332 912 426 950 quavis
438 910 500 939 anni
513 916 667 949 tempestate.
685 910 768 948 accipi
783 917 877 949 potest.
895 918 939 939 tx.

206 961 252 987 15.
265 966 291 984 c.
307 955 461 995 Baptismus
476 961 595 993 tempore
610 954 794 993 Chrysostomi
811 955 837 983 in
852 956 944 984 Pente-

204 1007 275 1029 coste
285 1010 336 1028 non
349 999 475 1033 dabatur,
489 1005 513 1026 et
525 1008 617 1035 quare.
633 1005 679 1027 lx.
699 1003 740 1026 12.
757 1009 783 1026 c.

246 1043 374 1082 Baptismi
390 1043 432 1072 vis
452 1050 475 1071 et
497 1043 614 1072 effectus.
635 1050 692 1071 VII.
714 1047 777 1070 178.
801 1053 827 1072 c.
852 1043 944 1082 Bapti-

205 1088 297 1115 smatis
309 1097 377 1124 aqua
391 1086 458 1115 duas
483 1086 563 1114 habet
577 1087 753 1125 operationes3
769 1093 884 1114 veterem
897 1086 944 1114 ho-

206 1130 305 1158 minem
320 1130 441 1164 suffocat,
455 1136 480 1158 et
493 1140 593 1158 novum
604 1130 733 1158 vivificat.
747 1136 779 1157 II.
797 1134 902 1158 893.1›.
917 1141 944 1158 ε.

207 1179 269 1203 sot.
289 1173 420 1212 Baptismi
440 1173 576 1200 lavacrum
592 1179 629 1200 est
645 1172 818 1211 pharmacum
835 1180 858 1200 et
870 1173 945 1211 quasi

206 1217 424 1245 antidotum.XI.
437 1221 502 1245 333.
521 1217 611 1244 Priora
627 1216 738 1243 crimina
750 1215 855 1252 ablui13
869 1227 946 1244 mun-

206 1261 269 1289 dam
286 1268 311 1289 et
330 1259 444 1288 nitidam
459 1259 541 1287 efficit
558 1258 685 1286 animam.
704 1266 738 1287 11.
755 1263 820 1287 279.
838 1270 862 1287 n.
880 1270 944 1299 sqq.

207 1304 347 1341 Quaslibet
359 1302 475 1331 miculas
484 1302 559 1331 eluit.
571 1306 674 1332 11269.
687 1315 713 1330 A.
723 1303 874 1332 Peccatores
885 1314 948 1331 san-

208 1356 263 1377 ctos
279 1347 371 1378 efficit.
388 1348 434 1376 ΙΙ).
454 1346 585 1386 Baptismi
602 1346 702 1374 donum
718 1346 837 1374 omnium
853 1358 948 1386 pecca-

209 1399 297 1421 torum
313 1390 493 1419 remissionem
511 1390 597 1418 affert.
620 1397 665 1418 Iv.
686 1394 749 1419 299.
768 1401 795 1419 D.
812 1391 948 1430 Baptismo

210 1436 317 1465 nullum
332 1441 470 1474 peceatum
485 1444 535 1462 non
552 1434 630 1462 cedit.
650 1442 694 1463 IX.
710 1439 754 1462 12.
770 1446 797 1462 Δ.
812 1434 948 1472 Baptisma

210 1490 262 1508 non
278 1479 358 1507 modo
373 1478 462 1517 priora
480 1477 576 1506 delicta
593 1478 681 1507 delere
693 1485 792 1517 potest,
808 1478 853 1506 sed
870 1479 949 1507 etiam

211 1523 339 1552 adversus
353 1523 443 1551 sutura
457 1522 574 1550 firmare.
589 1528 635 1550 IX.
651 1527 714 1550 583.
731 1533 757 1551 c.
775 1523 829 1551 Nos
845 1519 950 1561 peccato

210 1574 330 1595 mortuos
345 1567 437 1595 efficit.
458 1573 503 1595 lx.
528 1570 592 1595 577.
610 1577 636 1594 c.
656 1566 807 1604 Baptismus
832 1577 899 1595 crux
914 1574 951 1595 est

212 1611 288 1639 nobis
309 1617 333 1639 et
356 1610 539 1650 sepulchrum.
564 1617 609 1638 Ix.
632 1614 695 1638 577.
718 1620 742 1638 E.
765 1610 794 1638 111
819 1610 951 1649 baptismo

212 1662 317 1694 peccata
339 1664 391 1682 non
414 1654 585 1692 evulgantur.
605 1660 652 1681 111.
677 1658 722 1682 45.
749 1664 772 1682 Β.
799 1654 952 1692 Baptismus

212 1698 406 1732 remissionem,
423 1703 504 1735 caput
521 1696 652 1724 bonorum
671 1695 792 1724 omnium
805 1697 891 1725 affert.
906 1705 951 1725 lx.

214 1747 278 1770 339,
296 1753 320 1770 13.
338 1740 471 1780 Baptismi
484 1739 584 1768 donum
599 1739 745 1777 quodnam.
766 1747 823 1769 vll.
840 1746 902 1769 163.
922 1751 950 1769 D.

212 1785 342 1824 Baptismi
357 1784 441 1823 gratia
456 1793 536 1822 quam
552 1784 667 1822 copiosa.
684 1790 704 1811 I.
719 1788 783 1812 670.
798 1795 826 1812 E.
844 1789 908 1813 671.
926 1796 950 1812 n.

213 1829 243 1857 In
261 1839 312 1866 quo
332 1828 437 1856 differat
458 1827 492 1855 ah
514 1827 599 1866 ipsius
615 1827 718 1865 figura,
734 1827 834 1866 piscina
851 1829 953 1867 proba-

214 1873 276 1902 tica.
287 1874 329 1901 Ib.
342 1873 372 1901 In
387 1871 519 1910 baptismo
529 1870 640 1909 gratiam
652 1877 677 1898 et
688 1871 820 1910 Spiritum
832 1879 954 1901 sanctum

215 1916 369 1955 accipimus.
385 1923 405 1944 I.
424 1920 488 1944 167.
507 1925 534 1944 Is.
558 1914 711 1953 Baptismus
737 1925 784 1943 nos
805 1924 950 1954 regenerat.

216 1967 248 1988 11.
264 1964 326 1988 270.
350 1970 377 1987 E.
394 1959 429 1987 Et
454 1958 596 1995 reformat,
617 1957 761 1996 quomodo.
783 1960 828 1987 ΙΙ).
855 1971 881 1989 Α.
905 1961 955 1988 Per

215 2003 379 2043 baptismum
396 2003 422 2031 in
439 2002 546 2030 Christo
561 2008 586 2030 et
604 2009 711 2041 propter
726 2003 864 2032 Christum
880 2005 955 2033 vivi-

217 2057 293 2083 mus,
306 2046 443 2074 Christum
458 2045 608 2080 induimus,
623 2046 731 2075 Christo
746 2047 835 2081 amici,
850 2048 955 2085 fratres,

217 2090 323 2130 pueruli
346 2090 489 2118 efficimur.
506 2097 540 2118 11.
555 2094 620 2118 278.
640 2101 668 2118 D.
694 2091 824 2128 Baptismi
843 2092 869 2119 iu
890 2103 957 2130 aqua

219 2133 345 2172 fingimur
356 2140 382 2162 et
397 2133 584 2168 reformamur;
597 2133 647 2161 hoc
662 2140 699 2162 est
712 2134 797 2168 fideti,
815 2135 886 2172 quod
902 2146 960 2163 ma-

219 2178 273 2206 trix
286 2177 435 2216 cmbryoni.
456 2184 527 2206 VIII.
548 2182 612 2206 171.
635 2189 660 2206 Α.
679 2188 740 2216 sqq.
766 2179 903 2217 Baptisma
919 2190 960 2218 ge-

221 2222 321 2250 neratio
335 2231 386 2249 non
399 2227 483 2260 potest
495 2231 615 2248 sermone
627 2220 754 2252 describi.
768 2229 838 2251 VIII.
853 2227 915 2252 168,
931 2233 958 2252 E.

223 2264 356 2302 Baptisma
375 2274 469 2292 aurcos
494 2274 528 2292 ex
551 2263 630 2292 luteis
653 2264 752 2294 reddit.
777 2272 847 2294 VIII.
868 2271 912 2294 08.
930 2277 959 2295 D.

223 2307 352 2346 Baptismi
368 2317 464 2346 magna
478 2307 534 2342 vis,
548 2308 595 2345 qui
610 2307 675 2336 doni
699 2316 831 2337 consortes
844 2309 911 2338 alios
929 2321 962 2338 ex

224 2351 283 2379 aliis
301 2352 392 2382 efficit,
409 2359 455 2381 tx.
474 2356 537 2380 203.
549 2363 572 2379 A.

264 2395 394 2434 Baptismi
410 2396 531 2433 signum,
554 2406 598 2423 scu
623 2395 790 2425 circumcisio
810 2408 857 2436 per
875 2397 963 2436 bapti-

226 2449 312 2466 smum
328 2438 390 2466 facit
407 2438 593 2467 discretionem
614 2439 734 2467 fidelium
757 2447 782 2468 et
803 2440 963 2477 infidelium,

226 2482 293 2509 sicut
317 2482 526 2510 circumcisionis
541 2482 660 2511 Judaiem
676 2483 783 2521 signum
807 2495 821 2512 a
841 2485 965 2523 genubus

226 2525 390 2563 segregabat.
408 2533 453 2554 Π.
472 2530 536 2554 467.
554 2526 716 2565 Baptismus,
732 2527 899 2556 circumcisio
917 2538 965 2556 no-

228 2575 290 2604 stra,
306 2579 355 2597 non
367 2569 489 2607 prohibet
504 2580 550 2598 nos
561 2570 711 2599 conversari
724 2570 792 2599 inter
803 2579 891 2610 gentes
901 2584 908 2608 ;
920 2571 965 2601 sed

994 248 1151 289 quomodo?
1178 255 1224 277 lv.
1248 253 1313 278 474.
1337 261 1362 278 Λ.
1382 248 1535 287 Baptismus
1559 249 1649 278 iterari
1678 258 1731 277 non

993 299 1095 332 potest,
1110 292 1155 320 sed
1172 303 1219 331 per
1235 292 1419 330 poenitentiam
1431 302 1446 320 a
1460 299 1568 331 peccato
1583 293 1729 332 surgimus.

994 344 1051 365 ΧΗ.
1067 341 1131 364 208.
1147 350 1172 365 Α.

1036 380 1187 418 Baptismus
1218 390 1345 417 quasnam
1374 379 1517 407 constituat
1545 379 1732 417 obligationes:

993 424 1139 452 Iltuminati
1156 435 1200 453 seu
1216 423 1342 462 baptizati
1359 423 1490 451 osticium.
1508 430 1542 451 11.
1561 428 1626 451 277.
1643 434 1669 451 E.
1681 423 1733 450 lla-

994 467 1084 506 ptismi
1107 468 1191 505 gratia
1217 477 1297 505 quam
1322 466 1527 504 diligentissime
1548 466 1729 495 custodienda.

995 519 1028 542 II.
1053 517 1118 541 279.
1143 524 1166 541 Β.
1199 522 1258 551 sqq.
1286 511 1349 539 Post
1377 510 1540 549 baptismum
1568 510 1730 549 deponenda¹

994 567 1082 595 ρι’-πίε
1104 556 1318 585 consuetudines.
1339 557 1382 583 ΙΙΙ.
1406 565 1430 583 c.
1453 565 1480 582 D.
1503 554 1658 592 Baptismus
1680 564 1730 582 non

995 600 1116 639 prodest,
1139 600 1162 629 si
1185 599 1301 638 improbi
1323 605 1412 637 postea
1437 598 1531 626 simus.
1550 605 1605 626 VII.
1624 603 1686 625 180.
1702 609 1727 625 c.

995 644 1148 684 Baptismus
1172 650 1198 672 et
1222 642 1288 670 fides
1309 652 1360 670 0011
1376 640 1514 669 sufficiunt
1527 640 1628 678 absque
1643 640 1732 679 operi-

995 689 1056 716 bus.
1072 695 1143 716 VIII.
1157 692 1202 716 69.
1221 697 1246 714 e.

1036 732 1174 771 Baptismo
1189 741 1240 760 non
1261 736 1383 768 suscepto
1398 729 1452 756 vita
1467 727 1623 757 decedentes
1638 728 1733 766 lugen-

996 776 1023 804 di
1036 799 1043 812 ,
1059 776 1160 814 quippe
1174 774 1218 813 qui
1234 781 1309 802 extra
1329 773 1430 811 regiam
1450 772 1501 800 sint
1530 783 1583 800 una
1602 782 1660 800 cum
1685 771 1733 799 da-

997 820 1104 848 mnatis.
1122 827 1167 848 XI.
1190 823 1254 847 250.
1278 828 1303 845 c..
1329 817 1466 855 Baptisma
1494 826 1577 853 usque
1596 815 1630 843 ad
1646 822 1735 843 extre-

997 875 1070 892 mum
1090 864 1204 892 halitum
1228 861 1388 890 disserebant
1409 859 1589 888 catechumeni
1616 858 1734 897 quidam.

999 915 1067 936 VIII.
1100 912 1160 936 120.
1187 917 1212 934 E.
1239 905 1409 944 Baptismum
1430 903 1475 942 qui
1501 913 1584 941 usque
1613 903 1647 930 ad
1671 913 1736 930 ntor-

998 959 1050 980 10111
1069 951 1227 980 differebant
1249 956 1383 978 notantur.
1398 955 1431 976 II.
1449 952 1514 976 267.
1526 959 1552 976 Δ.
1572 957 1636 985 sqq.
1650 946 1737 985 Bapti-

998 1007 1052 1024 sma
1064 994 1313 1024 nondisferendum.
1326 1000 1369 1022 IX.
1382 997 1446 1021 205.
1455 1002 1481 1020 D.
1494 991 1647 1029 Baptismus
1656 1001 1669 1018 a
1679 990 1738 1028 qui-

998 1038 1111 1068 busdam
1132 1038 1318 1073 differebatur,
1336 1046 1402 1074 quos
1418 1034 1502 1074 carpit
1518 1035 1735 1073 Chrysostomus.

1000 1091 1044 1111 lx.
1066 1088 1109 1111 13.
1131 1093 1155 1111 e.
1180 1087 1224 1110 15.
1242 1093 1269 1110 D.
1287 1081 1455 1119 Baptismum
1471 1078 1518 1117 qui
1533 1088 1616 1116 usque
1629 1077 1662 1105 ad
1677 1077 1738 1106 vita:

999 1127 1077 1154 finem
1103 1125 1261 1154 differebant
1284 1131 1313 1151 ut
1337 1123 1449 1151 liberius
1472 1129 1497 1150 ct
1524 1122 1610 1161 majus
1630 1131 1740 1160 peccan-

999 1171 1027 1199 di
1040 1171 1155 1210 spatium
1169 1170 1307 1204 haberent,
1323 1168 1562 1208 reprehenduntur.
1579 1175 1613 1197 X.
1633 1172 1695 1196 509.
1711 1177 1735 1195 c.

1039 1214 1172 1253 baptizari
1189 1224 1236 1253 pro
1252 1212 1381 1248 mortuis,
1394 1211 1459 1249 quid
1475 1212 1508 1240 sit
1523 1210 1594 1250 apud
1609 1210 1738 1248 quosdam

1000 1258 1153 1294 lirei·eticos;
1168 1257 1301 1296 quomodo
1320 1263 1406 1284 autem
1431 1255 1486 1284 haec
1505 1254 1583 1284 Pauli
1599 1254 1677 1282 verba
1707 1254 1740 1282 ab

1002 1301 1127 1329 Ecclesizo
1144 1302 1195 1329 ritu
1208 1300 1411 1340 explicationem
1427 1299 1567 1338 accipiant.
1585 1305 1619 1327 Χ.
1633 1302 1698 1326 Mo.
1714 1308 1738 1325 n.

1001 1356 1064 1384 sqq.
1079 1350 1141 1374 237.
1157 1357 1183 1374 A.

1043 1392 1233 1429 Baptismatis
1251 1389 1327 1428 sons
1361 1388 1527 1425 appellatur
1553 1387 1676 1425 piscina.
1706 1392 1738 1413 11.

1002 1439 1064 1463 968.
1094 1435 1245 1472 Baptisma
1270 1438 1312 1460 est
1330 1432 1428 1470 figura
1452 1432 1681 1459 resurrectionis.
1706 1436 1738 1457 II.

1003 1484 1067 1507 974.
1081 1489 1106 1507 c.
1124 1478 1291 1515 Baptismus
1314 1475 1495 1514 signaculum
1507 1476 1594 1514 fidei.
1613 1481 1658 1502 w.
1677 1478 1741 1501 776.

1003 1533 1031 1550 n.
1045 1523 1240 1557 Baptizantur
1253 1520 1317 1558 filii
1338 1520 1395 1546 Dei
1421 1521 1451 1546 ιή
1476 1520 1644 1547 tentationis
1664 1520 1740 1553 igne.

1005 1566 1044 1595 lb.
1059 1578 1085 1593 Α.
1102 1566 1287 1604 Baptismata
1309 1565 1438 1602 quinque
1458 1569 1536 1591 sunt.
1558 1569 1603 1590 VI.
1624 1566 1690 1590 775.
1713 1572 1740 1588 E.

1005 1611 1177 1648 Baptizatns
1189 1611 1237 1647 qui
1249 1618 1307 1635 non
1319 1614 1370 1643 est,
1379 1607 1453 1635 alios
1466 1608 1614 1643 baptizare
1626 1615 1684 1633 non
1693 1615 1745 1643 po-

1006 1661 1069 1682 test.
1080 1654 1090 1691 (
1102 1654 1185 1682 Caute
1197 1653 1277 1691 lege.)
1294 1659 1326 1680 V.
1344 1656 1409 1680 786.
1429 1662 1453 1679 Β.
1467 1652 1643 1689 Baptismus,
1655 1653 1680 1677 si
1692 1651 1745 1677 im-

1003 1700 1069 1736 pius
1080 1697 1150 1735 fuit,
1162 1697 1209 1733 pie
1220 1697 1310 1734 repeti
1317 1701 1420 1732 potest.
1432 1698 1441 1730 (
1451 1694 1512 1722 Haec
1523 1700 1600 1722 caute
1611 1691 1759 1731 legenda).’

1007 1749 1053 1770 vt.
1072 1746 1138 1771 770.
1162 1751 1188 1768 c.
1218 1741 1384 1777 Baptismus
1411 1739 1549 1766 emundat
1575 1748 1594 1765 a
1619 1739 1746 1775 peccatis

1007 1786 1148 1813 omnibus.
1165 1791 1210 1812 Vt.
1233 1788 1296 1811 545.
1315 1793 1342 1810 E.

1046 1828 1262 1857 Bipnsnuum
1277 1825 1507 1865 Constantinopoli
1521 1825 1648 1863 sanguine
1660 1824 1746 1863 reple-

1007 1878 1064 1900 tum
1082 1870 1294 1910 irrumpentbus
1308 1870 1451 1899 militibus.
1468 1877 1515 1898 ΙΙΙ.
1529 1874 1592 1899 510.
1610 1880 1636 1898 c.

1048 1916 1141 1944 Banna
1156 1915 1232 1953 longa
1250 1914 1484 1953 philosophorum.
1502 1921 1548 1942 XI.
1567 1917 1631 1941 828.
1646 1923 1669 1941 c.
1682 1912 1748 1940 Bar—

1008 1959 1069 1988 bam
1094 1959 1256 1998 profundam
1281 1957 1387 1985 alebant
1411 1963 1436 1985 et
1459 1957 1623 1985 ostentabant
1645 1955 1748 1984 externi

1010 2002 1174 2042 philosophi.
1194 2010 1226 2031 [Ι.
1239 2007 1303 2031 203.
1323 2012 1348 2028 Β.
1362 2001 1477 2029 Barbam
1487 2010 1593 2028 auream
1606 2000 1748 2027 Persarum

1009 2057 1057 2075 rex
1072 2047 1187 2074 habebat
1202 2052 1320 2084 tempore
1334 2044 1530 2083 Chrysostomi.
1543 2050 1588 2072 XI.
1605 2047 1670 2071 437.
1684 2053 1711 2071 1).

1052 2091 1174 2119 limum
1197 2090 1265 2118 servi
1289 2088 1485 2117 adhibebantur
1505 2085 1745 2125 Constantinopoli.

1012 2142 1045 2163 V.
1067 2138 1131 2162 627.
1154 2144 1182 2162 D.
1198 2133 1385 2161 Barbaricum
1410 2131 1544 2159 defunctis
1564 2141 1605 2159 res
1626 2129 1747 2168 ipsorum

1012 2187 1130 2206 cremare
1143 2176 1237 2204 solent.
1253 2182 1311 2203 VII.
1328 2179 1392 2202 409.
1407 2184 1432 2201 e.
1447 2174 1626 2202 Barbarorum
1640 2173 1749 2202 effatum

1012 2219 1146 2260 sapientise
1159 2229 1314 2248 consonum.
1333 2224 1389 2245 VII.
1407 2222 1471 2245 477.
1485 2228 1509 2245 c.

1051 2265 1078 2292 S.
1096 2264 1243 2292 BaaLAAM.
1262 2263 1292 2290 ln
1308 2263 1337 2291 S.
1352 2261 1523 2290 Barlaamum
1537 2268 1683 2300 martyrem
1703 2261 1752 2290 ho-

1014 2308 1099 2336 milia.
1114 2314 1146 2335 11.
1164 2311 1228 2335 812.
1244 2306 1366 2335 Barlaam
1389 2312 1493 2344 martyr
1510 2316 1524 2334 e
1546 2316 1650 2334 carcere
1663 2305 1753 2334 educi-

1015 2359 1069 2380 tur.
1087 2359 1120 2380 11.
1137 2356 1201 2380 815.
1223 2361 1248 2378 B.
1272 2351 1384 2378 Manum
1410 2359 1488 2387 super
1515 2360 1588 2377 aram
1612 2348 1753 2378 extendere

1012 2396 1131 2435 jubetur.
1156 2396 1199 2422 lb.
1222 2405 1249 2422 n.
1273 2393 1367 2421 Pruna:
1391 2392 1512 2421 ardentes
1536 2393 1563 2420 in
1591 2403 1670 2420 manu
1695 2393 1752 2431 ejus

1015 2446 1163 2479 ponuntur,
1180 2445 1208 2466 ut
1223 2437 1336 2466 adoleat.
1352 2439 1395 2465 ΙΙ).
1416 2447 1442 2466 Ε.
1467 2436 1590 2464 Barlaam
1614 2436 1752 2464 immotam

1017 2490 1084 2512 tenet
1100 2493 1219 2511 manum.
1236 2487 1300 2511 Sto.
1325 2480 1457 2509 Barlaami
1474 2491 1568 2508 manus
1586 2480 1674 2508 volam
1692 2490 1752 2518 pru-

1017 2538 1057 2556 nae
1074 2527 1219 2566 perforant,
1231 2536 1278 2554 nec
1289 2527 1345 2565 ipse
1363 2524 1442 2553 cedit.
1461 2529 1524 2553 817.
1536 2537 1562 2554 A.
1579 2524 1607 2553 S.
1619 2523 1752 2552 Barlaami

1019 2571 1114 2600 festum
1134 2569 1282 2598 Antiochiae
1303 2568 1474 2598 celebratum.
1501 2575 1545 2596 111.
1564 2571 1626 2596 271.
1643 2577 1667 2593 r..
