1950 2922
165 633 303 666 [r.tt.p.44.

167 821 225 844 naa.
240 817 305 847 mt-

170 1880 309 1910 T.12.p.3t.

173 2094 311 2124 T.2.p.215.

175 2170 312 2200 T.7p.711.

175 2369 315 2400 Τ.6.γ,306.

206 2415 234 2436 T.
247 2423 254 2436 1
263 2421 268 2435 t
277 2430 281 2435 .
294 2423 315 2443 p.

177 2454 230 2475 2¹7-
244 2454 264 2467 a.

208 2489 235 2510 T.
249 2496 284 2510 to.
294 2496 315 2517 p.

181 2520 230 2544 108.
247 2520 269 2540 b.

323 225 392 261 236

315 307 420 339 gentes,
437 300 463 329 iu
480 301 554 339 pueri
567 300 650 327 fronte
666 297 832 336 imprimunt.
850 296 885 324 Et
899 296 921 324 si
935 296 996 334 quis
1012 296 1052 325 iu-

317 352 447 385 terroget,
464 346 536 380 Quid
560 345 611 373 sibi
637 345 695 371 vult
717 343 820 378 lutum,
835 342 902 380 quid
928 343 1053 370 coeuumi’

317 393 418 421 Malum
434 391 531 420 avertit
545 389 651 418 oculum
664 412 671 425 ‚
690 388 827 426 inquiunt,
848 387 1014 426 livoremque
1029 394 1054 416 et

317 437 459 466 iuvidiam.
472 450 484 463 n

357 484 423 511 Aliae
439 482 544 510 nomina
557 480 703 509 fluviorum
718 479 849 517 descripta
870 479 993 507 manibus
1009 479 1053 507 iu-

317 529 426 557 fantium
441 527 626 566 apponebaut;
646 526 704 554 alia:
719 525 849 560 cinerem,
864 525 1004 562 fuliginem
1028 531 1053 552 et

316 574 382 602 sales
395 573 558 601 adhibebant
574 579 601 600 ut
616 572 717 600 malum
730 572 839 600 oculum
854 578 1012 600 averterent.

356 620 555 657 Praestigiaruin
568 629 661 657 genera
675 618 764 646 onmia
775 624 838 646 tnnc
849 617 988 655 vigebant,
1001 616 1055 645 die-

316 677 376 695 rum
391 665 601 700 observationes,
614 664 887 703 augut·ia,vene[icia‚
903 670 994 697 sortes,
1009 674 1054 691 au-

316 712 399 751 spicia
409 733 416 746 ,
429 711 536 748 omina;
552 721 651 739 necnon
667 711 714 738 fati
731 710 875 748 opiniones.
892 710 932 738 De
947 709 977 737 iis
992 720 1054 738 vero

316 757 363 795 qui
379 757 514 786 ominibus
528 764 553 785 ct
565 757 616 784 fato
629 756 710 784 dediti
726 762 799 783 erant
811 755 865 783 bate
876 755 955 783 refert
966 755 1055 794 Chry-

318 810 458 831 sostomus.
470 816 484 830 «
500 803 593 831 Multis
617 802 762 830 terroribus
786 802 863 840 plena
896 808 934 829 est
963 811 1054 829 eorum

318 849 422 885 aniuia3
439 856 542 888 utputa
556 862 564 878 z
582 849 625 877 bic
641 855 686 877 aut
698 848 743 876 ille
759 848 860 886 primus
877 848 944 875 mihi
961 858 1056 875 occur-

318 895 353 923 rit
365 895 446 923 domo
461 895 580 931 exeunti,
594 894 701 923 omniuo
723 895 874 932 contingere
891 893 956 921 milii
972 904 1056 932 opor-

318 947 355 969 tet
367 942 434 969 mala
447 941 660 969 innumerabilia.
677 941 754 968 Nunc
772 950 863 967 servus
879 939 1056 967 exsecrandus

318 987 384 1015 dans
397 988 463 1015 milii
479 988 595 1023 calceos⁷
612 987 729 1026 primum
745 986 863 1025 porrexit
875 993 975 1024 partem
991 985 1057 1013 smi-

318 1040 400 1061 stram
413 1044 419 1061 :
437 1044 532 1071 graves
546 1033 733 1071 significantur
743 1031 906 1060 calamitates
921 1039 945 1059 et
961 1038 1055 1059 contu-

318 1079 414 1107 meliae.
430 1079 486 1118 Ego
501 1090 605 1117 quoque
618 1079 709 1107 exiens
723 1078 829 1106 sinistro
844 1079 959 1116 processi
976 1078 1054 1116 pede:

319 1125 369 1153 lioc
385 1136 488 1163 quoque
501 1132 539 1153 est
552 1125 658 1163 signum
673 1124 864 1152 calamitatum.
880 1125 915 1153 Et
930 1124 984 1152 haec
995 1125 1057 1161 qui-

319 1172 380 1200 detn
393 1172 466 1200 domi
484 1179 545 1200 sunt
560 1172 628 1200 mala
641 1184 646 1199 :
659 1172 728 1200 foras
745 1179 833 1199 autem
846 1182 950 1209 egresso
964 1171 1058 1199 dexter

319 1219 411 1247 oculus
427 1219 493 1246 milii
508 1219 607 1246 inferne
619 1218 680 1246 salit
695 1230 700 1245 :
715 1218 764 1245 lioc
775 1224 815 1245 est
826 1217 956 1245 iudicium
971 1218 1059 1256 lacry-

320 1275 435 1292 marum.
459 1264 585 1292 Mulieres
600 1263 706 1301 quando
724 1270 817 1291 sonant
836 1263 931 1290 calami
945 1263 980 1290 ad
995 1270 1057 1291 tex-

320 1316 385 1338 turffl
399 1317 467 1338 recta
482 1310 554 1347 ligna
568 1310 650 1346 allisi,
666 1309 708 1337 vel
723 1320 784 1337 cum
802 1309 864 1348 ipsae
883 1309 985 1347 pectine
999 1309 1059 1337 dis—

320 1356 480 1390 criminant,
492 1356 542 1383 hoc
556 1366 603 1394 pro
616 1356 691 1394 signo
706 1355 813 1383 habent.
831 1356 935 1383 Rursus
952 1355 1059 1393 quaudo

321 1402 476 1439 subtegmen
502 1403 605 1440 pectine
629 1402 799 1436 concutiunt,
814 1408 839 1429 et
856 1400 882 1429 id
902 1401 1059 1430 faciantve-

320 1448 481 1483 hementius3
493 1447 591 1475 deiude
603 1447 651 1485 qui
665 1455 727 1476 sunt
738 1458 851 1486 superne
863 1447 956 1475 calami
973 1448 1007 1476 ob
1022 1448 1060 1476 in-

320 1501 424 1522 tensum
442 1495 523 1522 ictum
538 1493 620 1522 edunt
634 1493 791 1532 strepitum,
809 1488 883 1521 altisi‘
903 1493 937 1521 ad
958 1501 1059 1522 rectum

320 1547 432 1569 textura?
453 1540 571 1577 liguum,
584 1540 634 1568 boe
658 1540 756 1568 liabent
778 1550 826 1578 pro
852 1539 938 1578 signo.
960 1541 993 1569 Et
1008 1540 1059 1568 alia

321 1587 526 1614 innumerabilia
545 1586 627 1624 digna
642 1597 700 1624 quae
713 1585 864 1615 videantur.
880 1586 915 1614 Et
932 1586 953 1613 si
970 1586 1060 1615 asinus

321 1633 527 1666 exclamaverit,
547 1640 569 1661 et
587 1633 607 1660 si
623 1633 718 1669 gallus,
734 1638 758 1660 ct
774 1632 795 1659 si
813 1632 872 1669 quis
890 1639 1059 1660 sternutave-

321 1680 368 1713 rit,
382 1686 406 1707 et
420 1679 536 1717 quodvis
552 1679 636 1714 aliud⁷
650 1685 786 1716 tamquam
801 1678 888 1706 decies
903 1679 977 1706 mille
1000 1679 1060 1706 vin-

322 1725 371 1753 ctis
382 1724 512 1759 vinculis,
527 1731 663 1762 tamquam
677 1724 723 1762 qui
739 1731 876 1752 tencantur
892 1724 917 1751 in
933 1724 1059 1759 tenebris,

321 1772 409 1800 onmia
432 1771 529 1799 liabent
553 1778 684 1809 suspecta,
711 1777 735 1798 et
760 1777 821 1798 suut
838 1770 922 1808 magis
951 1771 1060 1799 serviles

323 1828 403 1856 (piam
417 1817 555 1845 innumera
570 1817 736 1856 mancipia.»

362 1864 405 1891 Ait
419 1873 479 1891 vero
493 1863 699 1902 Clirysostomus
712 1863 917 1902 praestigiatores
931 1863 1060 1902 quosdam

322 1920 370 1939 suo
385 1916 504 1948 tempore
519 1910 600 1937 fuisse
615 1910 660 1947 qui
675 1909 750 1948 signa
764 1910 886 1937 facerent.

628 2004 756 2032 Funera.

364 2085 487 2113 Parentes
499 2106 505 2117 ‚
520 2085 613 2112 fratres
628 2090 651 2112 et
669 2083 858 2122 consanguinei
874 2082 1062 2113 decedentibus

325 2130 415 2158 oculos
439 2130 598 2158 claudebant
622 2136 647 2158 et
668 2140 696 2158 os
712 2129 913 2168 componebant.
930 2130 1014 2159 Nemo
1034 2131 1061 2158 in

326 2176 352 2203 in
374 2176 440 2204 urbe
465 2176 615 2214 sepulcrum
640 2175 825 2211 construebat,
839 2175 949 2213 ideoque
969 2175 1062 2204 defun-

326 2229 428 2250 ctorum
443 2232 553 2260 corpora
568 2229 642 2250 extra
657 2221 752 2250 urbem
772 2221 922 2260 sepelienda
938 2229 1063 2260 exporta-

326 2267 432 2303 bantur,
447 2268 490 2305 qui
508 2277 563 2295 mos
580 2267 704 2305 antiquus
717 2274 789 2303 erat,
800 2267 847 2296 sed
867 2278 935 2306 sccpe
949 2268 1063 2297 violatus

326 2313 423 2341 fuerat.

368 2358 480 2386 Pullatae
502 2368 546 2385 scu
566 2359 646 2396 nigrae
661 2367 745 2387 vestes
758 2360 784 2387 in
800 2359 939 2388 funeribus
952 2359 1065 2388 adhibe-

328 2405 441 2437 bantur3
464 2414 544 2440 quam
567 2415 622 2432 rem
646 2405 798 2442 improbare
819 2406 927 2434 videtur
944 2406 1064 2444 Chryso-

328 2457 437 2478 stomus.
452 2462 465 2475 (ι
477 2449 545 2477 Cum
561 2460 656 2488 corpus
668 2452 775 2478 effertur
783 2464 807 2484 »,
822 2453 907 2489 inquit
923 2452 966 2480 ille
975 2475 981 2487 ,
992 2465 1005 2478 «
1017 2452 1065 2480 ad-

329 2496 455 2524 hibentur
467 2495 586 2532 plauctus
598 2517 605 2529 ,
621 2496 735 2533 ejulatus
759 2497 842 2524 insani
856 2520 863 2531 ,
880 2498 960 2525 stulta
981 2499 1007 2525 in
1026 2509 1064 2526 sc-

329 2541 444 2581 pulturis
464 2540 594 2575 admissa,
614 2541 682 2569 circa
706 2550 874 2570 monumenta
889 2544 1008 2571 studium
1022 2544 1063 2572 in-

329 2587 532 2626 tempestivum,
549 2593 573 2614 et
597 2587 743 2615 ridiculum
768 2588 935 2626 przelicarum
951 2600 1044 2627 agmen
1056 2613 1062 2623 ,

328 2633 432 2662 dicrum
446 2633 610 2669 observatio,
627 2644 725 2662 necnon
739 2634 870 2671 ingressus
883 2642 907 2663 et
919 2645 1064 2673 egressus.»

928 234 1083 257 SYNOl'SlS
1111 236 1195 258 Eottu
1203 237 1238 267 M,

1147 298 1189 326 De
1207 298 1373 336 praeficarum
1387 297 1492 334 choris,
1506 308 1620 336 quarum
1636 298 1759 336 quaedam
1775 309 1844 338 gen—
1854 307 1938 336 ’πη-Γ

1108 342 1168 371 tiles
1182 350 1272 379 erant,
1289 343 1435 382 saepissime
1455 344 1510 382 agit
1530 344 1751 383 Chrysostomus,
1768 345 1844 374 vult·
1854 346 1874 359 ³·

1108 399 1159 426 que
1181 388 1241 417 illas
1260 390 1369 418 omnino
1382 400 1397 417 a
1412 389 1550 417 funeribus
1571 390 1667 426 arceri,
1682 397 1706 418 et
1721 391 1846 418 modera-

1108 434 1162 462 tius
1183 434 1309 473 lugubria
1330 435 1423 463 funera
1444 435 1568 473 persolvi.
1582 436 1794 474 «Lugeamus»,
1810 436 1848 464 ait

1108 479 1170 515 ille,
1189 493 1202 507 «
1221 480 1267 509 sed
1289 491 1341 509 non
1363 481 1488 510 vellentes
1509 482 1635 521 capillos,
1662 493 1713 511 nou
1738 483 1846 512 brachia

1108 525 1240 555 nudantes
1251 550 1257 562 ‚
1270 537 1321 556 non
1345 528 1489 557 lacerantes
1505 529 1597 558 faciem
1609 552 1617 566 ,
1636 540 1688 558 non
1703 530 1791 569 pullas
1806 541 1847 559 ve-

1108 578 1159 600 stes
1170 572 1316 601 induentes.
1329 585 1342 600 »

1149 618 1267 653 Quidam
1281 619 1361 648 etiam
1385 627 1469 658 erant,
1483 620 1530 659 qui
1554 621 1580 649 in
1602 621 1741 650 funeribus
1762 628 1846 661 caput

1109 664 1196 693 cinere
1210 673 1421 704 conspergerent.

1244 772 1364 800 Viarum
1376 772 1562 810 publicarum
1576 769 1730 803 custodias

1150 862 1166 877 κ
1179 849 1278 879 Eadem
1302 851 1429 880 distantia
1456 852 1591 889 locorum,
1609 864 1668 892 quae
1697 854 1763 882 olim
1787 861 1850 883 tunc
1860 864 1932 892 T.1.p

1111 903 1182 932 erat,
1199 907 1269 925 nunc
1290 897 1368 926 etiam
1393 905 1448 934 est,
1462 898 1564 927 itineris
1585 910 1648 928 vero
1667 899 1784 928 conditio
1798 910 1850 928 non
1861 903 1880 916 ⁰·
1895 895 1934 916 ‘³³

1111 942 1203 970 cadem
1219 950 1257 971 est
1268 966 1274 977 ,
1291 954 1349 981 quae
1361 944 1425 972 olim
1445 944 1525 972 fuisse
1543 945 1672 974 ereditur.
1689 946 1766 974 Nunc
1780 946 1851 974 enim

1110 988 1293 1016 mansionibus
1308 990 1441 1028 perpetuis
1454 990 1612 1019 distinctum
1630 998 1667 1020 est
1685 991 1742 1027 iter,
1761 999 1785 1020 et
1805 1003 1851 1021 ur-

1109 1034 1191 1062 bibus
1215 1045 1244 1062 ae
1267 1035 1341 1063 villis
1367 1036 1550 1074 frequentibus
1573 1044 1710 1071 ornatum,
1726 1037 1852 1066 viatores-

1111 1091 1163 1119 que
1179 1080 1309 1119 plurimos
1322 1081 1476 1116 offendunt,
1490 1083 1535 1120 qui
1551 1083 1616 1111 illuc
1630 1083 1846 1122 proficiscuntur,

1109 1126 1181 1165 quod
1205 1137 1256 1155 non
1282 1127 1370 1155 minus
1393 1127 1427 1156 ad
1452 1129 1601 1157 securitatis
1615 1129 1743 1157 rationem
1760 1130 1850 1166 valet,

1110 1183 1190 1210 quam
1206 1173 1369 1209 mansiones,
1384 1174 1462 1202 urbes
1480 1181 1560 1212 atque
1580 1175 1663 1203 villae.
1676 1177 1804 1204 Praeterea
1818 1186 1852 1204 ex

1110 1218 1250 1256 provincia
1266 1218 1405 1246 civitatum
1423 1219 1556 1258 principes
1570 1219 1688 1258 diligunt
1702 1221 1853 1257 viros,cor-

1111 1263 1184 1302 poris
1200 1263 1385 1301 magnitudine
1400 1272 1424 1293 et
1438 1265 1532 1294 robore
1547 1269 1649 1295 cunctis
1662 1267 1852 1306 praecellentes,

1109 1310 1252 1348 jaculoque
1272 1317 1295 1338 et
1309 1310 1391 1339 funda
1407 1318 1510 1340 tantum
1523 1312 1653 1346 valentes,
1669 1320 1797 1350 quantum
1810 1313 1853 1342 vel

1112 1356 1243 1394 sagittarii
1259 1357 1370 1395 sagittis,
1378 1358 1420 1386 vel
1433 1358 1529 1386 armati
1541 1359 1604 1398 pilis
1618 1370 1623 1386 :
1637 1360 1793 1398 statutisque
1802 1360 1852 1388 du-

1113 1402 1206 1435 cibus,
1222 1402 1319 1440 quibus
1337 1403 1376 1431 illi
1399 1403 1595 1442 obtemperent,
1614 1404 1664 1433 hoc
1684 1405 1721 1433 eis
1744 1405 1852 1434 unicum
1863 1417 1898 1436 196

1112 1447 1258 1486 injungunt
1276 1459 1388 1484 munus,
1402 1449 1538 1487 solamque
1560 1450 1661 1478 itineris
1688 1450 1779 1479 tuendi
1803 1462 1852 1479 cu—

1112 1504 1169 1522 ram
1194 1493 1397 1531 custodiamque
1426 1495 1593 1533 permittunt.
1619 1495 1661 1523 Ad
1686 1496 1742 1524 haec
1772 1496 1854 1524 aliam

1112 1540 1192 1578 longe
1209 1539 1251 1567 his
1274 1540 1398 1568 omnibus
1414 1540 1612 1579 diligentiorem
1634 1552 1724 1569 curam
1744 1543 1855 1580 excogi-

1112 1591 1210 1614 tarunt.
1229 1584 1387 1613 Ilabitacula
1409 1585 1480 1613 enim
1502 1587 1576 1614 mitte
1594 1587 1716 1625 passibus
1731 1587 1764 1615 ab
1780 1587 1853 1615 invi-

1113 1641 1169 1658 cem
1184 1630 1308 1659 distantia
1324 1631 1350 1659 in
1373 1631 1466 1659 itinere
1485 1638 1540 1659 toto
1560 1632 1735 1668 fabricantes,
1748 1640 1854 1662 noctur-

1112 1686 1160 1704 nos
1176 1676 1233 1704 illic
1248 1683 1363 1705 statuere
1376 1677 1515 1711 custodes,
1532 1689 1577 1716 per
1590 1678 1698 1707 illorum
1711 1679 1813 1707 labores
1829 1686 1854 1707 et

1113 1722 1221 1760 vigilias
1237 1723 1386 1750 maximum
1403 1730 1494 1751 contra
1512 1724 1647 1752 latronum
1662 1725 1777 1764 impetus
1789 1736 1854 1754 mu-

1114 1768 1202 1796 nimen
1215 1768 1363 1797 viatoribus
1377 1769 1575 1801 constituentes.
1589 1782 1602 1797 »

1385 1865 1422 1892 M
1421 1866 1431 1892 i
1432 1864 1521 1892 scella
1525 1874 1589 1893 nea..

1155 1942 1297 1978 Kalendae,
1311 1955 1356 1973 seu
1375 1944 1480 1973 initium
1497 1945 1558 1973 anni
1568 1967 1575 1979 ,
1590 1945 1629 1973 sic
1643 1945 1771 1974 celebrari
1787 1945 1855 1974 sole·
1866 1955 1931 1985 Ἰκι.»ι

1113 1989 1177 2018 bant
1189 2003 1194 2020 :
1210 1991 1420 2029 pernoctationes
1429 1998 1512 2025 erant,
1526 1991 1718 2027 cavillationes,
1734 1991 1855 2020 convicia
1867 1995 1887 2008 ⁰·
1929 1992 1930 1995 ’

1114 2042 1139 2064 et
1159 2037 1310 2065 saltationes
1327 2043 1461 2064 nocturnae
1472 2059 1478 2071 ‚
1496 2036 1584 2064 forum
1606 2036 1794 2070 coronabatur,
1807 2044 1856 2067 etc.

1154 2082 1312 2111 Antiochcui
1336 2089 1475 2120 postquam
1499 2081 1682 2110 Theodosium
1707 2082 1857 2120 Imperato-
1866 2088 1930 2116 T,2,]=

1115 2139 1171 2157 rem
1186 2129 1367 2168 placaverant,
1379 2128 1404 2155 in
1414 2128 1512 2156 laeiitiae
1526 2127 1632 2166 signum
1643 2128 1731 2156 forum
1745 2138 1856 2157 corona-
1867 2132 1890 2146 ⁸·

1115 2182 1194 2209 runt,
1211 2174 1331 2202 lucernas
1354 2173 1547 2207 accenderunt,
1569 2180 1595 2201 et
1616 2173 1699 2202 lectos
1715 2184 1760 2202 seu
1776 2174 1855 2202 lecti-

1115 2220 1211 2250 sternia
1225 2227 1283 2248 aute
1296 2219 1416 2248 officinas
1430 2226 1584 2258 posuerunt.

1156 2265 1273 2300 Quidam
1290 2272 1462 2293 externorum
1477 2274 1611 2293 oratorum
1622 2276 1655 2293 ex
1664 2265 1780 2303 quadam
1792 2266 1857 2294 stul·
1866 2277 1894 2299 Τ,
1903 2283 1923 2299 2,

1117 2318 1142 2339 ta
1157 2311 1347 2339 consuetudine
1362 2310 1503 2339 dexterum
1523 2311 1609 2339 eundo
1624 2311 1766 2339 humerum
1787 2312 1856 2340 assi·
1866 2309 1890 2330 d.

1117 2358 1170 2387 due
1184 2358 1323 2392 movebat3
1339 2357 1386 2385 sed
1399 2356 1616 2385 cousuetudinem
1628 2357 1708 2393 vicit,
1717 2364 1741 2385 et
1755 2358 1857 2396 gladios

1118 2411 1208 2433 acutos
1232 2404 1367 2440 utrimque
1394 2402 1513 2430 humeris
1533 2402 1672 2441 imposuit,
1689 2409 1718 2431 ut
1740 2403 1858 2431 vulneris

1118 2451 1213 2479 timore
1227 2449 1376 2477 membrum
1390 2449 1478 2487 inepte
1489 2459 1516 2476 se
1530 2459 1641 2476 movens
1653 2449 1805 2487 corrigeret.

1158 2497 1258 2525 Leones
1276 2495 1372 2523 ovibus
1395 2495 1584 2522 mansuetiores
1602 2505 1648 2533 per
1669 2495 1757 2522 forum
1776 2495 1932 2536 d1¹C⁰·T.4.‘'

1118 2543 1231 2576 bantur,
1246 2548 1271 2570 et
1285 2541 1362 2569 multi
1378 2541 1404 2568 iu
1416 2540 1532 2568 oflicinis
1547 2540 1685 2579 pecuniam
1702 2551 1793 2568 eorum
1808 2550 1856 2568 cu-
1867 2540 1888 2560 ¹¹·
1902 2545 1925 2574 ‘3‘

1118 2589 1186 2617 stodi
1201 2588 1388 2617 numerabant.
1405 2586 1449 2624 qui
1466 2586 1587 2615 custodes
1603 2586 1717 2614 multum
1733 2587 1795 2615 binc
1811 2587 1853 2615 lu-
1867 2578 1888 2599 p.
1900 2576 1920 2592 ²*

1120 2635 1244 2663 crabautu
1250 2645 1270 2661 r.
