1915 2947
218 219 287 243 ΧλΙΙ
717 221 848 244 inmutet
879 221 1000 243 SleLll
1029 220 1247 243 Disssstss‘it'rto

217 283 326 318 cratem,
337 281 461 318 minume
473 281 557 309 ullum
569 281 678 319 quidem
692 282 844 319 vestigium,
856 282 901 319 qui
914 289 1000 310 tomen
1011 281 1113 309 curiose
1125 281 1187 309 satis
1200 281 1288 309 studia
1297 281 1493 320 ejusjuvenilia
1506 281 1769 311 literismamiurunt.

257 328 378 358 Secundo
388 328 492 357 nullum
504 329 604 368 reperio
614 336 717 368 tempus
727 340 840 356 vacuum
852 329 877 356 in
889 338 1017 356 annorum
1032 327 1216 366 Cluysostomi
1228 330 1402 369 ἐπιλογισμῷ,
1411 329 1485 366 quod
1495 329 1558 357 huic
1567 330 1773 368 peregrinationi

217 377 317 415 possim
329 376 468 404 destinare.
488 376 582 405 Tertio
595 383 704 404 matrem
717 376 988 413 indulgentissimmn,
1005 385 1063 413 quse
1079 375 1132 414 pati
1151 386 1202 404 non
1214 377 1311 415 potuit,
1327 383 1356 405 ut
1373 377 1399 404 in
1413 376 1518 404 ricinos
1533 377 1680 406 Antiochia:
1693 388 1755 406 mon
1767 396 1773 400 -

218 429 256 451 tes
268 422 408 456 secederet,
421 422 481 450 dico
496 423 605 450 minime
620 432 812 461 perpessuram,
831 429 859 449 ut
876 421 1001 457 Athenas,
1016 427 1089 449 tanto
1103 421 1223 450 locorum
1238 423 1323 461 spatio
1336 429 1404 451 terra
1416 423 1536 460 morique
1550 423 1711 462 disjunctas,
1724 425 1777 453 mi-

219 477 314 508 graret,
326 470 473 509 prwsertiiu
488 480 546 497 cum
561 470 641 497 vitam
658 469 829 497 monasticum
842 468 984 507 auspicatis
995 469 1094 496 crimen
1109 469 1247 508 apostasiae
1259 480 1310 498 non
1323 470 1402 498 suerit
1413 469 1468 498 illis
1482 471 1658 509 temporibus,
1671 471 1774 500 deserto

220 519 387 551 monasterio,
405 518 430 544 in
449 517 539 544 urbem
555 516 651 546 redire,
667 516 740 553 quod
757 517 811 554 ipse
823 516 892 544 ultro
907 515 968 544 secit
979 516 1197 555 Cliiysostomus,
1213 517 1348 545 ulterioris
1365 517 1438 545 illius
1452 517 1606 545 solitudinis
1621 517 1655 546 ob
1670 518 1775 546 invale-

219 563 336 592 tudinem
352 570 488 601 pertzesus.
507 565 593 599 Atque
609 569 637 590 ut
652 562 739 590 dicum
758 562 831 600 quod
845 563 938 597 sentio,
954 569 1040 590 totum
1057 563 1106 591 hoc
1122 563 1157 591 ad
1172 563 1324 602 exemplum
1337 563 1428 592 Basilii
1444 564 1536 602 Magni
1551 570 1576 591 et
1589 564 1699 602 Georgii
1716 564 1776 592 Na·-

218 611 333 639 zianzcni
345 610 487 638 confictum
499 609 629 645 arbitror-3
642 620 707 647 quos
719 610 812 638 ambos
827 610 938 639 Athenis
951 609 1087 638 studuisse
1101 617 1194 639 notum
1207 618 1259 647 est;
1274 622 1306 640 ne
1318 611 1418 640 scilicet
1434 612 1549 640 Joanues
1564 619 1652 639 noster
1663 611 1775 649 reliquis

219 657 343 686 Ecctesiae
355 656 498 684 Orientalis
513 656 617 694 magnis
628 656 777 684 luminibus
792 656 900 684 inferior
913 655 1059 685 videretur,
1076 657 1223 695 Georgius,
1240 668 1298 696 cap.
1317 658 1363 692 16,
1379 658 1508 686 Joannem
1520 667 1534 685 e
1545 657 1703 686 monasterio
1715 665 1774 696 post

218 704 371 732 triennalem
384 703 458 731 illam
471 703 642 731 secessionem
653 714 666 731 a
678 704 806 732 Flaviano
818 714 912 741 magna
929 714 1023 743 pompa
1040 711 1174 743 arreptum
1186 727 1192 741 ,
1206 705 1392 744 presbyterum
1405 705 1557 733 ordinatum
1567 704 1670 734 scribit.
1682 705 1773 733 Primo

220 751 265 779 itta
280 750 415 779 triennalis
431 750 541 778 secessio
554 750 659 778 nullum
675 750 701 778 in
714 750 769 778 vita
786 750 970 788 Chrysostomi
986 751 1074 778 locum
1090 751 1181 786 babet,
1198 758 1254 779 tum
1268 751 1303 779 ob
1313 762 1358 786 ea,
1373 761 1431 788 quoe
1448 761 1527 790 supra
1545 750 1771 785 monstravimus,

219 806 276 826 tum
296 797 367 836 quod
383 797 414 825 iis
430 797 494 836 ipsis
509 797 584 825 annis
599 804 699 825 constet
714 797 934 836 Chrysostomum
953 798 978 826 in
993 798 1101 826 ecclesia
1117 791 1249 826 orationes
1268 798 1394 826 habuisse
1412 808 1455 826 eas
1467 821 1473 833 ,
1489 808 1548 835 quae
1565 804 1667 826 exstant
1684 804 1774 826 contra

219 844 336 876 Judaeos,
352 850 377 871 et
390 843 415 871 in
428 843 561 882 Babylam
574 850 729 882 martyrem,
741 850 769 871 ut
782 854 860 882 supra
874 843 966 872 videre
978 844 1047 872 licet.
1063 843 1177 879 Deinde,
1193 851 1305 883 quantos
1319 844 1438 883 plausus,
1455 849 1567 881 quantos
1583 843 1710 870 clamores
1726 843 1776 871 εἰε-

220 898 260 919 ret
274 902 303 920 os
315 890 383 919 illud
395 901 514 925 aureum,
529 890 550 918 si
567 901 599 918 ex
614 890 773 919 monasterio
785 897 858 918 tanto
873 891 970 929 petitus
984 891 1098 927 ambitu,
1120 898 1193 919 tanto
1205 891 1283 919 datus
1295 891 1363 919 foret
1374 913 1382 927 ,
1396 897 1422 918 et
1436 900 1488 918 non
1503 900 1535 918 ex
1549 889 1636 918 medio
1651 889 1776 918 diacono-

220 949 279 966 rum
292 948 370 976 grege
382 936 414 964 ad
429 936 478 964 boc
493 937 669 965 ministerium
687 937 809 965 sumtus?
820 937 899 971 Quod
911 948 1004 965 verum
1019 948 1074 965 esse
1085 947 1189 965 mecum
1205 937 1347 972 fatebitur,
1362 936 1483 975 quisquis
1495 935 1666 974 cumjudicio
1679 935 1774 973 legerit

221 986 366 1014 orationem
392 984 476 1019 illam,
492 981 543 1023 ἆρα
558 986 640 1019 ἁληῦἢ
658 984 690 1013 τὰ
708 985 844 1022 συμδάντα
861 991 926 1013 tom:
944 986 973 1020 6,
988 995 1015 1024 p.
1033 985 1103 1019 445,
1120 987 1155 1023 [t.
1176 987 1201 1020 Ἰ,
1217 996 1245 1024 p.
1257 984 1326 1014 456.
1338 986 1349 1021 ]
1362 985 1422 1014 Jam
1442 983 1513 1022 quod
1533 983 1627 1011 scribit
1642 983 1775 1021 Georgius

221 1042 280 1071 cap.
295 1033 342 1065 52,
355 1041 406 1058 nou
419 1041 465 1058 sex
480 1031 577 1064 solum,
593 1030 637 1058 sed
649 1038 674 1059 et
689 1031 755 1059 alios
770 1042 816 1058 sex
831 1030 966 1069 depositos
978 1042 992 1059 a
1003 1032 1104 1060 Joauue
1119 1031 1144 1060 in
1161 1031 1222 1060 Asia
1238 1031 1384 1070 episcopos,
1397 1031 1535 1059 Palladius
1548 1036 1637 1069 aperte
1651 1037 1739 1067 negat,
1750 1037 1775 1058 et

220 1088 234 1105 a
257 1087 365 1105 numero
387 1078 424 1104 16
443 1076 485 1104 vel
501 1077 549 1111 17,
571 1076 642 1113 quod
663 1075 807 1104 adversarii
824 1077 932 1105 Joannis
949 1077 1113 1115 objecerunt,
1131 1078 1240 1116 propius
1255 1077 1337 1105 abest.
1354 1076 1470 1104 Historia
1486 1076 1647 1115 Callitropes
1662 1077 1699 1112 (c.
1716 1076 1775 1111 54)

222 1122 318 1150 multas
332 1121 411 1149 habet
426 1121 648 1157 circumstantias,
663 1132 777 1159 quarum
794 1122 861 1150 nibil
875 1122 962 1150 simile
976 1122 1085 1150 memini
1099 1123 1198 1151 vidisse
1216 1123 1241 1150 in
1257 1130 1344 1151 vetere
1361 1122 1533 1150 ecclesiastica
1546 1121 1656 1149 historia
1666 1144 1673 1157 ,
1691 1132 1775 1159 neque

221 1167 293 1203 scio,
309 1177 340 1194 an
352 1176 442 1194 omnes
465 1165 572 1194 defendi
601 1167 712 1204 possint.
730 1167 803 1194 Hanc
828 1167 966 1194 historiam
987 1167 1127 1195 confundit
1151 1168 1284 1195 Cedrenus
1303 1179 1362 1195 cum
1378 1168 1424 1196 itta
1449 1167 1482 1195 de
1504 1167 1586 1196 vidua
1611 1167 1775 1205 Theognosti

222 1217 262 1249 (c.
280 1215 312 1241 M
327 1215 345 1247 ),
357 1224 416 1250 (pue
432 1212 496 1241 adeo
509 1213 604 1241 similis
616 1220 653 1241 est
667 1213 705 1241 illi
721 1213 754 1241 de
769 1213 876 1241 ''Nabotb
889 1220 913 1241 et
929 1214 1046 1249 jezabel,
1064 1221 1091 1242 ut
1107 1215 1188 1243 attera
1204 1226 1234 1243 ex
1252 1215 1333 1243 altera
1349 1226 1472 1254 expressa
1488 1214 1620 1243 videatur.
1637 1214 1776 1253 llecipitur

222 1269 308 1289 tumen
322 1261 377 1288 haec
393 1261 503 1288 historia
520 1260 553 1288 de
569 1260 650 1289 vidua
664 1261 826 1299 'l'heognosti
843 1272 856 1288 a
872 1262 1034 1290 Damascene
1044 1285 1050 1295 ‚
1068 1262 1106 1290 uti
1121 1269 1145 1290 et
1157 1263 1191 1290 ab
1206 1263 1330 1290 omnibus
1342 1263 1395 1291 sere
1408 1262 1600 1290 recentioribus
1611 1261 1777 1300 biographi&

223 1310 291 1337 Nam
310 1307 382 1346 apud
400 1314 497 1336 veteres
512 1307 585 1335 nulla
605 1307 685 1345 liujus
698 1307 816 1335 liistoriae
836 1308 933 1335 mentio
946 1315 985 1335 est
998 1319 1005 1344 ;
1024 1319 1071 1336 nce
1085 1309 1244 1347 rescriptum
1257 1315 1305 1344 est,
1318 1309 1389 1346 quod
1404 1309 1496 1341 sciam,
1510 1309 1595 1336 ullum
1607 1308 1633 1336 in
1650 1315 1704 1336 toto
1715 1309 1775 1347 jure

224 1355 343 1381 Romano
362 1353 430 1389 tale,
444 1353 522 1390 quale
535 1353 569 1380 ab
585 1353 708 1381 Eudoxia
724 1353 749 1381 in
766 1353 816 1381 hoc
832 1353 936 1390 negotio
950 1353 1056 1382 citatur.
1073 1354 1112 1383 Ad
1129 1354 1185 1382 haec
1201 1354 1269 1382 inter
1285 1354 1469 1392 ἀνιστορησίας
1484 1354 1595 1392 Georgii
1610 1364 1690 1393 pono,
1705 1353 1777 1392 quod

221 1401 351 1429 joannem
374 1400 408 1428 ab
426 1400 520 1428 exsilio
535 1400 624 1439 priore
644 1407 794 1428 revocatum
808 1401 884 1439 jussu
901 1400 1008 1428 Arcadii
1024 1401 1134 1437 scribit,
1148 1412 1209 1430 cuin
1226 1402 1319 1440 populi
1337 1401 1509 1436 clamoribus,
1525 1408 1579 1429 tum
1597 1400 1706 1429 l‘lonorii
1721 1400 1776 1428 sra-

223 1446 272 1474 tris
285 1446 452 1483 literis;cu1u
468 1446 537 1474 intra
553 1445 695 1474 duodecim
714 1447 791 1475 horas
807 1447 841 1474 ab
856 1447 1013 1485 expulsione
1026 1448 1104 1486 jussu
1122 1449 1315 1486 Imperatorum
1335 1455 1473 1475 revocatus
1488 1447 1581 1483 sucrit3
1596 1457 1679 1485 neque
1701 1447 1778 1485 quic—

223 1504 302 1531 quam
314 1494 429 1531 potuerit
444 1494 542 1522 interea
557 1493 708 1531 Honorius,
722 1494 767 1532 qui
784 1495 917 1522 Ravennae
927 1495 980 1522 sere
995 1502 1039 1522 aut
1056 1494 1202 1523 Mediolani
1218 1494 1326 1532 agebat,
1342 1494 1374 1522 de
1384 1495 1441 1533 ejus
1455 1494 1613 1533 expulsione
1627 1494 1772 1523 resciscere.

223 1541 293 1569 Nam
310 1540 382 1578 quod
395 1541 534 1579 epistolam
549 1541 745 1580 Clu-ysostomi,
766 1541 811 1568 καὶ
825 1540 876 1580 πρὸ
892 1544 943 1569 τῶν
962 1542 1144 1580 γραμμάτων,
1165 1542 1289 1580 scriptam
1307 1552 1362 1570 esse
1374 1541 1463 1580 prodit
1479 1549 1537 1580 post
1549 1541 1623 1580 prius
1635 1542 1776 1577 exsiliun13

223 1598 296 1616 error
310 1587 418 1625 quidem
434 1588 661 1616 manifestissimus
675 1595 721 1622 est,
733 1587 777 1616 seil
793 1599 853 1616 cum
865 1588 984 1617 Palladio
999 1589 1156 1618 communis.
1170 1589 1243 1617 Illud
1259 1589 1391 1628 peculiare
1406 1600 1498 1625 suum,
1515 1596 1544 1626 vet
1562 1600 1679 1618 crassum
1700 1590 1774 1623 satis.

224 1634 295 1672 quod
309 1645 369 1663 cum
385 1645 443 1673 cap.
465 1636 496 1662 61
517 1635 653 1674 episcopos
667 1645 699 1663 ex
713 1636 897 1664 communione
917 1635 1027 1665 Joannis
1051 1647 1096 1675 per
1117 1636 1319 1665 Theotecluuun
1335 1636 1425 1664 literas
1443 1646 1564 1663 exarasse
1579 1636 1671 1664 scribit
1683 1636 1717 1664 ad
1732 1637 1778 1664 In-

225 1682 375 1710 nocentium
396 1692 506 1720 papam,
525 1682 622 1720 quibus
639 1682 840 1720 significabatur
851 1684 978 1712 Joannem
992 1684 1129 1711 Cucusum
1145 1684 1289 1722 relegatum
1305 1695 1310 1710 :
1324 1683 1393 1711 idem
1414 1690 1499 1711 tamen
1515 1694 1572 1722 cap.
1589 1682 1638 1720 64,
1649 1683 1723 1720 quasi
1736 1687 1778 1712 sui

226 1729 337 1761 oblitus,
353 1728 536 1756 Innocentium
556 1729 605 1756 hoc
621 1740 634 1756 a
657 1729 859 1764 mercatoribus,
876 1736 903 1757 ut
918 1736 998 1768 puto,
1014 1730 1108 1758 aliisve
1125 1730 1169 1767 qui
1183 1730 1225 1758 διά
1240 1742 1312 1762 τινας
1325 1729 1414 1769 χρείας
1433 1730 1500 1757 sorte
1514 1730 1626 1757 Romam
1639 1738 1776 1767 venerant,

226 1773 342 1813 primum
355 1773 493 1801 rescivisse
508 1780 606 1801 narrat.
621 1774 763 1813 Οὔπωγᾶρ
776 1770 807 1808 ἦν
824 1774 960 1809 ἀκηκοὼς,
976 1775 1078 1812 inquit,
1089 1776 1149 1814 περὶ
1163 1778 1210 1810 τῆς
1228 1776 1346 1815 δευτέρας
1359 1776 1437 1803 αὐτοῦ
1455 1775 1563 1814 ἐξορίας.
1578 1775 1656 1809 Quod
1673 1787 1731 1815 cap,
1743 1777 1780 1806 58

228 1821 319 1861 Epidii
335 1821 473 1849 servulum
494 1831 555 1848 cum
574 1821 628 1849 sica
643 1821 807 1849 submissum
823 1822 857 1850 ad
872 1822 1085 1851 interficiendum
1099 1824 1320 1863 Cbrysostomum
1337 1824 1432 1852 Cucusi
1450 1830 1557 1859 narrat;
1572 1823 1599 1851 id
1615 1824 1712 1851 factum
1724 1824 1782 1852 sine

226 1868 297 1897 omni
311 1867 394 1896 dubio
410 1867 638 1907 Constantinopoli
652 1875 700 1897 est.
719 1868 799 1904 Quod
814 1869 978 1908 Adelphium
995 1870 1112 1899 Arabissi
1128 1878 1203 1899 vocet
1216 1871 1380 1910 episcopum,
1394 1881 1454 1899 cum
1468 1881 1497 1899 co
1510 1877 1628 1909 tempore
1642 1870 1782 1909 episcopus

228 1915 357 1951 Arabissi,
374 1922 438 1943 teste
449 1914 541 1943 eodem
557 1916 659 1944 Joaune
676 1916 752 1955 epist.
772 1918 822 1944 191
838 1939 846 1951 ,
860 1917 939 1945 fuerit
952 1917 1060 1956 Otrejus
1074 1929 1081 1946 :
1094 1918 1168 1956 quod
1182 1919 1309 1947 Joannem
1328 1918 1354 1946 in
1371 1917 1491 1957 ejusdem
1501 1941 1508 1953 ,
1522 1925 1552 1945 ut
1566 1925 1640 1957 putu,
1653 1917 1782 1957 Adelphii

227 1962 330 1991 aedibus
350 1963 448 1990 Cucusi
469 1969 620 2001 susceptum
641 1963 747 1999 scribit,
763 1964 835 2001 quod
856 1964 1028 1993 humanitatis
1045 1966 1163 1994 officium
1179 1967 1257 2004 (nam
1276 1966 1328 1993 alia
1344 1966 1517 1994 humanitatis
1531 1965 1618 1994 offic-ia
1635 1965 1778 2004 episcopus

228 2010 336 2043 Cucusi,
353 2009 381 2037 id
396 2016 443 2042 cst,
458 2016 574 2048 utputo,
592 2009 738 2049 Adelphius
751 2011 808 2049 ipsc
823 2012 955 2050 praestitit,
965 2019 995 2041 ut
1006 2013 1088 2051 liquet
1102 2013 1179 2052 epist,
1196 2014 1232 2042 15
1242 2013 1274 2041 ad
1288 2013 1462 2052 Olympiad.)
1474 2023 1525 2041 non
1540 2012 1586 2040 atii
1608 2023 1690 2050 quam
1701 2013 1781 2042 Dios-

230 2067 290 2085 coro
302 2057 396 2084 tribuit
414 2057 470 2095 ipse
480 2058 594 2085 Joannes
609 2057 687 2096 epist.
699 2060 736 2086 w
748 2058 782 2086 ad
799 2059 1000 2098 Olympiadem,
1016 2061 1091 2099 cujus
1103 2060 1176 2088 nulla
1189 2061 1259 2099 apud
1274 2061 1422 2098 Georgium
1436 2060 1534 2088 mentio
1547 2071 1552 2087 ε
1566 2059 1638 2097 quod
1655 2059 1781 2088 Proetum

230 2103 254 2130 in
270 2103 442 2131 translatione
457 2103 629 2140 reliquiarum
648 2104 801 2143 episcopum
817 2112 891 2134 vocet
906 2106 1009 2145 Cyzici,
1025 2107 1071 2144 qui
1084 2107 1176 2135 relicta
1191 2107 1289 2146 Cyzico
1303 2106 1520 2145 archiepiscopus
1537 2113 1592 2134 tum
1610 2106 1694 2135 fuerat
1709 2107 1781 2136 Con-

230 2149 479 2188 stantinopolitanus
491 2152 605 2188 :ancrtae
617 2158 688 2187 sunt,
703 2158 732 2179 ut
747 2152 813 2181 mihi
828 2152 945 2189 videtur,
959 2154 1172 2193 παριστορησίαι.
1186 2166 1200 2181 υ

271 2207 285 2221 «ι
297 2197 419 2233 Superest
431 2195 465 2222 de
475 2195 592 2234 epistolis
600 2207 631 2224 ex
643 2197 788 2226 Occidente
798 2205 821 2226 et
831 2198 940 2226 Oriente
950 2198 1019 2226 ultro
1027 2199 1146 2236 citroque
1158 2198 1246 2226 missis
1256 2208 1350 2236 magna
1363 2197 1519 2237 cumprimis
1528 2205 1553 2226 ct
1562 2198 1645 2226 ardua
1653 2199 1764 2237 quzestio
1777 2212 1784 2235 ;

229 2240 263 2269 de
278 2252 330 2279 qua
346 2242 500 2269 sententiam
517 2253 602 2270 meam
619 2243 732 2281 ingenue
746 2251 771 2272 et
784 2245 866 2273 libere
880 2256 953 2274 more
966 2246 1097 2284 majorum
1112 2245 1243 2284 aperiam,
1258 2244 1333 2273 nullo
1348 2245 1465 2283 partium
1478 2244 1567 2272 studio
1580 2245 1690 2281 ductus,
1707 2245 1781 2274 nulla

228 2289 389 2327 cujusquam
410 2288 494 2326 gratia
510 2289 552 2317 vel
568 2288 637 2317 odio.
659 2291 743 2318 Hasce
759 2290 841 2328 igitur
860 2292 984 2331 epistolas
1003 2292 1028 2320 iu
1044 2292 1094 2319 tria
1113 2291 1246 2319 distribuo
1266 2301 1359 2329 genera
1376 2303 1382 2318 :
1398 2291 1440 2319 vel
1460 2292 1529 2319 enirn
1543 2291 1635 2330 bmissae
1650 2298 1710 2319 sunt
1727 2299 1785 2331 post

232 2335 307 2374 prius
322 2335 457 2371 exsilium,
469 2335 511 2364 vel
526 2343 584 2375 post
602 2337 728 2364 exsilium
740 2339 879 2376 posterius,
894 2340 935 2368 vcl
951 2346 1009 2378 post
1025 2345 1136 2367 mortem
1150 2339 1269 2368 Joannis.
1286 2339 1314 2366 ln
1330 2338 1417 2377 primo
1431 2344 1457 2366 et
1472 2337 1587 2367 secundo
1605 2349 1698 2377 genere
1718 2340 1781 2368 nul-

231 2383 284 2410 lam
300 2381 415 2419 Geor-gio
428 2382 503 2410 litem
517 2393 622 2419 moveo,
635 2390 804 2421 praeteream,
815 2396 872 2422 qua}
887 2385 935 2424 ipsi
946 2396 1006 2414 cum
1019 2385 1140 2414 Palladio
1149 2385 1356 2420 communisest;
1366 2384 1399 2412 de
1413 2395 1464 2422 qua
1477 2395 1557 2424 supra
1575 2385 1609 2413 ad
1620 2385 1782 2415 Palladium.

230 2431 270 2458 De
286 2429 364 2457 tertio
377 2439 471 2467 genere
484 2429 698 2467 disquirendum,
709 2430 742 2458 de
756 2442 808 2468 quo
817 2432 854 2460 sic
870 2432 1002 2471 Georgius
1017 2444 1040 2461 c.
1056 2433 1096 2461 68
1108 2445 1115 2461 ε
1128 2434 1236 2461 Mortuo
1248 2433 1303 2472 jam
1317 2433 1347 2462 B.
1360 2434 1470 2467 Joanne,
1486 2431 1550 2466 duo,
1563 2432 1658 2471 inquit,
1669 2433 1783 2463 Romam

213 2483 216 2485 ’
231 2483 361 2505 venerunt
375 2476 535 2515 presbyteri,
548 2483 572 2504 et
581 2476 709 2505 diaconus
724 2488 803 2515 unus,
819 2479 864 2516 qui
879 2490 939 2507 cum
951 2490 980 2508 eo
991 2480 1095 2508 fuerant
1109 2480 1135 2508 in
1146 2479 1240 2508 exsilio
1250 2502 1256 2514 ,
1273 2486 1299 2508 et
1310 2479 1381 2518 apud
1393 2479 1572 2507 Innocentium
1586 2490 1683 2518 papam
1694 2480 1784 2518 queri-

231 2523 346 2551 moniam
363 2523 499 2562 deponunt
514 2523 547 2551 de
563 2523 749 2553 vexationibus
763 2526 858 2554 joa-nni
874 2526 954 2554 illatis
971 2538 978 2555 :
991 2527 1037 2564 qui
1054 2528 1090 2555 rei
1105 2527 1240 2555 atrocitate
1255 2533 1401 2555 commotus
1416 2525 1506 2554 statim
1520 2525 1553 2554 ad
1570 2526 1717 2554 Honorium
1733 2536 1781 2554 ac—

230 2569 324 2597 currit.
340 2569 412 2607 Quid
426 2569 529 2597 multa?
543 2569 622 2598 ambo
637 2569 700 2598 dant
715 2571 804 2599 literas
815 2571 849 2600 ad
862 2572 1016 2608 Arcadium,
1029 2573 1196 2601 Innocentius
1208 2572 1360 2612 ἰΗᾱς,φωνὴ
1377 2572 1488 2610 αἵματος
1503 2573 1613 2611 ἀδελφοῦ
1624 2584 1673 2609 μου
1683 2571 1780 2600 Ἰωάν-

229 2630 271 2646 νου
285 2619 341 2655 βοᾷ,
353 2617 377 2644 in
392 2616 490 2654 quibus
505 2616 648 2645 Arcadium
658 2626 681 2645 ct
695 2617 849 2647 Eudoxiam
862 2619 1084 2653 excommunicau
1099 2619 1311 2656 Honor-insilias,
1325 2621 1371 2648 οὐχ
1381 2615 1437 2646 οἶδα
1448 2619 1509 2647 ποία
1522 2617 1687 2655 ἀντικειμένη
1705 2618 1777 2657 ἐνέρ-
