1884 2922
230 188 296 222 158
846 197 947 219 INnEx
978 196 1134 219 Locouum

225 272 287 289 (ΑΡ,
331 271 412 288 vens.
1021 267 1086 286 CAP-
1130 267 1210 285 VEB&

226 304 260 333 6.
382 306 411 333 9.
430 305 498 340 Quae
515 302 541 330 in
557 301 720 341 profundum
737 300 860 328 interitus
879 300 966 328 homi·
1021 302 1056 331 6.
1152 303 1199 330 15.
1214 303 1273 330 Rex
1288 308 1327 330 est
1348 312 1450 340 regum,
1470 310 1495 331 et
1509 304 1642 334 Dominus
1669 305 1762 334 domi·

464 356 508 373 nes
521 344 698 383 praecipitant.
716 350 774 371 VII.
787 348 852 372 812.
868 353 896 372 n.
1260 345 1391 374 nantium.
1406 353 1439 374 11.
1454 351 1517 375 289.
1535 358 1561 376 c.

360 393 406 420 10.
424 388 516 417 Radix
534 387 654 415 omnium
669 387 804 415 malorum
818 393 857 415 est
871 388 966 415 avari-
1103 390 1202 418 15.16.
1221 388 1256 416 T.
1270 396 1290 417 I.
1308 394 1373 418 567.

467 431 539 459 tia...
567 437 599 458 II.
626 434 690 461 448.
714 442 740 459 Β.
768 435 833 459 461.
855 441 884 460 n.
916 438 963 460 III.
1159 433 1205 461 16.
1225 432 1324 460 Lucem
1342 432 1444 462 habital
1459 433 1676 465 inaccessibilem.
1692 442 1761 464 VIII.

464 479 529 503 499.
546 486 572 503 A.
591 481 637 503 Iv.
654 479 717 503 210.
736 486 763 503 D.
780 481 837 503 VII.
856 479 922 504 707.
938 486 963 503 A.
1261 480 1307 505 45.
1327 487 1351 505 n.

463 522 528 546 812.
552 529 577 547 A.
597 525 641 547 IX.
666 522 731 546 253.
751 528 778 546 Β.
808 522 872 546 592.
904 525 964 547 XII.
1157 521 1202 549 17.
1220 520 1358 549 Divitibus
1373 521 1455 561 hujus
1469 521 1560 550 saeculi
1580 522 1694 562 praecipe
1708 533 1761 551 non

465 567 529 591 320.
544 573 569 591 c.
1262 564 1378 593 sublime
1397 576 1498 605 sapere.
1515 573 1546 595 II.
1562 570 1605 595 24.
1619 577 1645 595 n.
1666 570 1709 595 30.
1731 577 1761 596 13.

360 608 405 635 Ib.
423 607 473 635 Per
499 607 576 645 cujus
607 605 781 645 cupiditatem
810 604 921 643 quidam
951 616 966 633 a
1261 612 1308 637 31.
1326 619 1355 638 D.

466 650 520 679 fide
544 652 745 679 aberraverunt.
772 657 818 679 III.
850 653 914 678 321.
937 661 963 679 A.
1161 652 1206 679 ΙΙ).
1223 651 1314 690 Neque
1328 663 1433 691 sperare
1445 653 1470 681 in
1484 653 1584 682 incerto
1594 653 1763 683 divitiarum.

470 700 528 722 VII.
545 699 610 722 783.
628 701 659 723 Χ.
675 698 737 722 445.
755 703 781 721 Ε.
1262 703 1295 724 II.
1313 701 1358 725 31.
1374 708 1396 725 Β.
1413 701 1458 727 32.
1481 707 1507 727 C.

362 738 409 768 13.
426 737 555 776 Praecipio
568 738 616 766 tibi
629 748 717 766 eoram
730 738 797 773 Deo,
810 737 966 777 quijudicat
1155 741 1198 768 Ib.
1217 739 1271 768 Sed
1298 740 1324 768 in
1349 742 1405 769 Deo
1419 741 1491 776 vivo,
1507 741 1552 779 qui
1569 748 1674 780 praestat
1688 741 1766 770 nobis

467 781 566 809 omnia.
584 789 630 810 XI.
644 786 710 810 773.
726 792 754 811 Β.
1267 784 1373 813 abunde
1387 785 1487 813 omnia.
1504 792 1537 813 II.
1555 789 1599 814 35.
1615 796 1644 814 A.

363 826 409 853 ΙΙ).
427 824 481 861 Qui
499 825 681 854 testimouium
704 824 779 853 dedit
799 824 850 854 sub
871 825 966 854 Pontio
1159 830 1204 857 IS.
1221 828 1294 857 Bona
1315 828 1436 867 operari,
1450 828 1547 857 divites
1571 839 1626 857 esse
1640 829 1665 857 in
1690 827 1772 857 bonis·

467 868 562 899 Pilato.
577 877 623 898 lx.
640 874 704 899 261.
1264 872 1400 910 operibus.
1416 879 1449 901 v.
1468 877 1533 902 335.
1552 883 1578 901 12.

651 1029 834 1059 EPISTOLA
856 1030 905 1058 AD
929 1030 1163 1060 TIMOTHEUM
1184 1031 1363 1061 SECUNDA.

229 1177 289 1196 ευ).
332 1175 414 1195 vzns.
1024 1178 1085 1196 οη.
1130 1177 1212 1196 vens.

233 1212 263 1240 1.
427 1209 604 1246 Exponitur.
622 1208 657 1235 Τ.
671 1214 718 1236 XI.
730 1213 867 1238 708-728.
1025 1206 1061 1237 2.
1177 1209 1205 1235 5.
1224 1207 1308 1236 Nemo
1327 1213 1486 1244 coronatur,
1502 1207 1552 1236 nisi
1567 1209 1684 1247 legitime
1709 1221 1766 1239 ccr-

378 1258 404 1283 1.
423 1252 525 1282 Paulus
544 1251 679 1290 apostolus
692 1252 718 1281 J.
737 1253 768 1281 C.
785 1263 832 1292 per
847 1252 971 1281 volunta·
1265 1251 1370 1279 tavei-it.
1386 1259 1406 1280 I.
1424 1256 1488 1280 333.
1502 1265 1528 1282 A.
1543 1258 1607 1282 919.
1622 1265 1646 1283 B.
1664 1261 1697 1284 II.
1717 1260 1763 1283 47.

464 1303 517 1324 tem
534 1296 596 1326 Dei.
614 1301 648 1325 V.
667 1301 730 1324 110.
1180 1297 1209 1326 6.
1228 1295 1380 1334 Agricolam
1398 1303 1501 1335 oportet
1522 1297 1641 1336 primum
1663 1298 1767 1328 fructus

378 1343 406 1372 3.
424 1339 534 1369 Gratias
549 1349 599 1378 ago
612 1340 678 1375 Deo,
695 1339 738 1367 cui
754 1339 841 1368 servio
855 1349 870 1367 a
883 1340 970 1378 majo·
1268 1340 1412 1379 percipere.
1431 1347 1462 1369 II.
1479 1345 1524 1369 46.
1539 1352 1567 1370 n.

467 1383 554 1412 ribus.
571 1390 605 1412 X.
619 1388 665 1412 79.
682 1394 711 1414 D.
1180 1385 1209 1412 9.
1226 1383 1300 1412 Male
1320 1383 1407 1422 patior
1432 1394 1517 1422 usque
1537 1384 1572 1414 ad
1599 1385 1718 1421 vincula,
1738 1392 1769 1413 ut

384 1428 413 1457 4.
431 1426 560 1456 Desidero
572 1434 598 1455 te
612 1427 714 1456 videre.
732 1434 778 1456 XI.
794 1431 858 1456 709.
876 1437 904 1455 n.
1269 1427 1470 1457 malefactor....
1484 1435 1518 1457 II.
1540 1434 1604 1458 194.
1622 1440 1645 1457 n.
1663 1434 1726 1458 198.
1739 1440 1766 1459 c.

368 1474 413 1500 lb.
431 1472 536 1501 Memor
545 1471 728 1510 lacrymarum
741 1478 859 1505 tuarum,
870 1477 898 1498 ut
913 1481 973 1510 gau·
1267 1477 1311 1500 lx.
1323 1475 1388 1501 443.
1406 1482 1435 1502 D.
1448 1476 1512 1501 447.
1530 1483 1556 1504 n,

470 1515 516 1544 dio
538 1515 658 1554 implear.
679 1522 712 1544 X.
737 1519 802 1544 625.
822 1526 849 1544 Ε.
879 1526 907 1544 A.
926 1522 971 1544 XI.
1164 1517 1209 1543 Ila.
1226 1515 1347 1544 Verbum
1366 1516 1415 1544 Dei
1436 1527 1487 1544 non
1503 1523 1541 1545 est
1564 1516 1716 1555 alligatum.
1733 1523 1766 1545 11.

477 1564 540 1588 483.
561 1564 661 1588 Β.775,
678 1571 706 1589 A.
1270 1564 1334 1588 618.
1360 1566 1433 1589 VIII.
1451 1564 1515 1589 510.
1543 1571 1569 1588 n.
1597 1567 1631 1589 X.
1660 1564 1722 1589 133.
1741 1571 1766 1588 c.

352 1605 412 1634 45.
431 1605 466 1634 T.
481 1611 526 1633 tx.
539 1608 603 1633 293.
1274 1611 1319 1633 x1.
1338 1608 1402 1633 462.
1420 1614 1443 1632 Β.

388 1650 416 1678 5.
434 1647 653 1678 Recordationem
667 1647 766 1676 habens
780 1647 843 1676 fidei
859 1658 918 1686 quae
938 1655 976 1676 est
1163 1651 1208 1678 10.
1229 1647 1264 1676 Et
1282 1647 1340 1676 haec
1364 1648 1451 1687 patior
1475 1654 1584 1687 propter
1604 1648 1708 1677 electos.
1734 1654 1768 1676 X.

476 1692 503 1720 in
514 1698 590 1720 tex.
607 1696 672 1720 377.
688 1702 714 1720 C.
1269 1696 1334 1720 354.
1350 1702 1378 1722 D.
1397 1699 1442 1722 XI.
1458 1696 1522 1721 495.
1537 1702 1566 1722 A.

369 1738 413 1764 lb.
431 1736 499 1771 Quae
514 1735 648 1764 habitavit
663 1735 688 1763 in
701 1735 761 1763 avia
783 1742 827 1763 tua
844 1735 937 1771 Loide,
951 1743 976 1764 et
1165 1740 1211 1766 11.
1228 1736 1257 1765 Si
1273 1736 1491 1772 commoriamur,
1502 1743 1527 1765 et
1539 1736 1722 1765 convivemus.
1738 1741 1770 1764 x.

472 1785 556 1807 matre
572 1785 617 1807 tua
636 1779 788 1807 Eunice....
805 1785 851 1808 IV.
867 1784 930 1809 805.
944 1789 972 1808 n.
1269 1784 1332 1808 529.
1347 1791 1373 1807 Β.
1388 1784 1451 1809 585.
1469 1790 1493 1810 Β.

385 1825 414 1853 6.
432 1823 567 1851 Admoneo
582 1829 606 1851 te
621 1829 650 1850 ut
665 1822 775 1850 suscites
799 1823 911 1861 gratiam
925 1823 975 1852 Dei
1106 1825 1207 1853 11.12.
1227 1823 1261 1852 T.
1277 1829 1322 1852 VI.
1341 1827 1405 1853 358.
1422 1829 1435 1852 1
1453 1824 1509 1852 col.
1523 1830 1569 1853 XI.
1585 1827 1650 1852 786.
1666 1833 1691 1852 Β.

472 1878 530 1905 quae
543 1873 581 1895 est
596 1867 623 1895 in
639 1874 671 1895 Ie.
687 1874 720 1895 x.
738 1871 802 1895 306.
816 1878 845 1897 n.
1165 1870 1212 1898 12.
1228 1867 1257 1896 Si
1288 1867 1459 1904 sustinemus,
1486 1874 1510 1896 ct
1539 1866 1767 1905 eorregnabimus.

386 1914 415 1941 7.
432 1911 492 1939 Non
514 1911 584 1939 enim
596 1910 747 1950 accepimus
759 1910 883 1949 spiritum
894 1912 977 1940 timo·
1270 1917 1316 1940 111.
1330 1915 1395 1940 340.
1408 1921 1437 1940 n.
1452 1918 1485 1940 V.
1498 1915 1563 1940 258.
1577 1921 1605 1941 D.
1619 1917 1663 1940 VI.
1673 1914 1768 1939 6064).

473 1955 520 1983 ris.
538 1961 598 1983 xu.
614 1959 659 1985 65.
674 1965 700 1982 n.
1271 1962 1329 1984 vn.
1351 1960 1416 1985 717.
1433 1962 1502 1984 vm.
1527 1959 1590 1983 255.
1610 1966 1635 1983 A.
1651 1959 1716 1985 595.
1740 1965 1767 1984 A.

370 2003 416 2029 10.
433 1999 484 2028 Per
504 1998 648 2027 adventum
663 1998 753 2037 magni
767 1998 817 2027 Dei
834 2005 859 2027 et
881 1998 976 2028 Salva-
1271 2005 1307 2027 X.
1324 2003 1369 2028 12.
1384 2009 1409 2027 c.
1426 2003 1528 2028 X1.31.
1543 2002 1606 2028 388.
1620 2009 1649 2027 n.
1663 2002 1727 2027 423.
1741 2009 1768 2028 A.

475 2043 540 2071 toris
555 2043 637 2071 nostri
651 2043 678 2072 J.
696 2043 727 2071 C.
745 2050 766 2072 I.
785 2048 848 2073 591.
864 2054 893 2073 D.
1273 2049 1331 2072 XII.
1345 2047 1390 2072 96.
1414 2053 1440 2072 c.
1458 2047 1522 2072 473.
1541 2053 1569 2072 E.

373 2087 419 2116 1⁴1.
436 2085 650 2115 Misericordiam
689 2094 866 2125 consequutus
895 2097 955 2115 sum
969 2115 977 2129 ‚
1114 2088 1210 2116 1213.
1230 2087 1265 2115 T.
1279 2093 1324 2116 VI.
1339 2091 1403 2117 305.
1416 2098 1443 2115 B.

472 2132 535 2170 quia
552 2132 724 2170 ignorans...
739 2138 771 2160 V.
790 2136 855 2160 647.
868 2142 895 2160 ε.
1166 2133 1212 2161 13.
1230 2131 1260 2159 Si
1276 2131 1463 2170 negaverimus
1476 2153 1484 2167 ‚
1499 2130 1545 2159 illc
1560 2130 1648 2159 fidelis
1670 2137 1768 2160 manet.

369 2175 417 2204 15.
435 2176 492 2204 Scis
516 2176 582 2212 hoc,
603 2174 675 2214 quod
701 2175 789 2204 aversi
813 2182 876 2204 sunt
899 2186 913 2204 a
937 2187 979 2205 me
1274 2181 1333 2203 XII.
1351 2178 1454 2204 559.n.

477 2231 606 2250 omnes...
624 2227 668 2249 lII.
683 2223 746 2248 595.
767 2232 793 2249 A.
808 2227 853 2249 XI.
870 2224 933 2249 225.
950 2231 977 2252 Β.
1164 2218 1211 2248 14.
1231 2218 1269 2247 Ut
1283 2218 1432 2256 acquireret
1446 2218 1497 2246 sibi
1512 2218 1643 2258 populum
1655 2218 1771 2257 peculia-

326 2267 423 2296 1617.
439 2267 491 2294 Det
507 2263 717 2293 misericordiam
731 2264 802 2292 Deus
817 2264 978 2303 Onesiphori
1270 2273 1334 2291 rem.
1347 2270 1380 2292 X.
1395 2267 1458 2291 821.
1474 2273 1501 2292 Ε.

474 2308 618 2338 domui....
634 2307 747 2336 sollicite
762 2318 804 2336 mc
817 2309 941 2346 quaesivit
953 2314 979 2337 et
1169 2307 1214 2336 16.
1232 2306 1376 2335 proficient
1392 2306 1509 2345 amplius
1522 2305 1548 2334 in
1563 2305 1707 2344 impietate.
1723 2312 1770 2335 XI.

475 2352 588 2382 invenit.
606 2358 665 2381 XII.
682 2356 745 2380 508.
767 2362 796 2382 n.
1269 2354 1335 2380 765.
1355 2360 1383 2378 n.

372 2400 417 2426 18.
436 2397 488 2425 Det
500 2396 540 2424 illi
556 2396 688 2424 Dominus
704 2395 823 2424 invenire
833 2396 976 2426 misericor·
1114 2396 1214 2424 1218.
1233 2393 1276 2422 Ex
1290 2393 1390 2431 quibus
1404 2399 1442 2421 cst
1454 2392 1627 2431 llymenaenm,
1643 2399 1668 2420 et
1683 2392 1772 2421 Phile-

475 2440 549 2468 diam
560 2451 575 2468 a
587 2439 712 2468 Domino.
728 2447 775 2468 XI.
791 2444 854 2468 782.
870 2451 896 2470 r.
1237 2460 1241 2461 .
1272 2445 1315 2466 tus
1328 2438 1374 2476 qui
1388 2437 1457 2465 circa
1472 2435 1598 2465 fidem...
1613 2443 1645 2465 X.
1669 2440 1731 2465 407.
1746 2447 1771 2464 B.

239 2484 273 2513 2.
439 2485 606 2523 Exponitur
621 2483 657 2512 T.
671 2490 718 2512 XI.
732 2488 869 2512 731-753.
1171 2484 1217 2511 18.
1234 2481 1326 2510 Fidem
1340 2481 1543 2514 subverterunt,
1556 2479 1670 2508 dicentes
1682 2490 1771 2508 resur-

393 2529 419 2557 4,
437 2530 520 2557 Nemo
536 2527 654 2556 militans
668 2528 741 2563 Deo,
756 2527 873 2566 implicat
891 2538 918 2555 se
932 2538 979 2556 ne-
1274 2525 1416 2553 rectionem
1444 2535 1499 2552 esse
1518 2524 1623 2552 factam.
1639 2530 1684 2552 XI.
1707 2527 1770 2552 591.

476 2572 555 2607 gotiis
567 2571 748 2601 soecularibus.
770 2579 800 2601 X.
822 2577 883 2601 ¹164.
898 2582 924 2599 L.
1173 2572 1221 2600 20.
1238 2569 1265 2597 lu
1285 2579 1378 2607 magua
1390 2568 1469 2597 domo
1483 2578 1533 2596 uon
1545 2573 1605 2596 sunt
1615 2566 1699 2595 solum
1712 2576 1774 2595 vasa
