1884 2922
658 219 760 243 INDEX
789 220 1038 243 ALPHABETICUS
1045 235 1053 242 .

90 280 224 322 philochii
251 281 395 310 leonensis.
413 282 532 319 Mosquae
551 292 575 310 a.
600 283 692 311 1776.
711 293 741 321 p.
761 283 831 311 126.

131 327 165 356 Ὁ
178 329 224 365 μὲν
237 327 304 359 Θεὸς
317 327 405 362 ποία-ης
419 326 454 355 ὢν
470 326 570 365 φύσεως
582 327 753 365 δημιουργός,
765 326 833 366 Epi-

91 374 158 402 stola
180 372 365 412 Chrysostomi
389 372 425 401 ad
449 373 649 411 Imperatricem
661 372 833 409 Eudoxfflm,

92 419 119 447 in
133 419 246 447 Bandin.
257 419 307 447 Gr.
321 417 448 446 Ecclesiae
460 419 523 447 Yet.
536 419 680 446 Monums.
696 421 722 447 2.
735 426 759 447 et
770 418 834 446 hinc

91 464 119 492 in
134 463 263 493 Galland.
281 463 414 494 Biblioth.
433 465 505 492 Patr.
520 470 540 492 t.
557 466 584 493 8.
599 475 628 502 p.
644 464 711 493 244.
722 465 758 493 D.

132 509 220 549 “Onsp
235 508 327 548 πρῴην
343 503 415 538 εἶπον
428 509 493 548 πρὸς
508 509 554 543 τὴν
572 510 701 549 ὑμετέραν
716 510 832 548 ἀγάπην,

92 557 168 584 τοῦτο
183 555 228 583 καὶ
247 555 327 583 πάλιν
343 556 394 594 ἐρῶ
404 577 412 591 ,
427 555 556 583 Prodesse
576 555 725 584 moderatas
748 563 835 584 tenta-

92 600 176 629 tiones
190 599 224 628 ad
239 600 342 636 omnia,
356 607 437 638 atque
457 610 553 638 magno
576 600 650 629 lucro
671 601 727 629 fore
746 601 834 629 Deum

92 647 120 674 in
144 645 336 674 afflictionibus
357 645 475 674 laudare.
494 645 590 675 Edidit
608 646 740 675 Antonius
764 647 835 676 Bon-

92 692 220 731 giovanni
231 703 245 720 e
260 692 326 720 Cod.
336 692 510 723 Bibliothecae
523 693 557 721 D.
572 692 669 729 Marci,
678 692 835 731 Aggiunm

92 739 122 768 S.
134 739 159 768 J.
170 739 202 768 C.
215 739 316 768 Venet.
334 738 420 767 1741.
432 745 451 766 t.
470 740 551 777 13.p.
564 741 593 769 2.

132 785 191 813 Οὔκ
205 785 280 823 ἀρκεῖ
294 783 323 812 τὸ
338 784 427 816 ἁπλῶς
439 784 482 812 καὶ
495 786 529 816 ὡς
545 783 634 823 ἔτυχεν
651 783 753 812 ἀκούειν
763 786 835 821 ἡμᾶς

91 830 273 870 χριστιανούς”
287 830 333 859 καὶ
349 831 371 858 εἰ
386 830 510 868 βούλεσθε
526 829 614 867 (Cod.
625 828 812 868 εὖὸούλὲσθαι)
824 851 832 865 ,

92 876 208 915 παρέξω,
216 875 328 904 homilia
339 876 416 914 cujus
426 875 522 904 titulus
532 875 593 914 περὶ
605 877 656 904 τῶν
668 874 735 913 μετὰ
746 877 755 911 (
766 875 785 904 l.
795 875 833 913 μὴ

93 922 161 960 μετὰ
171 924 180 959 )
189 922 399 961 παρατηρήσεως
407 922 566 961 προσιόντων
578 922 632 954 τοῖς
645 921 722 954 θείοις
733 932 834 959 μυστη-

1553 207 1621 241 585

883 282 961 320 ρίοις,
976 283 1013 314 εἷς
1025 283 1035 317 (
1045 281 1063 310 l.
1075 281 1120 310 καὶ
1136 281 1171 312 εἷς
1182 283 1191 318 )
1203 280 1261 313 τοὺς
1273 278 1477 318 ἀπολειφθέντας
1488 279 1524 312 εἷς
1537 278 1571 307 τὰ
1583 280 1626 318 ἐγ·

883 328 983 361 mim,
998 333 1161 356 memoratur
1174 336 1189 355 e
1203 325 1269 354 Cod.
1285 325 1388 354 Matrit.
1402 325 1430 354 in
1440 325 1536 352 Iriarte
1550 324 1628 353 Cata-

884 374 937 412 log.
951 373 1173 402 Biblioth.h1a11·.
1189 383 1214 411 p.
1231 374 1280 402 63.
1295 370 1382 400 media
1393 371 1462 399 inter
1477 370 1626 409 Theopha-

885 419 927 447 nis
944 419 1079 448 homilias.
1090 419 1203 457 «Hujus
1220 418 1338 446 homiliae
1352 417 1469 446 occurrit
1483 416 1582 444 mentio
1598 415 1625 444 in

886 464 995 492 Antonii
1009 464 1153 501 Augustini
1168 463 1334 492 Bibliotheca
1349 463 1444 491 Graeca
1471 463 1531 490 MS.
1557 461 1623 490 Cod.

886 509 923 538 44
936 509 979 538 his
994 510 1101 538 verbis:
1118 511 1319 546 Clzrysostomi
1339 511 1406 537 item
1427 509 1463 536 cle
1479 509 1626 536 Euchari-

885 557 943 583 slia
963 559 993 583 in
1010 557 1147 584 encoeniis
1161 556 1274 590 Sermo,
1289 562 1316 583 et
1333 555 1412 593 quod
1425 555 1559 582 debemus
1576 563 1627 582 ac-

885 600 986 628 cedere
1000 610 1065 628 cum
1077 600 1168 628 multo
1180 602 1281 628 timore
1293 600 1333 628 ad
1344 600 1444 627 divina
1457 600 1626 635 mysteria.»

885 645 975 673 Iriart.

926 690 994 725 Quae
1022 700 1087 718 vero
1121 700 1156 719 ex
1179 689 1253 718 hisce
1276 689 1396 718 homiliis
1422 699 1472 728 pro
1503 688 1626 727 genuinis

885 746 980 774 quaeve
999 746 1050 775 pro
1066 735 1165 774 spuriis
1183 735 1312 764 habendae
1334 736 1403 772 sint,
1419 735 1584 773 disquiretur
1598 734 1626 763 in

886 781 1058 821 Appendice,
1072 781 1119 819 qui
1142 781 1169 809 in
1194 781 1409 820 supplementum
1431 780 1558 808 editionis
1577 789 1628 808 no-

885 834 947 856 strae
959 827 1166 867 comprehendet
1184 827 1259 856 varia
1277 826 1406 866 opuscula
1423 826 1450 854 in
1465 825 1628 854 Collectione

885 872 1124 902 Benedictinorum
1136 872 1226 901 adhuc
1237 871 1395 901 desiderata.
1408 872 1463 901 Tu.
1477 871 1499 900 F
1501 881 1541 900 xx.
