<?xml version="1.0" encoding="UTF-8"?>
<!DOCTYPE html PUBLIC "-//W3C//DTD XHTML 1.0 Transitional//EN"
    "http://www.w3.org/TR/xhtml1/DTD/xhtml1-transitional.dtd">
<html xmlns="http://www.w3.org/1999/xhtml" xml:lang="en" lang="en">
 <head>
  <title>
</title>
<meta http-equiv="Content-Type" content="text/html;charset=utf-8" />
  <meta name='ocr-system' content='tesseract 3.04.00' />
  <meta name='ocr-capabilities' content='ocr_page ocr_carea ocr_par ocr_line ocrx_word'/>
</head>
<body>
  <div class='ocr_page' id='page_1' title='image "./operaomniaquaeex13johnuoft_0181.png"; bbox 0 0 1910 2907; ppageno 0'>
   <div class='ocr_carea' id='block_1_1' title="bbox 0 784 101 815">
    <p class='ocr_par' dir='ltr' id='par_1_1' title="bbox 0 784 101 815">
     <span class='ocr_line' id='line_1_1' title="bbox 0 784 101 815; baseline -0.02 -6"><span class='ocrx_word' id='word_1_1' title='bbox 0 784 101 815; x_wconf 73' lang='lat' dir='ltr'>3.p.265.</span> 
     </span>
    </p>
   </div>
   <div class='ocr_carea' id='block_1_2' title="bbox 1 1667 110 1698">
    <p class='ocr_par' dir='ltr' id='par_1_2' title="bbox 1 1667 110 1698">
     <span class='ocr_line' id='line_1_2' title="bbox 1 1667 110 1698; baseline -0.009 -7"><span class='ocrx_word' id='word_1_2' title='bbox 1 1667 110 1698; x_wconf 59' lang='lat' dir='ltr'>(ip-278.</span> 
     </span>
    </p>
   </div>
   <div class='ocr_carea' id='block_1_3' title="bbox 90 2545 101 2564">
    <p class='ocr_par' dir='ltr' id='par_1_3' title="bbox 90 2545 101 2564">
     <span class='ocr_line' id='line_1_3' title="bbox 90 2545 101 2564; baseline 0 0"><span class='ocrx_word' id='word_1_3' title='bbox 90 2545 101 2564; x_wconf 73' lang='lat'>¹</span> 
     </span>
    </p>
   </div>
   <div class='ocr_carea' id='block_1_4' title="bbox 643 194 1119 224">
    <p class='ocr_par' dir='ltr' id='par_1_4' title="bbox 643 194 1119 224">
     <span class='ocr_line' id='line_1_4' title="bbox 643 194 1119 224; baseline 0.002 -2"><span class='ocrx_word' id='word_1_4' title='bbox 643 199 732 223; x_wconf 63' lang='lat' dir='ltr'>nese</span> <span class='ocrx_word' id='word_1_5' title='bbox 760 201 890 223; x_wconf 58' lang='lat' dir='ltr'>ratitum</span> <span class='ocrx_word' id='word_1_6' title='bbox 919 194 1119 224; x_wconf 54' lang='lat' dir='ltr'>monna-ra:</span> 
     </span>
    </p>
   </div>
   <div class='ocr_carea' id='block_1_5' title="bbox 103 262 879 2649">
    <p class='ocr_par' dir='ltr' id='par_1_5' title="bbox 113 262 855 761">
     <span class='ocr_line' id='line_1_5' title="bbox 114 262 854 300; baseline -0.003 -7"><span class='ocrx_word' id='word_1_7' title='bbox 114 266 171 293; x_wconf 71' lang='lat' dir='ltr'>tun&#39;l</span> <span class='ocrx_word' id='word_1_8' title='bbox 188 273 284 293; x_wconf 87' lang='lat' dir='ltr'>munus</span> <span class='ocrx_word' id='word_1_9' title='bbox 298 273 353 292; x_wconf 84' lang='lat' dir='ltr'>esse</span> <span class='ocrx_word' id='word_1_10' title='bbox 367 274 380 292; x_wconf 82' lang='lat' dir='ltr'>a</span> <span class='ocrx_word' id='word_1_11' title='bbox 395 262 504 292; x_wconf 85' lang='lat' dir='ltr'>doctore</span> <span class='ocrx_word' id='word_1_12' title='bbox 515 272 574 300; x_wconf 86' lang='lat' dir='ltr'>suo,</span> <span class='ocrx_word' id='word_1_13' title='bbox 591 262 637 300; x_wconf 91' lang='lat' dir='ltr'>qui</span> <span class='ocrx_word' id='word_1_14' title='bbox 651 273 713 291; x_wconf 68' lang='lat' dir='ltr'>vere</span> <span class='ocrx_word' id='word_1_15' title='bbox 728 263 785 291; x_wconf 87' lang='lat' dir='ltr'>fons</span> <span class='ocrx_word' id='word_1_16' title='bbox 801 262 854 291; x_wconf 86' lang='lat' dir='ltr'>do-</span> 
     </span>
     <span class='ocr_line' id='line_1_6' title="bbox 113 308 855 348; baseline -0.003 -10"><span class='ocrx_word' id='word_1_17' title='bbox 113 310 205 339; x_wconf 81' lang='lat' dir='ltr'>ctrinae</span> <span class='ocrx_word' id='word_1_18' title='bbox 223 316 301 345; x_wconf 85' lang='lat' dir='ltr'>esset,</span> <span class='ocrx_word' id='word_1_19' title='bbox 316 316 341 338; x_wconf 89' lang='lat' dir='ltr'>et</span> <span class='ocrx_word' id='word_1_20' title='bbox 356 309 424 337; x_wconf 91' lang='lat' dir='ltr'>hanc</span> <span class='ocrx_word' id='word_1_21' title='bbox 439 308 606 348; x_wconf 77' lang='lat' dir='ltr'>provinciam</span> <span class='ocrx_word' id='word_1_22' title='bbox 623 308 706 348; x_wconf 85' lang='lat' dir='ltr'>probe</span> <span class='ocrx_word' id='word_1_23' title='bbox 721 308 855 347; x_wconf 82' lang='lat' dir='ltr'>suscipere</span> 
     </span>
     <span class='ocr_line' id='line_1_7' title="bbox 113 353 854 395; baseline -0.003 -11"><span class='ocrx_word' id='word_1_24' title='bbox 113 362 201 395; x_wconf 87' lang='lat' dir='ltr'>posset</span> <span class='ocrx_word' id='word_1_25' title='bbox 219 368 224 382; x_wconf 91' lang='lat'>:</span> <span class='ocrx_word' id='word_1_26' title='bbox 242 355 340 384; x_wconf 87' lang='lat' dir='ltr'>deiude</span> <span class='ocrx_word' id='word_1_27' title='bbox 358 366 421 384; x_wconf 75' lang='lat' dir='ltr'>vcro</span> <span class='ocrx_word' id='word_1_28' title='bbox 437 361 624 393; x_wconf 79' lang='lat' dir='ltr'>argumentum</span> <span class='ocrx_word' id='word_1_29' title='bbox 639 353 854 383; x_wconf 73' lang='lat' dir='ltr'>adversariorum</span> 
     </span>
     <span class='ocr_line' id='line_1_8' title="bbox 113 401 854 441; baseline -0.003 -11"><span class='ocrx_word' id='word_1_30' title='bbox 113 408 168 430; x_wconf 81' lang='lat' dir='ltr'>tam</span> <span class='ocrx_word' id='word_1_31' title='bbox 181 402 263 441; x_wconf 85' lang='lat' dir='ltr'>probe</span> <span class='ocrx_word' id='word_1_32' title='bbox 277 402 398 441; x_wconf 78' lang='lat' dir='ltr'>depellit,</span> <span class='ocrx_word' id='word_1_33' title='bbox 410 408 439 429; x_wconf 88' lang='lat' dir='ltr'>ut</span> <span class='ocrx_word' id='word_1_34' title='bbox 453 401 553 430; x_wconf 82' lang='lat' dir='ltr'>nescias</span> <span class='ocrx_word' id='word_1_35' title='bbox 569 408 659 428; x_wconf 86' lang='lat' dir='ltr'>utrum</span> <span class='ocrx_word' id='word_1_36' title='bbox 671 401 756 439; x_wconf 75' lang='lat' dir='ltr'>magis</span> <span class='ocrx_word' id='word_1_37' title='bbox 771 401 854 429; x_wconf 88' lang='lat' dir='ltr'>mire-</span> 
     </span>
     <span class='ocr_line' id='line_1_9' title="bbox 113 447 854 486; baseline 0 -10"><span class='ocrx_word' id='word_1_38' title='bbox 113 447 161 483; x_wconf 86' lang='lat' dir='ltr'>ris,</span> <span class='ocrx_word' id='word_1_39' title='bbox 187 448 377 486; x_wconf 80' lang='lat' dir='ltr'>eloqucntiam,</span> <span class='ocrx_word' id='word_1_40' title='bbox 399 458 432 476; x_wconf 83' lang='lat' dir='ltr'>an</span> <span class='ocrx_word' id='word_1_41' title='bbox 450 447 595 475; x_wconf 77' lang='lat' dir='ltr'>dialecticae</span> <span class='ocrx_word' id='word_1_42' title='bbox 619 447 684 475; x_wconf 74' lang='lat' dir='ltr'>vim.</span> <span class='ocrx_word' id='word_1_43' title='bbox 710 448 772 475; x_wconf 81' lang='lat' dir='ltr'>Haec</span> <span class='ocrx_word' id='word_1_44' title='bbox 791 458 854 476; x_wconf 81' lang='lat' dir='ltr'>vero</span> 
     </span>
     <span class='ocr_line' id='line_1_10' title="bbox 114 493 855 533; baseline -0.001 -11"><span class='ocrx_word' id='word_1_45' title='bbox 114 494 206 522; x_wconf 90' lang='lat' dir='ltr'>concio</span> <span class='ocrx_word' id='word_1_46' title='bbox 218 494 310 522; x_wconf 83' lang='lat' dir='ltr'>multis</span> <span class='ocrx_word' id='word_1_47' title='bbox 321 494 397 522; x_wconf 87' lang='lat' dir='ltr'>annis</span> <span class='ocrx_word' id='word_1_48' title='bbox 412 500 471 533; x_wconf 85' lang='lat' dir='ltr'>post</span> <span class='ocrx_word' id='word_1_49' title='bbox 483 494 622 522; x_wconf 87' lang='lat' dir='ltr'>conciones</span> <span class='ocrx_word' id='word_1_50' title='bbox 636 493 695 521; x_wconf 84' lang='lat' dir='ltr'>illas</span> <span class='ocrx_word' id='word_1_51' title='bbox 709 493 775 522; x_wconf 82' lang='lat' dir='ltr'>alias</span> <span class='ocrx_word' id='word_1_52' title='bbox 789 505 855 522; x_wconf 83' lang='lat' dir='ltr'>con-</span> 
     </span>
     <span class='ocr_line' id='line_1_11' title="bbox 114 539 854 571; baseline -0.001 -3"><span class='ocrx_word' id='word_1_53' title='bbox 114 546 154 568; x_wconf 83' lang='lat' dir='ltr'>tra</span> <span class='ocrx_word' id='word_1_54' title='bbox 177 542 320 568; x_wconf 80' lang='lat' dir='ltr'>Anomoeos</span> <span class='ocrx_word' id='word_1_55' title='bbox 345 540 440 568; x_wconf 82' lang='lat' dir='ltr'>emissa</span> <span class='ocrx_word' id='word_1_56' title='bbox 463 539 579 571; x_wconf 74' lang='lat' dir='ltr'>videtur,</span> <span class='ocrx_word' id='word_1_57' title='bbox 606 550 667 567; x_wconf 89' lang='lat' dir='ltr'>cum</span> <span class='ocrx_word' id='word_1_58' title='bbox 692 550 726 568; x_wconf 79' lang='lat' dir='ltr'>ex</span> <span class='ocrx_word' id='word_1_59' title='bbox 747 540 854 568; x_wconf 88' lang='lat' dir='ltr'>assiduo</span> 
     </span>
     <span class='ocr_line' id='line_1_12' title="bbox 114 586 854 625; baseline 0 -11"><span class='ocrx_word' id='word_1_60' title='bbox 114 586 289 615; x_wconf 86' lang='lat' dir='ltr'>concionandi</span> <span class='ocrx_word' id='word_1_61' title='bbox 307 586 396 615; x_wconf 78' lang='lat' dir='ltr'>officio</span> <span class='ocrx_word' id='word_1_62' title='bbox 417 596 545 625; x_wconf 78' lang='lat' dir='ltr'>magnum</span> <span class='ocrx_word' id='word_1_63' title='bbox 566 586 618 614; x_wconf 83' lang='lat' dir='ltr'>sibi</span> <span class='ocrx_word' id='word_1_64' title='bbox 635 586 783 615; x_wconf 63' lang='lat' dir='ltr'>Antiochia}</span> <span class='ocrx_word' id='word_1_65' title='bbox 801 597 854 614; x_wconf 86' lang='lat' dir='ltr'>no-</span> 
     </span>
     <span class='ocr_line' id='line_1_13' title="bbox 114 632 855 672; baseline -0.001 -11"><span class='ocrx_word' id='word_1_66' title='bbox 114 643 175 661; x_wconf 86' lang='lat' dir='ltr'>men</span> <span class='ocrx_word' id='word_1_67' title='bbox 191 633 335 672; x_wconf 78' lang='lat' dir='ltr'><strong>peperisset</strong></span> <span class='ocrx_word' id='word_1_68' title='bbox 349 634 567 672; x_wconf 72' lang='lat' dir='ltr'>Chrysostomus</span> <span class='ocrx_word' id='word_1_69' title='bbox 586 632 649 660; x_wconf 81' lang='lat' dir='ltr'>Haec</span> <span class='ocrx_word' id='word_1_70' title='bbox 663 632 773 660; x_wconf 89' lang='lat' dir='ltr'>homilia</span> <span class='ocrx_word' id='word_1_71' title='bbox 787 639 816 660; x_wconf 91' lang='lat' dir='ltr'>ut</span> <span class='ocrx_word' id='word_1_72' title='bbox 829 639 855 660; x_wconf 92' lang='lat' dir='ltr'>et</span> 
     </span>
     <span class='ocr_line' id='line_1_14' title="bbox 115 677 855 718; baseline -0.004 -11"><span class='ocrx_word' id='word_1_73' title='bbox 115 686 252 717; x_wconf 75' lang='lat' dir='ltr'>sequentes</span> <span class='ocrx_word' id='word_1_74' title='bbox 273 689 357 718; x_wconf 82' lang='lat' dir='ltr'>nuper</span> <span class='ocrx_word' id='word_1_75' title='bbox 371 689 406 706; x_wconf 74' lang='lat' dir='ltr'>cx</span> <span class='ocrx_word' id='word_1_76' title='bbox 422 678 537 706; x_wconf 90' lang='lat' dir='ltr'>tenebris</span> <span class='ocrx_word' id='word_1_77' title='bbox 551 684 631 706; x_wconf 78' lang='lat' dir='ltr'>erutae</span> <span class='ocrx_word' id='word_1_78' title='bbox 646 677 763 705; x_wconf 88' lang='lat' dir='ltr'>suerunt.</span> <span class='ocrx_word' id='word_1_79' title='bbox 782 678 855 715; x_wconf 70' lang='lat' dir='ltr'>[Cn-</span> 
     </span>
     <span class='ocr_line' id='line_1_15' title="bbox 114 725 452 761; baseline -0.006 -7"><span class='ocrx_word' id='word_1_80' title='bbox 114 725 155 754; x_wconf 86' lang='lat' dir='ltr'>dit</span> <span class='ocrx_word' id='word_1_81' title='bbox 170 725 237 753; x_wconf 83' lang='lat' dir='ltr'>eain</span> <span class='ocrx_word' id='word_1_82' title='bbox 252 735 351 753; x_wconf 87' lang='lat' dir='ltr'>annum</span> <span class='ocrx_word' id='word_1_83' title='bbox 366 725 452 761; x_wconf 53' lang='lat'>5912]</span> 
     </span>
    </p>

    <p class='ocr_par' dir='ltr' id='par_1_6' title="bbox 115 769 863 1639">
     <span class='ocr_line' id='line_1_16' title="bbox 156 769 852 810; baseline -0.004 -10"><span class='ocrx_word' id='word_1_84' title='bbox 156 771 269 805; x_wconf 83' lang='lat' dir='ltr'>Eodem,</span> <span class='ocrx_word' id='word_1_85' title='bbox 283 777 311 798; x_wconf 90' lang='lat' dir='ltr'>ut</span> <span class='ocrx_word' id='word_1_86' title='bbox 324 777 445 810; x_wconf 75' lang='lat' dir='ltr'>putatur,</span> <span class='ocrx_word' id='word_1_87' title='bbox 461 770 566 799; x_wconf 86' lang='lat' dir='ltr'>circiter</span> <span class='ocrx_word' id='word_1_88' title='bbox 577 776 695 808; x_wconf 84' lang='lat' dir='ltr'>tempore</span> <span class='ocrx_word' id='word_1_89' title='bbox 707 769 852 798; x_wconf 81' lang='lat' dir='ltr'>Homiliam</span> 
     </span>
     <span class='ocr_line' id='line_1_17' title="bbox 115 814 856 854; baseline -0.003 -9"><span class='ocrx_word' id='word_1_90' title='bbox 115 816 149 845; x_wconf 89' lang='lat' dir='ltr'>de</span> <span class='ocrx_word' id='word_1_91' title='bbox 161 816 359 846; x_wconf 87' lang='lat' dir='ltr'>Melchisedeco</span> <span class='ocrx_word' id='word_1_92' title='bbox 374 816 478 846; x_wconf 87' lang='lat' dir='ltr'>habuit.</span> <span class='ocrx_word' id='word_1_93' title='bbox 496 817 544 845; x_wconf 86' lang='lat' dir='ltr'>Est</span> <span class='ocrx_word' id='word_1_94' title='bbox 559 823 658 851; x_wconf 84' lang='lat' dir='ltr'>autem,</span> <span class='ocrx_word' id='word_1_95' title='bbox 669 814 741 854; x_wconf 87' lang='lat' dir='ltr'>quod</span> <span class='ocrx_word' id='word_1_96' title='bbox 756 821 856 854; x_wconf 81' lang='lat' dir='ltr'>spectat</span> 
     </span>
     <span class='ocr_line' id='line_1_18' title="bbox 116 861 854 902; baseline -0.003 -11"><span class='ocrx_word' id='word_1_97' title='bbox 116 863 174 902; x_wconf 85' lang='lat' dir='ltr'>ejus</span> <span class='ocrx_word' id='word_1_98' title='bbox 189 870 292 902; x_wconf 87' lang='lat' dir='ltr'>partem</span> <span class='ocrx_word' id='word_1_99' title='bbox 302 873 352 891; x_wconf 89' lang='lat' dir='ltr'>non</span> <span class='ocrx_word' id='word_1_100' title='bbox 369 863 519 895; x_wconf 83' lang='lat' dir='ltr'>minimam,</span> <span class='ocrx_word' id='word_1_101' title='bbox 534 861 690 901; x_wconf 73' lang='lat' dir='ltr'>praecedenti</span> <span class='ocrx_word' id='word_1_102' title='bbox 706 871 757 889; x_wconf 89' lang='lat' dir='ltr'>uon</span> <span class='ocrx_word' id='word_1_103' title='bbox 773 861 854 889; x_wconf 88' lang='lat' dir='ltr'>dissi-</span> 
     </span>
     <span class='ocr_line' id='line_1_19' title="bbox 116 907 857 943; baseline -0.004 -5"><span class='ocrx_word' id='word_1_104' title='bbox 116 909 200 938; x_wconf 89' lang='lat' dir='ltr'>milis.</span> <span class='ocrx_word' id='word_1_105' title='bbox 216 911 290 938; x_wconf 81' lang='lat' dir='ltr'>Licet</span> <span class='ocrx_word' id='word_1_106' title='bbox 303 909 375 938; x_wconf 89' lang='lat' dir='ltr'>enim</span> <span class='ocrx_word' id='word_1_107' title='bbox 389 908 422 937; x_wconf 89' lang='lat' dir='ltr'>de</span> <span class='ocrx_word' id='word_1_108' title='bbox 436 907 640 943; x_wconf 73' lang='lat' dir='ltr'>Melchisedeoe,</span> <span class='ocrx_word' id='word_1_109' title='bbox 653 914 681 935; x_wconf 89' lang='lat' dir='ltr'>ut</span> <span class='ocrx_word' id='word_1_110' title='bbox 696 907 746 936; x_wconf 85' lang='lat' dir='ltr'>sert</span> <span class='ocrx_word' id='word_1_111' title='bbox 758 907 857 935; x_wconf 85' lang='lat' dir='ltr'>inscri—</span> 
     </span>
     <span class='ocr_line' id='line_1_20' title="bbox 117 951 858 996; baseline -0.007 -12"><span class='ocrx_word' id='word_1_112' title='bbox 117 956 185 996; x_wconf 88' lang='lat' dir='ltr'>ptio,</span> <span class='ocrx_word' id='word_1_113' title='bbox 201 962 313 994; x_wconf 78' lang='lat' dir='ltr'>agatur,</span> <span class='ocrx_word' id='word_1_114' title='bbox 335 965 386 984; x_wconf 89' lang='lat' dir='ltr'>non</span> <span class='ocrx_word' id='word_1_115' title='bbox 407 954 518 983; x_wconf 82' lang='lat' dir='ltr'>minima</span> <span class='ocrx_word' id='word_1_116' title='bbox 533 961 620 982; x_wconf 86' lang='lat' dir='ltr'>tamen</span> <span class='ocrx_word' id='word_1_117' title='bbox 640 963 701 992; x_wconf 89' lang='lat' dir='ltr'>pars</span> <span class='ocrx_word' id='word_1_118' title='bbox 724 951 858 981; x_wconf 83' lang='lat' dir='ltr'>concionis</span> 
     </span>
     <span class='ocr_line' id='line_1_21' title="bbox 118 999 858 1031; baseline -0.005 -1"><span class='ocrx_word' id='word_1_119' title='bbox 118 1008 208 1031; x_wconf 87' lang='lat' dir='ltr'>contra</span> <span class='ocrx_word' id='word_1_120' title='bbox 231 1004 374 1030; x_wconf 81' lang='lat' dir='ltr'>Anornoeos</span> <span class='ocrx_word' id='word_1_121' title='bbox 397 1007 444 1029; x_wconf 84' lang='lat' dir='ltr'>est.</span> <span class='ocrx_word' id='word_1_122' title='bbox 463 999 566 1029; x_wconf 84' lang='lat' dir='ltr'>Deinde</span> <span class='ocrx_word' id='word_1_123' title='bbox 589 1009 652 1028; x_wconf 67' lang='lat' dir='ltr'>vero</span> <span class='ocrx_word' id='word_1_124' title='bbox 673 1006 764 1028; x_wconf 88' lang='lat' dir='ltr'>contra</span> <span class='ocrx_word' id='word_1_125' title='bbox 786 999 858 1027; x_wconf 82' lang='lat' dir='ltr'>Met—</span> 
     </span>
     <span class='ocr_line' id='line_1_22' title="bbox 118 1044 860 1086; baseline -0.003 -11"><span class='ocrx_word' id='word_1_126' title='bbox 118 1047 291 1076; x_wconf 85' lang='lat' dir='ltr'>chisedecitas</span> <span class='ocrx_word' id='word_1_127' title='bbox 305 1047 468 1086; x_wconf 85' lang='lat' dir='ltr'>disputatur,</span> <span class='ocrx_word' id='word_1_128' title='bbox 482 1046 529 1084; x_wconf 89' lang='lat' dir='ltr'>qui</span> <span class='ocrx_word' id='word_1_129' title='bbox 543 1045 667 1074; x_wconf 84' lang='lat' dir='ltr'>dicebant</span> <span class='ocrx_word' id='word_1_130' title='bbox 683 1044 860 1074; x_wconf 78' lang='lat' dir='ltr'>Melchisede-</span> 
     </span>
     <span class='ocr_line' id='line_1_23' title="bbox 119 1091 859 1131; baseline -0.005 -9"><span class='ocrx_word' id='word_1_131' title='bbox 119 1104 181 1122; x_wconf 89' lang='lat' dir='ltr'>cum</span> <span class='ocrx_word' id='word_1_132' title='bbox 202 1104 257 1122; x_wconf 80' lang='lat' dir='ltr'>esse</span> <span class='ocrx_word' id='word_1_133' title='bbox 279 1093 386 1122; x_wconf 85' lang='lat' dir='ltr'>Christo</span> <span class='ocrx_word' id='word_1_134' title='bbox 407 1092 464 1120; x_wconf 84' lang='lat' dir='ltr'>filio</span> <span class='ocrx_word' id='word_1_135' title='bbox 485 1092 613 1131; x_wconf 80' lang='lat' dir='ltr'>maj0rem</span> <span class='ocrx_word' id='word_1_136' title='bbox 636 1104 642 1119; x_wconf 93' lang='lat'>:</span> <span class='ocrx_word' id='word_1_137' title='bbox 665 1091 713 1119; x_wconf 83' lang='lat' dir='ltr'>alii</span> <span class='ocrx_word' id='word_1_138' title='bbox 728 1091 859 1130; x_wconf 82' lang='lat' dir='ltr'>putabant</span> 
     </span>
     <span class='ocr_line' id='line_1_24' title="bbox 118 1137 860 1179; baseline -0.005 -10"><span class='ocrx_word' id='word_1_139' title='bbox 118 1151 175 1169; x_wconf 86' lang='lat' dir='ltr'>esse</span> <span class='ocrx_word' id='word_1_140' title='bbox 188 1140 321 1179; x_wconf 87' lang='lat' dir='ltr'>Spiritum</span> <span class='ocrx_word' id='word_1_141' title='bbox 337 1146 473 1175; x_wconf 87' lang='lat' dir='ltr'>sanctum,</span> <span class='ocrx_word' id='word_1_142' title='bbox 492 1145 524 1167; x_wconf 88' lang='lat' dir='ltr'>ut</span> <span class='ocrx_word' id='word_1_143' title='bbox 537 1139 613 1167; x_wconf 87' lang='lat' dir='ltr'>docet</span> <span class='ocrx_word' id='word_1_144' title='bbox 630 1139 709 1167; x_wconf 79' lang='lat' dir='ltr'>etiam</span> <span class='ocrx_word' id='word_1_145' title='bbox 730 1137 860 1176; x_wconf 89' lang='lat' dir='ltr'>Epipha-</span> 
     </span>
     <span class='ocr_line' id='line_1_25' title="bbox 119 1185 861 1223; baseline -0.004 -9"><span class='ocrx_word' id='word_1_146' title='bbox 119 1187 179 1215; x_wconf 87' lang='lat' dir='ltr'>nius</span> <span class='ocrx_word' id='word_1_147' title='bbox 194 1187 287 1215; x_wconf 78' lang='lat' dir='ltr'>liaeresi</span> <span class='ocrx_word' id='word_1_148' title='bbox 309 1186 358 1215; x_wconf 79' lang='lat'>46.</span> <span class='ocrx_word' id='word_1_149' title='bbox 377 1186 412 1214; x_wconf 87' lang='lat' dir='ltr'>al.</span> <span class='ocrx_word' id='word_1_150' title='bbox 429 1187 476 1215; x_wconf 83' lang='lat'>55.</span> <span class='ocrx_word' id='word_1_151' title='bbox 493 1185 537 1214; x_wconf 78' lang='lat' dir='ltr'>Ex</span> <span class='ocrx_word' id='word_1_152' title='bbox 552 1185 584 1213; x_wconf 90' lang='lat' dir='ltr'>iis</span> <span class='ocrx_word' id='word_1_153' title='bbox 603 1195 663 1223; x_wconf 59' lang='lat' dir='ltr'>quen</span> <span class='ocrx_word' id='word_1_154' title='bbox 679 1190 770 1212; x_wconf 86' lang='lat' dir='ltr'>contra</span> <span class='ocrx_word' id='word_1_155' title='bbox 785 1186 861 1211; x_wconf 78' lang='lat' dir='ltr'>Ano-</span> 
     </span>
     <span class='ocr_line' id='line_1_26' title="bbox 120 1229 860 1270; baseline -0.007 -9"><span class='ocrx_word' id='word_1_156' title='bbox 120 1243 202 1261; x_wconf 82' lang='lat' dir='ltr'>moeos</span> <span class='ocrx_word' id='word_1_157' title='bbox 213 1231 351 1267; x_wconf 83' lang='lat' dir='ltr'>dicuntur,</span> <span class='ocrx_word' id='word_1_158' title='bbox 365 1232 515 1270; x_wconf 85' lang='lat' dir='ltr'>conjectura</span> <span class='ocrx_word' id='word_1_159' title='bbox 530 1230 639 1259; x_wconf 77' lang='lat' dir='ltr'>ducitur</span> <span class='ocrx_word' id='word_1_160' title='bbox 653 1229 772 1258; x_wconf 81' lang='lat' dir='ltr'>habitam</span> <span class='ocrx_word' id='word_1_161' title='bbox 785 1229 860 1257; x_wconf 86' lang='lat' dir='ltr'>illam</span> 
     </span>
     <span class='ocr_line' id='line_1_27' title="bbox 120 1277 858 1316; baseline -0.004 -10"><span class='ocrx_word' id='word_1_162' title='bbox 120 1279 202 1306; x_wconf 79' lang='lat' dir='ltr'>fuisse</span> <span class='ocrx_word' id='word_1_163' title='bbox 215 1277 370 1306; x_wconf 63' lang='lat' dir='ltr'>Antiochiae.</span> <span class='ocrx_word' id='word_1_164' title='bbox 381 1279 456 1316; x_wconf 90' lang='lat' dir='ltr'>[Non</span> <span class='ocrx_word' id='word_1_165' title='bbox 466 1277 634 1306; x_wconf 78' lang='lat' dir='ltr'>assentimur.</span> <span class='ocrx_word' id='word_1_166' title='bbox 643 1277 681 1305; x_wconf 74' lang='lat' dir='ltr'>L&#39;t</span> <span class='ocrx_word' id='word_1_167' title='bbox 691 1282 858 1314; x_wconf 83' lang='lat' dir='ltr'>argumento,</span> 
     </span>
     <span class='ocr_line' id='line_1_28' title="bbox 121 1322 861 1364; baseline -0.004 -12"><span class='ocrx_word' id='word_1_168' title='bbox 121 1324 158 1352; x_wconf 91' lang='lat' dir='ltr'>ita</span> <span class='ocrx_word' id='word_1_169' title='bbox 184 1324 263 1352; x_wconf 85' lang='lat' dir='ltr'>etiam</span> <span class='ocrx_word' id='word_1_170' title='bbox 285 1324 411 1364; x_wconf 89' lang='lat' dir='ltr'>temporis</span> <span class='ocrx_word' id='word_1_171' title='bbox 438 1323 531 1352; x_wconf 80' lang='lat' dir='ltr'>ordine</span> <span class='ocrx_word' id='word_1_172' title='bbox 554 1322 713 1362; x_wconf 75' lang='lat' dir='ltr'>praecedenti</span> <span class='ocrx_word' id='word_1_173' title='bbox 739 1323 861 1361; x_wconf 84' lang='lat' dir='ltr'>junctam</span> 
     </span>
     <span class='ocr_line' id='line_1_29' title="bbox 121 1368 860 1409; baseline -0.003 -11"><span class='ocrx_word' id='word_1_174' title='bbox 121 1376 264 1409; x_wconf 84' lang='lat' dir='ltr'>putamus,</span> <span class='ocrx_word' id='word_1_175' title='bbox 281 1377 360 1408; x_wconf 86' lang='lat' dir='ltr'>atque</span> <span class='ocrx_word' id='word_1_176' title='bbox 375 1371 444 1399; x_wconf 83' lang='lat' dir='ltr'>inter</span> <span class='ocrx_word' id='word_1_177' title='bbox 458 1370 603 1399; x_wconf 86' lang='lat' dir='ltr'>Vaticanas</span> <span class='ocrx_word' id='word_1_178' title='bbox 616 1369 680 1398; x_wconf 90' lang='lat' dir='ltr'>tomi</span> <span class='ocrx_word' id='word_1_179' title='bbox 697 1368 751 1397; x_wconf 77' lang='lat' dir='ltr'>XII</span> <span class='ocrx_word' id='word_1_180' title='bbox 767 1369 860 1397; x_wconf 83' lang='lat' dir='ltr'>locan-</span> 
     </span>
     <span class='ocr_line' id='line_1_30' title="bbox 121 1415 861 1455; baseline 0 -11"><span class='ocrx_word' id='word_1_181' title='bbox 121 1416 193 1444; x_wconf 85' lang='lat' dir='ltr'>dam.</span> <span class='ocrx_word' id='word_1_182' title='bbox 205 1416 328 1451; x_wconf 82' lang='lat' dir='ltr'>Quarum</span> <span class='ocrx_word' id='word_1_183' title='bbox 339 1427 372 1445; x_wconf 78' lang='lat' dir='ltr'>ex</span> <span class='ocrx_word' id='word_1_184' title='bbox 382 1416 522 1445; x_wconf 80' lang='lat' dir='ltr'>undecima</span> <span class='ocrx_word' id='word_1_185' title='bbox 536 1417 699 1451; x_wconf 40' lang='lat' dir='ltr'>verbafs&#39;nsl</span> <span class='ocrx_word' id='word_1_186' title='bbox 710 1416 757 1445; x_wconf 83' lang='grc' dir='ltr'>καὶ·</span> <span class='ocrx_word' id='word_1_187' title='bbox 770 1415 861 1455; x_wconf 81' lang='grc' dir='ltr'>πρῴην</span> 
     </span>
     <span class='ocr_line' id='line_1_31' title="bbox 121 1461 861 1502; baseline -0.003 -12"><span class='ocrx_word' id='word_1_188' title='bbox 121 1462 186 1502; x_wconf 67' lang='grc' dir='ltr'>πρὸς</span> <span class='ocrx_word' id='word_1_189' title='bbox 217 1466 338 1491; x_wconf 74' lang='grc' dir='ltr'>τοσοῦτον</span> <span class='ocrx_word' id='word_1_190' title='bbox 367 1462 446 1500; x_wconf 81' lang='grc' dir='ltr'>βάθος</span> <span class='ocrx_word' id='word_1_191' title='bbox 472 1462 637 1501; x_wconf 71' lang='grc' dir='ltr'>κατενεχθεὶς</span> <span class='ocrx_word' id='word_1_192' title='bbox 663 1463 681 1490; x_wconf 40' lang='grc' dir='ltr'>ὁμ</span> <span class='ocrx_word' id='word_1_193' title='bbox 704 1461 786 1500; x_wconf 74' lang='grc' dir='ltr'>λόγος.</span> <span class='ocrx_word' id='word_1_194' title='bbox 812 1467 861 1489; x_wconf 84' lang='lat' dir='ltr'>etc.</span> 
     </span>
     <span class='ocr_line' id='line_1_32' title="bbox 120 1507 863 1546; baseline -0.004 -10"><span class='ocrx_word' id='word_1_195' title='bbox 120 1518 148 1546; x_wconf 93' lang='lat' dir='ltr'>p.</span> <span class='ocrx_word' id='word_1_196' title='bbox 165 1508 232 1544; x_wconf 77' lang='lat'>595,</span> <span class='ocrx_word' id='word_1_197' title='bbox 247 1507 280 1544; x_wconf 85' lang='lat' dir='ltr'>E,</span> <span class='ocrx_word' id='word_1_198' title='bbox 292 1519 350 1546; x_wconf 85' lang='lat' dir='ltr'>qnae</span> <span class='ocrx_word' id='word_1_199' title='bbox 365 1507 568 1546; x_wconf 68' lang='lat' dir='ltr'>przecedentem,</span> <span class='ocrx_word' id='word_1_200' title='bbox 586 1508 655 1536; x_wconf 88' lang='lat' dir='ltr'>inter</span> <span class='ocrx_word' id='word_1_201' title='bbox 669 1507 794 1535; x_wconf 80' lang='lat' dir='ltr'>undecim</span> <span class='ocrx_word' id='word_1_202' title='bbox 806 1508 863 1536; x_wconf 46' lang='lat' dir='ltr'>Va„</span> 
     </span>
     <span class='ocr_line' id='line_1_33' title="bbox 120 1553 862 1593; baseline -0.001 -11"><span class='ocrx_word' id='word_1_203' title='bbox 120 1553 221 1582; x_wconf 79' lang='lat' dir='ltr'>ticanas</span> <span class='ocrx_word' id='word_1_204' title='bbox 243 1564 296 1582; x_wconf 90' lang='lat' dir='ltr'>non</span> <span class='ocrx_word' id='word_1_205' title='bbox 316 1561 527 1593; x_wconf 81' lang='lat' dir='ltr'>comparentem,</span> <span class='ocrx_word' id='word_1_206' title='bbox 545 1553 687 1582; x_wconf 84' lang='lat' dir='ltr'>homiliam</span> <span class='ocrx_word' id='word_1_207' title='bbox 706 1553 862 1593; x_wconf 80' lang='lat' dir='ltr'>respiciunt,</span> 
     </span>
     <span class='ocr_line' id='line_1_34' title="bbox 121 1599 863 1639; baseline -0.001 -11"><span class='ocrx_word' id='word_1_208' title='bbox 121 1600 221 1639; x_wconf 87' lang='lat' dir='ltr'>optime</span> <span class='ocrx_word' id='word_1_209' title='bbox 232 1601 259 1629; x_wconf 90' lang='lat' dir='ltr'>in</span> <span class='ocrx_word' id='word_1_210' title='bbox 273 1600 342 1629; x_wconf 85' lang='lat' dir='ltr'>hanc</span> <span class='ocrx_word' id='word_1_211' title='bbox 351 1600 384 1629; x_wconf 88' lang='lat' dir='ltr'>de</span> <span class='ocrx_word' id='word_1_212' title='bbox 394 1599 589 1629; x_wconf 84' lang='lat' dir='ltr'>Melchisedeco</span> <span class='ocrx_word' id='word_1_213' title='bbox 601 1599 743 1638; x_wconf 82' lang='lat' dir='ltr'>quadrant.</span> <span class='ocrx_word' id='word_1_214' title='bbox 756 1599 809 1628; x_wconf 90' lang='lat' dir='ltr'>Th.</span> <span class='ocrx_word' id='word_1_215' title='bbox 819 1599 863 1637; x_wconf 87' lang='lat' dir='ltr'>F.]</span> 
     </span>
    </p>

    <p class='ocr_par' dir='ltr' id='par_1_7' title="bbox 122 1645 869 2272">
     <span class='ocr_line' id='line_1_35' title="bbox 163 1645 859 1685; baseline -0.003 -11"><span class='ocrx_word' id='word_1_216' title='bbox 163 1646 280 1675; x_wconf 81' lang='lat' dir='ltr'>Homilia</span> <span class='ocrx_word' id='word_1_217' title='bbox 295 1647 322 1675; x_wconf 93' lang='lat' dir='ltr'>in</span> <span class='ocrx_word' id='word_1_218' title='bbox 339 1646 409 1675; x_wconf 89' lang='lat' dir='ltr'>illud</span> <span class='ocrx_word' id='word_1_219' title='bbox 424 1645 547 1685; x_wconf 88' lang='lat' dir='ltr'>apostoli,</span> <span class='ocrx_word' id='word_1_220' title='bbox 559 1647 624 1674; x_wconf 81' lang='lat' dir='ltr'>Hoc</span> <span class='ocrx_word' id='word_1_221' title='bbox 639 1653 737 1674; x_wconf 79' lang='lat' dir='ltr'>aulem</span> <span class='ocrx_word' id='word_1_222' title='bbox 749 1647 859 1679; x_wconf 79' lang='lat' dir='ltr'>scitote,</span> 
     </span>
     <span class='ocr_line' id='line_1_36' title="bbox 123 1692 863 1731; baseline -0.001 -11"><span class='ocrx_word' id='word_1_223' title='bbox 123 1692 200 1731; x_wconf 87' lang='lat' dir='ltr'>quod</span> <span class='ocrx_word' id='word_1_224' title='bbox 212 1694 244 1721; x_wconf 85' lang='lat' dir='ltr'>in</span> <span class='ocrx_word' id='word_1_225' title='bbox 258 1693 423 1721; x_wconf 77' lang='lat' dir='ltr'>novissimis</span> <span class='ocrx_word' id='word_1_226' title='bbox 437 1693 536 1720; x_wconf 84' lang='lat' dir='ltr'>diebus</span> <span class='ocrx_word' id='word_1_227' title='bbox 550 1698 634 1720; x_wconf 81' lang='lat' dir='ltr'>erunt</span> <span class='ocrx_word' id='word_1_228' title='bbox 649 1698 779 1730; x_wconf 79' lang='lat' dir='ltr'>tempora</span> <span class='ocrx_word' id='word_1_229' title='bbox 792 1701 863 1730; x_wconf 77' lang='lat' dir='ltr'>gra·</span> 
     </span>
     <span class='ocr_line' id='line_1_37' title="bbox 125 1737 863 1776; baseline -0.001 -10"><span class='ocrx_word' id='word_1_230' title='bbox 125 1741 183 1775; x_wconf 76' lang='lat' dir='ltr'>via,</span> <span class='ocrx_word' id='word_1_231' title='bbox 205 1749 220 1766; x_wconf 92' lang='lat' dir='ltr'>a</span> <span class='ocrx_word' id='word_1_232' title='bbox 240 1749 283 1767; x_wconf 89' lang='lat' dir='ltr'>me</span> <span class='ocrx_word' id='word_1_233' title='bbox 301 1739 328 1767; x_wconf 89' lang='lat' dir='ltr'>in</span> <span class='ocrx_word' id='word_1_234' title='bbox 344 1739 476 1768; x_wconf 86' lang='lat' dir='ltr'>Vaticana</span> <span class='ocrx_word' id='word_1_235' title='bbox 495 1738 661 1766; x_wconf 84' lang='lat' dir='ltr'>Bibliotheca</span> <span class='ocrx_word' id='word_1_236' title='bbox 677 1737 818 1776; x_wconf 80' lang='lat' dir='ltr'>exscripta.</span> <span class='ocrx_word' id='word_1_237' title='bbox 831 1737 863 1765; x_wconf 89' lang='lat' dir='ltr'>In</span> 
     </span>
     <span class='ocr_line' id='line_1_38' title="bbox 122 1783 864 1823; baseline -0.003 -10"><span class='ocrx_word' id='word_1_238' title='bbox 122 1795 152 1813; x_wconf 83' lang='lat' dir='ltr'>ea</span> <span class='ocrx_word' id='word_1_239' title='bbox 163 1795 254 1813; x_wconf 88' lang='lat' dir='ltr'>omnes</span> <span class='ocrx_word' id='word_1_240' title='bbox 268 1783 482 1823; x_wconf 44' lang='lat' dir='ltr'>stylirdictionis</span> <span class='ocrx_word' id='word_1_241' title='bbox 496 1784 708 1822; x_wconf 79' lang='lat' dir='ltr'>inventionisque</span> <span class='ocrx_word' id='word_1_242' title='bbox 719 1790 786 1811; x_wconf 77' lang='lat' dir='ltr'>notae</span> <span class='ocrx_word' id='word_1_243' title='bbox 801 1793 864 1811; x_wconf 90' lang='lat' dir='ltr'>con-</span> 
     </span>
     <span class='ocr_line' id='line_1_39' title="bbox 124 1829 863 1869; baseline -0.004 -10"><span class='ocrx_word' id='word_1_244' title='bbox 124 1837 244 1865; x_wconf 88' lang='lat' dir='ltr'>currunt,</span> <span class='ocrx_word' id='word_1_245' title='bbox 255 1837 285 1859; x_wconf 92' lang='lat' dir='ltr'>ut</span> <span class='ocrx_word' id='word_1_246' title='bbox 296 1841 353 1858; x_wconf 89' lang='lat' dir='ltr'>eam</span> <span class='ocrx_word' id='word_1_247' title='bbox 365 1830 557 1869; x_wconf 76' lang='lat' dir='ltr'>Chrysostomo</span> <span class='ocrx_word' id='word_1_248' title='bbox 567 1829 760 1858; x_wconf 82' lang='lat' dir='ltr'>adscribamus.</span> <span class='ocrx_word' id='word_1_249' title='bbox 773 1829 863 1868; x_wconf 81' lang='lat' dir='ltr'>Ipsam</span> 
     </span>
     <span class='ocr_line' id='line_1_40' title="bbox 125 1875 864 1915; baseline -0.003 -11"><span class='ocrx_word' id='word_1_250' title='bbox 125 1876 220 1905; x_wconf 88' lang='lat' dir='ltr'>habuit</span> <span class='ocrx_word' id='word_1_251' title='bbox 236 1887 296 1904; x_wconf 88' lang='lat' dir='ltr'>cum</span> <span class='ocrx_word' id='word_1_252' title='bbox 311 1876 459 1915; x_wconf 87' lang='lat' dir='ltr'>permultos</span> <span class='ocrx_word' id='word_1_253' title='bbox 473 1875 531 1904; x_wconf 89' lang='lat' dir='ltr'>dies</span> <span class='ocrx_word' id='word_1_254' title='bbox 547 1875 640 1903; x_wconf 83' lang='lat' dir='ltr'>absens</span> <span class='ocrx_word' id='word_1_255' title='bbox 655 1875 864 1912; x_wconf 79' lang='lat' dir='ltr'>infirmitateque</span> 
     </span>
     <span class='ocr_line' id='line_1_41' title="bbox 124 1919 865 1960; baseline -0.004 -10"><span class='ocrx_word' id='word_1_256' title='bbox 124 1921 247 1950; x_wconf 87' lang='lat' dir='ltr'>detentus</span> <span class='ocrx_word' id='word_1_257' title='bbox 264 1922 368 1957; x_wconf 84' lang='lat' dir='ltr'>fuisset,</span> <span class='ocrx_word' id='word_1_258' title='bbox 393 1931 424 1949; x_wconf 85' lang='lat' dir='ltr'>ac</span> <span class='ocrx_word' id='word_1_259' title='bbox 447 1931 502 1960; x_wconf 82' lang='lat' dir='ltr'>prae</span> <span class='ocrx_word' id='word_1_260' title='bbox 526 1931 616 1949; x_wconf 86' lang='lat' dir='ltr'>amore</span> <span class='ocrx_word' id='word_1_261' title='bbox 640 1920 752 1959; x_wconf 84' lang='lat' dir='ltr'>populi,</span> <span class='ocrx_word' id='word_1_262' title='bbox 775 1919 865 1948; x_wconf 86' lang='lat' dir='ltr'>adhuc</span> 
     </span>
     <span class='ocr_line' id='line_1_42' title="bbox 125 1965 865 2004; baseline -0.003 -8"><span class='ocrx_word' id='word_1_263' title='bbox 125 1967 296 1996; x_wconf 86' lang='lat' dir='ltr'>manentibus</span> <span class='ocrx_word' id='word_1_264' title='bbox 313 1967 401 1996; x_wconf 89' lang='lat' dir='ltr'>morbi</span> <span class='ocrx_word' id='word_1_265' title='bbox 417 1966 538 2004; x_wconf 88' lang='lat' dir='ltr'>reliquiis</span> <span class='ocrx_word' id='word_1_266' title='bbox 557 1965 591 1994; x_wconf 85' lang='lat' dir='ltr'>ad</span> <span class='ocrx_word' id='word_1_267' title='bbox 605 1966 743 1994; x_wconf 85' lang='lat' dir='ltr'>ecclesiam</span> <span class='ocrx_word' id='word_1_268' title='bbox 757 1966 865 1994; x_wconf 87' lang='lat' dir='ltr'>concio-</span> 
     </span>
     <span class='ocr_line' id='line_1_43' title="bbox 125 2012 866 2051; baseline -0.003 -9"><span class='ocrx_word' id='word_1_269' title='bbox 125 2020 237 2042; x_wconf 82' lang='lat' dir='ltr'>naturus</span> <span class='ocrx_word' id='word_1_270' title='bbox 251 2012 399 2042; x_wconf 74' lang='lat' dir='ltr'>advolavit.</span> <span class='ocrx_word' id='word_1_271' title='bbox 420 2012 453 2041; x_wconf 91' lang='lat' dir='ltr'>Id</span> <span class='ocrx_word' id='word_1_272' title='bbox 468 2012 541 2051; x_wconf 88' lang='lat' dir='ltr'>quod</span> <span class='ocrx_word' id='word_1_273' title='bbox 555 2012 612 2051; x_wconf 89' lang='lat' dir='ltr'>ipse</span> <span class='ocrx_word' id='word_1_274' title='bbox 628 2012 716 2047; x_wconf 79' lang='lat' dir='ltr'>initio,</span> <span class='ocrx_word' id='word_1_275' title='bbox 732 2012 866 2041; x_wconf 73' lang='lat' dir='ltr'>maxime-</span> 
     </span>
     <span class='ocr_line' id='line_1_44' title="bbox 125 2058 865 2097; baseline -0.001 -10"><span class='ocrx_word' id='word_1_276' title='bbox 125 2069 177 2097; x_wconf 89' lang='lat' dir='ltr'>que</span> <span class='ocrx_word' id='word_1_277' title='bbox 191 2059 217 2087; x_wconf 88' lang='lat' dir='ltr'>in</span> <span class='ocrx_word' id='word_1_278' title='bbox 234 2059 288 2087; x_wconf 88' lang='lat' dir='ltr'>fine</span> <span class='ocrx_word' id='word_1_279' title='bbox 301 2059 418 2087; x_wconf 73' lang='lat' dir='ltr'>homiliae</span> <span class='ocrx_word' id='word_1_280' title='bbox 433 2058 508 2087; x_wconf 81' lang='lat' dir='ltr'>dicit.</span> <span class='ocrx_word' id='word_1_281' title='bbox 526 2059 595 2087; x_wconf 90' lang='lat' dir='ltr'>Cum</span> <span class='ocrx_word' id='word_1_282' title='bbox 609 2065 697 2086; x_wconf 83' lang='lat' dir='ltr'>autem</span> <span class='ocrx_word' id='word_1_283' title='bbox 709 2069 778 2097; x_wconf 67' lang='lat' dir='ltr'>saepe</span> <span class='ocrx_word' id='word_1_284' title='bbox 792 2069 865 2086; x_wconf 87' lang='lat' dir='ltr'>mor-</span> 
     </span>
     <span class='ocr_line' id='line_1_45' title="bbox 125 2103 868 2142; baseline -0.003 -8"><span class='ocrx_word' id='word_1_285' title='bbox 125 2105 169 2134; x_wconf 87' lang='lat' dir='ltr'>his</span> <span class='ocrx_word' id='word_1_286' title='bbox 193 2105 309 2134; x_wconf 78' lang='lat' dir='ltr'>afflictus</span> <span class='ocrx_word' id='word_1_287' title='bbox 331 2105 420 2141; x_wconf 84' lang='lat' dir='ltr'>fuerit,</span> <span class='ocrx_word' id='word_1_288' title='bbox 444 2115 497 2133; x_wconf 91' lang='lat' dir='ltr'>non</span> <span class='ocrx_word' id='word_1_289' title='bbox 517 2104 554 2132; x_wconf 86' lang='lat' dir='ltr'>ita</span> <span class='ocrx_word' id='word_1_290' title='bbox 575 2104 653 2132; x_wconf 81' lang='lat' dir='ltr'>facile</span> <span class='ocrx_word' id='word_1_291' title='bbox 674 2110 723 2140; x_wconf 87' lang='lat' dir='ltr'>est,</span> <span class='ocrx_word' id='word_1_292' title='bbox 742 2104 769 2132; x_wconf 92' lang='lat' dir='ltr'>in</span> <span class='ocrx_word' id='word_1_293' title='bbox 795 2103 868 2142; x_wconf 86' lang='lat' dir='ltr'>quod</span> 
     </span>
     <span class='ocr_line' id='line_1_46' title="bbox 128 2149 869 2190; baseline -0.001 -11"><span class='ocrx_word' id='word_1_294' title='bbox 128 2157 234 2190; x_wconf 83' lang='lat' dir='ltr'>tempus</span> <span class='ocrx_word' id='word_1_295' title='bbox 259 2151 316 2180; x_wconf 72' lang='lat' dir='ltr'>liaec</span> <span class='ocrx_word' id='word_1_296' title='bbox 337 2150 473 2185; x_wconf 84' lang='lat' dir='ltr'>incidant,</span> <span class='ocrx_word' id='word_1_297' title='bbox 492 2149 691 2189; x_wconf 83' lang='lat' dir='ltr'>deprehendere</span> <span class='ocrx_word' id='word_1_298' title='bbox 709 2162 716 2178; x_wconf 69' lang='grc' dir='ltr'>ι</span> <span class='ocrx_word' id='word_1_299' title='bbox 735 2150 812 2179; x_wconf 85' lang='lat' dir='ltr'>initio</span> <span class='ocrx_word' id='word_1_300' title='bbox 826 2157 869 2178; x_wconf 88' lang='lat' dir='ltr'>ta-</span> 
     </span>
     <span class='ocr_line' id='line_1_47' title="bbox 129 2197 868 2227; baseline 0 -1"><span class='ocrx_word' id='word_1_301' title='bbox 129 2208 191 2226; x_wconf 88' lang='lat' dir='ltr'>men</span> <span class='ocrx_word' id='word_1_302' title='bbox 211 2197 322 2226; x_wconf 86' lang='lat' dir='ltr'>suadere</span> <span class='ocrx_word' id='word_1_303' title='bbox 343 2197 450 2227; x_wconf 83' lang='lat' dir='ltr'>videtur</span> <span class='ocrx_word' id='word_1_304' title='bbox 471 2197 539 2226; x_wconf 87' lang='lat' dir='ltr'>hanc</span> <span class='ocrx_word' id='word_1_305' title='bbox 558 2197 698 2226; x_wconf 87' lang='lat' dir='ltr'>homiliam</span> <span class='ocrx_word' id='word_1_306' title='bbox 719 2197 868 2226; x_wconf 80' lang='lat' dir='ltr'>Antiochiae</span> 
     </span>
     <span class='ocr_line' id='line_1_48' title="bbox 131 2241 331 2272; baseline 0.01 -2"><span class='ocrx_word' id='word_1_307' title='bbox 131 2241 229 2271; x_wconf 84' lang='lat' dir='ltr'>dictam</span> <span class='ocrx_word' id='word_1_308' title='bbox 242 2243 331 2272; x_wconf 86' lang='lat' dir='ltr'>fuisse.</span> 
     </span>
    </p>

    <p class='ocr_par' dir='ltr' id='par_1_8' title="bbox 103 2288 876 2563">
     <span class='ocr_line' id='line_1_49' title="bbox 172 2288 870 2328; baseline 0.001 -12"><span class='ocrx_word' id='word_1_309' title='bbox 172 2288 296 2316; x_wconf 78' lang='lat' dir='ltr'>Homiliae</span> <span class='ocrx_word' id='word_1_310' title='bbox 321 2289 464 2328; x_wconf 80' lang='lat' dir='ltr'>nonaginta</span> <span class='ocrx_word' id='word_1_311' title='bbox 488 2289 516 2318; x_wconf 86' lang='lat' dir='ltr'>in</span> <span class='ocrx_word' id='word_1_312' title='bbox 538 2289 697 2319; x_wconf 85' lang='lat' dir='ltr'>Matthaeum</span> <span class='ocrx_word' id='word_1_313' title='bbox 723 2289 870 2318; x_wconf 78' lang='lat' dir='ltr'>Antiochiae</span> 
     </span>
     <span class='ocr_line' id='line_1_50' title="bbox 133 2333 872 2374; baseline 0.003 -13"><span class='ocrx_word' id='word_1_314' title='bbox 133 2333 232 2362; x_wconf 81' lang='lat' dir='ltr'>hahitae</span> <span class='ocrx_word' id='word_1_315' title='bbox 246 2334 367 2370; x_wconf 76' lang='lat' dir='ltr'>fuerunt,</span> <span class='ocrx_word' id='word_1_316' title='bbox 382 2342 407 2362; x_wconf 90' lang='lat' dir='ltr'>et</span> <span class='ocrx_word' id='word_1_317' title='bbox 429 2335 547 2363; x_wconf 87' lang='lat' dir='ltr'>Tomum</span> <span class='ocrx_word' id='word_1_318' title='bbox 567 2335 710 2374; x_wconf 88' lang='lat' dir='ltr'>septimum</span> <span class='ocrx_word' id='word_1_319' title='bbox 726 2341 810 2363; x_wconf 88' lang='lat' dir='ltr'>totum</span> <span class='ocrx_word' id='word_1_320' title='bbox 827 2345 872 2363; x_wconf 90' lang='lat' dir='ltr'>oc-</span> 
     </span>
     <span class='ocr_line' id='line_1_51' title="bbox 135 2380 876 2419; baseline 0 -11"><span class='ocrx_word' id='word_1_321' title='bbox 135 2386 245 2418; x_wconf 80' lang='lat' dir='ltr'>cupant.</span> <span class='ocrx_word' id='word_1_322' title='bbox 270 2380 368 2408; x_wconf 72' lang='lat' dir='ltr'>Murali</span> <span class='ocrx_word' id='word_1_323' title='bbox 393 2381 586 2419; x_wconf 89' lang='lat' dir='ltr'>cujuscumque</span> <span class='ocrx_word' id='word_1_324' title='bbox 609 2381 711 2419; x_wconf 81' lang='lat' dir='ltr'>generis</span> <span class='ocrx_word' id='word_1_325' title='bbox 730 2380 876 2419; x_wconf 68' lang='lat' dir='ltr'>disciplina</span> 
     </span>
     <span class='ocr_line' id='line_1_52' title="bbox 135 2426 875 2462; baseline 0 -8"><span class='ocrx_word' id='word_1_326' title='bbox 135 2427 248 2462; x_wconf 77' lang='lat' dir='ltr'>refertae,</span> <span class='ocrx_word' id='word_1_327' title='bbox 269 2426 422 2455; x_wconf 78' lang='lat' dir='ltr'>universam</span> <span class='ocrx_word' id='word_1_328' title='bbox 444 2427 604 2455; x_wconf 79' lang='lat' dir='ltr'>Cliristianae</span> <span class='ocrx_word' id='word_1_329' title='bbox 627 2427 689 2454; x_wconf 81' lang='lat' dir='ltr'>vitae</span> <span class='ocrx_word' id='word_1_330' title='bbox 712 2433 736 2454; x_wconf 89' lang='lat' dir='ltr'>et</span> <span class='ocrx_word' id='word_1_331' title='bbox 759 2426 875 2454; x_wconf 82' lang='lat' dir='ltr'>instituti</span> 
     </span>
     <span class='ocr_line' id='line_1_53' title="bbox 137 2472 876 2510; baseline -0.001 -10"><span class='ocrx_word' id='word_1_332' title='bbox 137 2482 270 2500; x_wconf 86' lang='lat' dir='ltr'>summam</span> <span class='ocrx_word' id='word_1_333' title='bbox 298 2483 352 2510; x_wconf 78' lang='lat' dir='ltr'>prae</span> <span class='ocrx_word' id='word_1_334' title='bbox 381 2482 408 2500; x_wconf 90' lang='lat' dir='ltr'>se</span> <span class='ocrx_word' id='word_1_335' title='bbox 435 2472 534 2500; x_wconf 79' lang='lat' dir='ltr'>serunt.</span> <span class='ocrx_word' id='word_1_336' title='bbox 566 2472 617 2500; x_wconf 91' lang='lat' dir='ltr'>Hic</span> <span class='ocrx_word' id='word_1_337' title='bbox 644 2482 736 2500; x_wconf 91' lang='lat' dir='ltr'>omnes</span> <span class='ocrx_word' id='word_1_338' title='bbox 766 2472 876 2500; x_wconf 84' lang='lat' dir='ltr'>virtutis</span> 
     </span>
     <span class='ocr_line' id='line_1_54' title="bbox 103 2516 876 2563; baseline -0.001 -17"><span class='ocrx_word' id='word_1_339' title='bbox 103 2545 126 2563; x_wconf 63' lang='grc'>28</span> <span class='ocrx_word' id='word_1_340' title='bbox 138 2517 267 2546; x_wconf 68' lang='lat' dir='ltr'>adeunda:</span> <span class='ocrx_word' id='word_1_341' title='bbox 290 2524 314 2545; x_wconf 86' lang='lat' dir='ltr'>et</span> <span class='ocrx_word' id='word_1_342' title='bbox 334 2517 486 2545; x_wconf 75' lang='lat' dir='ltr'>exercendae</span> <span class='ocrx_word' id='word_1_343' title='bbox 507 2517 591 2551; x_wconf 87' lang='lat' dir='ltr'>modi,</span> <span class='ocrx_word' id='word_1_344' title='bbox 610 2518 740 2545; x_wconf 81' lang='lat' dir='ltr'>universae</span> <span class='ocrx_word' id='word_1_345' title='bbox 757 2516 876 2555; x_wconf 60' lang='lat' dir='ltr'>fugiendi</span> 
     </span>
    </p>

    <p class='ocr_par' dir='ltr' id='par_1_9' title="bbox 139 2562 877 2601">
     <span class='ocr_line' id='line_1_55' title="bbox 139 2562 877 2601; baseline -0.003 -9"><span class='ocrx_word' id='word_1_346' title='bbox 139 2564 199 2593; x_wconf 83' lang='lat' dir='ltr'>vitii</span> <span class='ocrx_word' id='word_1_347' title='bbox 212 2563 324 2592; x_wconf 80' lang='lat' dir='ltr'>rationes</span> <span class='ocrx_word' id='word_1_348' title='bbox 333 2563 480 2591; x_wconf 79' lang='lat' dir='ltr'>afferuntur</span> <span class='ocrx_word' id='word_1_349' title='bbox 492 2570 517 2591; x_wconf 88' lang='lat' dir='ltr'>et</span> <span class='ocrx_word' id='word_1_350' title='bbox 528 2563 705 2601; x_wconf 78' lang='lat' dir='ltr'>explanantur</span> <span class='ocrx_word' id='word_1_351' title='bbox 719 2574 724 2589; x_wconf 95' lang='lat'>:</span> <span class='ocrx_word' id='word_1_352' title='bbox 739 2573 787 2591; x_wconf 89' lang='lat' dir='ltr'>nec</span> <span class='ocrx_word' id='word_1_353' title='bbox 799 2562 877 2601; x_wconf 88' lang='lat' dir='ltr'>quid-</span> 
     </span>
    </p>

    <p class='ocr_par' dir='ltr' id='par_1_10' title="bbox 142 2607 879 2649">
     <span class='ocr_line' id='line_1_56' title="bbox 142 2607 879 2649; baseline -0.001 -11"><span class='ocrx_word' id='word_1_354' title='bbox 142 2620 220 2648; x_wconf 84' lang='lat' dir='ltr'>quam</span> <span class='ocrx_word' id='word_1_355' title='bbox 237 2609 448 2649; x_wconf 65' lang='lat' dir='ltr'>prrctermittitur</span> <span class='ocrx_word' id='word_1_356' title='bbox 461 2607 530 2647; x_wconf 87' lang='lat' dir='ltr'>quod</span> <span class='ocrx_word' id='word_1_357' title='bbox 546 2608 629 2647; x_wconf 83' lang='lat' dir='ltr'>pessit</span> <span class='ocrx_word' id='word_1_358' title='bbox 647 2615 692 2636; x_wconf 85' lang='lat' dir='ltr'>aut</span> <span class='ocrx_word' id='word_1_359' title='bbox 707 2608 742 2637; x_wconf 80' lang='lat' dir='ltr'>ad</span> <span class='ocrx_word' id='word_1_360' title='bbox 761 2615 879 2637; x_wconf 77' lang='lat' dir='ltr'>sanctam</span> 
     </span>
    </p>
   </div>
   <div class='ocr_carea' id='block_1_6' title="bbox 907 191 1663 2229">
    <p class='ocr_par' dir='ltr' id='par_1_11' title="bbox 907 191 1648 798">
     <span class='ocr_line' id='line_1_57' title="bbox 1579 191 1647 238; baseline 0 -15"><span class='ocrx_word' id='word_1_361' title='bbox 1579 191 1647 238; x_wconf 54' lang='lat'>¹5¹9</span> 
     </span>
     <span class='ocr_line' id='line_1_58' title="bbox 907 262 1648 302; baseline 0.003 -11"><span class='ocrx_word' id='word_1_362' title='bbox 907 270 954 292; x_wconf 88' lang='lat' dir='ltr'>aut</span> <span class='ocrx_word' id='word_1_363' title='bbox 973 263 1009 292; x_wconf 87' lang='lat' dir='ltr'>ad</span> <span class='ocrx_word' id='word_1_364' title='bbox 1030 262 1182 302; x_wconf 87' lang='lat' dir='ltr'>improbam</span> <span class='ocrx_word' id='word_1_365' title='bbox 1202 262 1286 292; x_wconf 80' lang='lat' dir='ltr'>vitam</span> <span class='ocrx_word' id='word_1_366' title='bbox 1302 263 1449 302; x_wconf 82' lang='lat' dir='ltr'>pertinere,</span> <span class='ocrx_word' id='word_1_367' title='bbox 1466 270 1495 292; x_wconf 87' lang='lat' dir='ltr'>ut</span> <span class='ocrx_word' id='word_1_368' title='bbox 1511 263 1648 293; x_wconf 77' lang='lat' dir='ltr'>alterato-</span> 
     </span>
     <span class='ocr_line' id='line_1_59' title="bbox 908 309 1647 340; baseline 0.001 -2"><span class='ocrx_word' id='word_1_369' title='bbox 908 309 943 338; x_wconf 87' lang='lat' dir='ltr'>tis</span> <span class='ocrx_word' id='word_1_370' title='bbox 958 310 1062 338; x_wconf 75' lang='lat' dir='ltr'>viribus</span> <span class='ocrx_word' id='word_1_371' title='bbox 1081 309 1239 338; x_wconf 87' lang='lat' dir='ltr'>declinetur.</span> <span class='ocrx_word' id='word_1_372' title='bbox 1258 309 1355 338; x_wconf 85' lang='lat' dir='ltr'>Nullus</span> <span class='ocrx_word' id='word_1_373' title='bbox 1370 310 1396 338; x_wconf 93' lang='lat' dir='ltr'>in</span> <span class='ocrx_word' id='word_1_374' title='bbox 1415 310 1480 338; x_wconf 92' lang='lat' dir='ltr'>orbe</span> <span class='ocrx_word' id='word_1_375' title='bbox 1493 310 1647 340; x_wconf 87' lang='lat' dir='ltr'>Christiano</span> 
     </span>
     <span class='ocr_line' id='line_1_60' title="bbox 907 355 1647 394; baseline 0 -9"><span class='ocrx_word' id='word_1_376' title='bbox 907 356 976 385; x_wconf 90' lang='lat' dir='ltr'>liber</span> <span class='ocrx_word' id='word_1_377' title='bbox 990 363 1027 385; x_wconf 92' lang='lat' dir='ltr'>est</span> <span class='ocrx_word' id='word_1_378' title='bbox 1042 362 1080 384; x_wconf 90' lang='lat' dir='ltr'>tot</span> <span class='ocrx_word' id='word_1_379' title='bbox 1099 362 1225 394; x_wconf 86' lang='lat' dir='ltr'>tantaque</span> <span class='ocrx_word' id='word_1_380' title='bbox 1238 356 1353 384; x_wconf 87' lang='lat' dir='ltr'>referens</span> <span class='ocrx_word' id='word_1_381' title='bbox 1367 355 1526 384; x_wconf 82' lang='lat' dir='ltr'>Christianae</span> <span class='ocrx_word' id='word_1_382' title='bbox 1547 356 1647 385; x_wconf 76' lang='lat' dir='ltr'>ethices</span> 
     </span>
     <span class='ocr_line' id='line_1_61' title="bbox 909 402 1647 442; baseline -0.001 -11"><span class='ocrx_word' id='word_1_383' title='bbox 909 410 1041 442; x_wconf 68' lang='lat' dir='ltr'>praecepta</span> <span class='ocrx_word' id='word_1_384' title='bbox 1058 415 1064 430; x_wconf 90' lang='lat'><strong>:</strong></span> <span class='ocrx_word' id='word_1_385' title='bbox 1080 413 1210 441; x_wconf 84' lang='lat' dir='ltr'>nusquam</span> <span class='ocrx_word' id='word_1_386' title='bbox 1223 402 1431 441; x_wconf 84' lang='lat' dir='ltr'>Chrysostomus</span> <span class='ocrx_word' id='word_1_387' title='bbox 1444 409 1514 431; x_wconf 83' lang='lat' dir='ltr'>tanta</span> <span class='ocrx_word' id='word_1_388' title='bbox 1530 413 1594 431; x_wconf 83' lang='lat' dir='ltr'>usus</span> <span class='ocrx_word' id='word_1_389' title='bbox 1608 409 1647 431; x_wconf 89' lang='lat' dir='ltr'>est</span> 
     </span>
     <span class='ocr_line' id='line_1_62' title="bbox 908 448 1648 487; baseline -0.001 -10"><span class='ocrx_word' id='word_1_390' title='bbox 908 448 1070 485; x_wconf 81' lang='lat' dir='ltr'>inventione,</span> <span class='ocrx_word' id='word_1_391' title='bbox 1091 448 1226 482; x_wconf 75' lang='lat' dir='ltr'>facundia,</span> <span class='ocrx_word' id='word_1_392' title='bbox 1243 448 1386 487; x_wconf 67' lang='lat' dir='ltr'>sagacitate</span> <span class='ocrx_word' id='word_1_393' title='bbox 1401 448 1436 477; x_wconf 87' lang='lat' dir='ltr'>ad</span> <span class='ocrx_word' id='word_1_394' title='bbox 1457 459 1542 476; x_wconf 86' lang='lat' dir='ltr'>mores</span> <span class='ocrx_word' id='word_1_395' title='bbox 1561 448 1648 476; x_wconf 87' lang='lat' dir='ltr'>insor-</span> 
     </span>
     <span class='ocr_line' id='line_1_63' title="bbox 908 494 1648 531; baseline -0.001 -8"><span class='ocrx_word' id='word_1_396' title='bbox 908 495 1037 530; x_wconf 87' lang='lat' dir='ltr'>mandos,</span> <span class='ocrx_word' id='word_1_397' title='bbox 1061 494 1224 523; x_wconf 86' lang='lat' dir='ltr'>eliminanda</span> <span class='ocrx_word' id='word_1_398' title='bbox 1244 495 1322 531; x_wconf 86' lang='lat' dir='ltr'>vitia,</span> <span class='ocrx_word' id='word_1_399' title='bbox 1347 494 1512 523; x_wconf 82' lang='lat' dir='ltr'>Christianas</span> <span class='ocrx_word' id='word_1_400' title='bbox 1531 495 1648 523; x_wconf 79' lang='lat' dir='ltr'>familias</span> 
     </span>
     <span class='ocr_line' id='line_1_64' title="bbox 908 540 1648 579; baseline 0 -11"><span class='ocrx_word' id='word_1_401' title='bbox 908 548 978 569; x_wconf 89' lang='lat' dir='ltr'>recte</span> <span class='ocrx_word' id='word_1_402' title='bbox 1014 540 1219 579; x_wconf 85' lang='lat' dir='ltr'>componendas.</span> <span class='ocrx_word' id='word_1_403' title='bbox 1249 540 1420 579; x_wconf 77' lang='lat' dir='ltr'>Quapropter</span> <span class='ocrx_word' id='word_1_404' title='bbox 1449 540 1510 579; x_wconf 85' lang='lat' dir='ltr'>jure</span> <span class='ocrx_word' id='word_1_405' title='bbox 1540 540 1648 568; x_wconf 87' lang='lat' dir='ltr'>dicebat</span> 
     </span>
     <span class='ocr_line' id='line_1_65' title="bbox 908 586 1647 626; baseline -0.001 -11"><span class='ocrx_word' id='word_1_406' title='bbox 908 587 938 615; x_wconf 88' lang='lat' dir='ltr'>S.</span> <span class='ocrx_word' id='word_1_407' title='bbox 963 586 1083 614; x_wconf 83' lang='lat' dir='ltr'>Thomas</span> <span class='ocrx_word' id='word_1_408' title='bbox 1104 586 1234 625; x_wconf 61' lang='lat' dir='ltr'>Aquinas,</span> <span class='ocrx_word' id='word_1_409' title='bbox 1250 587 1377 615; x_wconf 81' lang='lat' dir='ltr'>referente</span> <span class='ocrx_word' id='word_1_410' title='bbox 1396 586 1502 626; x_wconf 87' lang='lat' dir='ltr'>Papirio</span> <span class='ocrx_word' id='word_1_411' title='bbox 1522 588 1647 615; x_wconf 85' lang='lat' dir='ltr'>Massono</span> 
     </span>
     <span class='ocr_line' id='line_1_66' title="bbox 907 631 1647 666; baseline 0.001 -7"><span class='ocrx_word' id='word_1_412' title='bbox 907 631 957 660; x_wconf 87' lang='lat' dir='ltr'>lib.</span> <span class='ocrx_word' id='word_1_413' title='bbox 976 632 995 659; x_wconf 84' lang='grc'>6</span> <span class='ocrx_word' id='word_1_414' title='bbox 1014 631 1047 659; x_wconf 90' lang='lat' dir='ltr'>de</span> <span class='ocrx_word' id='word_1_415' title='bbox 1062 632 1189 659; x_wconf 86' lang='lat' dir='ltr'>Romanis</span> <span class='ocrx_word' id='word_1_416' title='bbox 1211 631 1404 666; x_wconf 81' lang='lat' dir='ltr'>Pontificibus,</span> <span class='ocrx_word' id='word_1_417' title='bbox 1424 631 1451 660; x_wconf 89' lang='lat' dir='ltr'>in</span> <span class='ocrx_word' id='word_1_418' title='bbox 1470 633 1571 661; x_wconf 87' lang='lat' dir='ltr'>Joanne</span> <span class='ocrx_word' id='word_1_419' title='bbox 1592 634 1647 660; x_wconf 89' lang='lat' dir='ltr'>Pa-</span> 
     </span>
     <span class='ocr_line' id='line_1_67' title="bbox 909 676 1647 716; baseline 0.001 -11"><span class='ocrx_word' id='word_1_420' title='bbox 909 688 942 716; x_wconf 86' lang='lat' dir='ltr'>pa</span> <span class='ocrx_word' id='word_1_421' title='bbox 958 676 1036 713; x_wconf 74' lang='lat' dir='ltr'>XXI,</span> <span class='ocrx_word' id='word_1_422' title='bbox 1052 677 1131 705; x_wconf 90' lang='lat' dir='ltr'>malle</span> <span class='ocrx_word' id='word_1_423' title='bbox 1146 687 1172 705; x_wconf 89' lang='lat' dir='ltr'>se</span> <span class='ocrx_word' id='word_1_424' title='bbox 1186 677 1225 705; x_wconf 87' lang='lat' dir='ltr'>uti</span> <span class='ocrx_word' id='word_1_425' title='bbox 1239 677 1423 715; x_wconf 88' lang='lat' dir='ltr'>Chrysostomi</span> <span class='ocrx_word' id='word_1_426' title='bbox 1440 677 1516 705; x_wconf 84' lang='lat' dir='ltr'>libris</span> <span class='ocrx_word' id='word_1_427' title='bbox 1532 678 1558 706; x_wconf 94' lang='lat' dir='ltr'>in</span> <span class='ocrx_word' id='word_1_428' title='bbox 1574 679 1647 706; x_wconf 80' lang='lat' dir='ltr'>Mat-</span> 
     </span>
     <span class='ocr_line' id='line_1_68' title="bbox 908 721 1648 761; baseline 0.003 -11"><span class='ocrx_word' id='word_1_429' title='bbox 908 723 1024 760; x_wconf 73' lang='lat' dir='ltr'>thaeum,</span> <span class='ocrx_word' id='word_1_430' title='bbox 1040 732 1120 760; x_wconf 88' lang='lat' dir='ltr'>quam</span> <span class='ocrx_word' id='word_1_431' title='bbox 1140 721 1272 761; x_wconf 84' lang='lat' dir='ltr'>possidere</span> <span class='ocrx_word' id='word_1_432' title='bbox 1290 722 1396 760; x_wconf 88' lang='lat' dir='ltr'>fruique</span> <span class='ocrx_word' id='word_1_433' title='bbox 1410 723 1514 751; x_wconf 86' lang='lat' dir='ltr'>Lutetia</span> <span class='ocrx_word' id='word_1_434' title='bbox 1530 723 1648 752; x_wconf 82' lang='lat' dir='ltr'>Parisio—</span> 
     </span>
     <span class='ocr_line' id='line_1_69' title="bbox 910 779 979 798; baseline 0.014 -1"><span class='ocrx_word' id='word_1_435' title='bbox 910 779 979 798; x_wconf 87' lang='lat' dir='ltr'>rum.</span> 
     </span>
    </p>

    <p class='ocr_par' dir='ltr' id='par_1_12' title="bbox 911 814 1662 2049">
     <span class='ocr_line' id='line_1_70' title="bbox 951 814 1651 854; baseline -0.001 -11"><span class='ocrx_word' id='word_1_436' title='bbox 951 816 1009 843; x_wconf 84' lang='lat' dir='ltr'>Non</span> <span class='ocrx_word' id='word_1_437' title='bbox 1025 815 1236 843; x_wconf 85' lang='lat' dir='ltr'>concionatorem</span> <span class='ocrx_word' id='word_1_438' title='bbox 1252 814 1345 848; x_wconf 83' lang='lat' dir='ltr'>modo,</span> <span class='ocrx_word' id='word_1_439' title='bbox 1362 814 1407 842; x_wconf 89' lang='lat' dir='ltr'>sed</span> <span class='ocrx_word' id='word_1_440' title='bbox 1422 815 1502 842; x_wconf 83' lang='lat' dir='ltr'>etiam</span> <span class='ocrx_word' id='word_1_441' title='bbox 1516 814 1651 854; x_wconf 88' lang='lat' dir='ltr'>interpre-</span> 
     </span>
     <span class='ocr_line' id='line_1_71' title="bbox 911 860 1652 900; baseline 0 -12"><span class='ocrx_word' id='word_1_442' title='bbox 911 867 963 889; x_wconf 86' lang='lat' dir='ltr'>tem</span> <span class='ocrx_word' id='word_1_443' title='bbox 982 861 1036 899; x_wconf 80' lang='lat' dir='ltr'>agit</span> <span class='ocrx_word' id='word_1_444' title='bbox 1052 861 1268 900; x_wconf 81' lang='lat' dir='ltr'>Chrysostomus.</span> <span class='ocrx_word' id='word_1_445' title='bbox 1286 860 1378 889; x_wconf 86' lang='lat' dir='ltr'>Sicubi</span> <span class='ocrx_word' id='word_1_446' title='bbox 1399 860 1469 888; x_wconf 88' lang='lat' dir='ltr'>enim</span> <span class='ocrx_word' id='word_1_447' title='bbox 1492 860 1571 889; x_wconf 85' lang='lat' dir='ltr'>series</span> <span class='ocrx_word' id='word_1_448' title='bbox 1589 871 1652 889; x_wconf 69' lang='lat' dir='ltr'>ver-</span> 
     </span>
     <span class='ocr_line' id='line_1_72' title="bbox 913 906 1653 945; baseline 0 -11"><span class='ocrx_word' id='word_1_449' title='bbox 913 906 1010 935; x_wconf 86' lang='lat' dir='ltr'>borum</span> <span class='ocrx_word' id='word_1_450' title='bbox 1030 906 1182 945; x_wconf 79' lang='lat' dir='ltr'>Evangelii,</span> <span class='ocrx_word' id='word_1_451' title='bbox 1200 916 1280 944; x_wconf 83' lang='lat' dir='ltr'>quam</span> <span class='ocrx_word' id='word_1_452' title='bbox 1301 906 1483 945; x_wconf 78' lang='lat' dir='ltr'>explanationi</span> <span class='ocrx_word' id='word_1_453' title='bbox 1504 916 1559 934; x_wconf 84' lang='lat' dir='ltr'>suae</span> <span class='ocrx_word' id='word_1_454' title='bbox 1579 917 1653 945; x_wconf 70' lang='lat' dir='ltr'>prse-</span> 
     </span>
     <span class='ocr_line' id='line_1_73' title="bbox 913 951 1654 991; baseline -0.001 -10"><span class='ocrx_word' id='word_1_455' title='bbox 913 952 1020 981; x_wconf 84' lang='lat' dir='ltr'>mittere</span> <span class='ocrx_word' id='word_1_456' title='bbox 1033 953 1110 985; x_wconf 83' lang='lat' dir='ltr'>solet,</span> <span class='ocrx_word' id='word_1_457' title='bbox 1129 953 1248 991; x_wconf 88' lang='lat' dir='ltr'>aliquam</span> <span class='ocrx_word' id='word_1_458' title='bbox 1267 952 1366 981; x_wconf 81' lang='lat' dir='ltr'>hahere</span> <span class='ocrx_word' id='word_1_459' title='bbox 1383 951 1488 981; x_wconf 76' lang='lat' dir='ltr'>videtur</span> <span class='ocrx_word' id='word_1_460' title='bbox 1507 951 1654 980; x_wconf 83' lang='lat' dir='ltr'>difficulta-</span> 
     </span>
     <span class='ocr_line' id='line_1_74' title="bbox 914 998 1654 1038; baseline -0.001 -12"><span class='ocrx_word' id='word_1_461' title='bbox 914 1005 966 1027; x_wconf 93' lang='lat' dir='ltr'>tem</span> <span class='ocrx_word' id='word_1_462' title='bbox 981 998 1050 1026; x_wconf 90' lang='lat' dir='ltr'>circa</span> <span class='ocrx_word' id='word_1_463' title='bbox 1065 1005 1170 1038; x_wconf 86' lang='lat' dir='ltr'>tempus</span> <span class='ocrx_word' id='word_1_464' title='bbox 1181 998 1225 1027; x_wconf 79' lang='lat' dir='ltr'>vel</span> <span class='ocrx_word' id='word_1_465' title='bbox 1237 998 1401 1026; x_wconf 82' lang='lat' dir='ltr'>occasionem</span> <span class='ocrx_word' id='word_1_466' title='bbox 1418 1008 1507 1026; x_wconf 87' lang='lat' dir='ltr'>rerum</span> <span class='ocrx_word' id='word_1_467' title='bbox 1520 1004 1654 1036; x_wconf 84' lang='lat' dir='ltr'>gestarum</span> 
     </span>
     <span class='ocr_line' id='line_1_75' title="bbox 913 1043 1654 1083; baseline -0.004 -10"><span class='ocrx_word' id='word_1_468' title='bbox 913 1051 960 1073; x_wconf 88' lang='lat' dir='ltr'>aut</span> <span class='ocrx_word' id='word_1_469' title='bbox 976 1045 1045 1073; x_wconf 86' lang='lat' dir='ltr'>circa</span> <span class='ocrx_word' id='word_1_470' title='bbox 1059 1044 1282 1083; x_wconf 72' lang='lat' dir='ltr'>evangelistarum</span> <span class='ocrx_word' id='word_1_471' title='bbox 1297 1043 1388 1072; x_wconf 83' lang='lat' dir='ltr'>eadem</span> <span class='ocrx_word' id='word_1_472' title='bbox 1405 1044 1461 1082; x_wconf 83' lang='lat' dir='ltr'>ipsa</span> <span class='ocrx_word' id='word_1_473' title='bbox 1477 1043 1654 1077; x_wconf 79' lang='lat' dir='ltr'>narrantium,</span> 
     </span>
     <span class='ocr_line' id='line_1_76' title="bbox 913 1090 1656 1128; baseline -0.001 -10"><span class='ocrx_word' id='word_1_474' title='bbox 913 1090 1020 1119; x_wconf 86' lang='lat' dir='ltr'>dicendi</span> <span class='ocrx_word' id='word_1_475' title='bbox 1042 1091 1209 1125; x_wconf 78' lang='lat' dir='ltr'>varietatem,</span> <span class='ocrx_word' id='word_1_476' title='bbox 1232 1101 1261 1118; x_wconf 87' lang='lat' dir='ltr'>ea</span> <span class='ocrx_word' id='word_1_477' title='bbox 1283 1090 1329 1118; x_wconf 84' lang='lat' dir='ltr'>ille</span> <span class='ocrx_word' id='word_1_478' title='bbox 1349 1090 1436 1117; x_wconf 81' lang='lat' dir='ltr'>omnia</span> <span class='ocrx_word' id='word_1_479' title='bbox 1454 1090 1583 1128; x_wconf 79' lang='lat' dir='ltr'>sagaciter</span> <span class='ocrx_word' id='word_1_480' title='bbox 1607 1100 1656 1117; x_wconf 81' lang='lat' dir='ltr'>ex-</span> 
     </span>
     <span class='ocr_line' id='line_1_77' title="bbox 914 1136 1657 1176; baseline 0 -12"><span class='ocrx_word' id='word_1_481' title='bbox 914 1143 1002 1165; x_wconf 84' lang='lat' dir='ltr'>cutere</span> <span class='ocrx_word' id='word_1_482' title='bbox 1017 1137 1083 1164; x_wconf 88' lang='lat' dir='ltr'>solet</span> <span class='ocrx_word' id='word_1_483' title='bbox 1100 1149 1105 1164; x_wconf 89' lang='lat'>:</span> <span class='ocrx_word' id='word_1_484' title='bbox 1121 1143 1271 1176; x_wconf 86' lang='lat' dir='ltr'>temporum</span> <span class='ocrx_word' id='word_1_485' title='bbox 1287 1136 1416 1164; x_wconf 81' lang='lat' dir='ltr'>rationem</span> <span class='ocrx_word' id='word_1_486' title='bbox 1431 1136 1554 1164; x_wconf 77' lang='lat' dir='ltr'>observat</span> <span class='ocrx_word' id='word_1_487' title='bbox 1568 1142 1593 1164; x_wconf 86' lang='lat' dir='ltr'>ct</span> <span class='ocrx_word' id='word_1_488' title='bbox 1607 1146 1657 1164; x_wconf 83' lang='lat' dir='ltr'>ex-</span> 
     </span>
     <span class='ocr_line' id='line_1_78' title="bbox 914 1181 1656 1221; baseline -0.001 -11"><span class='ocrx_word' id='word_1_489' title='bbox 914 1182 1012 1221; x_wconf 79' lang='lat' dir='ltr'>plorat,</span> <span class='ocrx_word' id='word_1_490' title='bbox 1025 1182 1188 1211; x_wconf 84' lang='lat' dir='ltr'>occasionem</span> <span class='ocrx_word' id='word_1_491' title='bbox 1202 1183 1244 1211; x_wconf 77' lang='lat' dir='ltr'>vel</span> <span class='ocrx_word' id='word_1_492' title='bbox 1258 1182 1323 1211; x_wconf 86' lang='lat' dir='ltr'>editi</span> <span class='ocrx_word' id='word_1_493' title='bbox 1338 1182 1406 1220; x_wconf 83' lang='lat' dir='ltr'>signi</span> <span class='ocrx_word' id='word_1_494' title='bbox 1423 1189 1447 1210; x_wconf 83' lang='lat' dir='ltr'>et</span> <span class='ocrx_word' id='word_1_495' title='bbox 1463 1181 1601 1218; x_wconf 87' lang='lat' dir='ltr'>miraculi,</span> <span class='ocrx_word' id='word_1_496' title='bbox 1614 1182 1656 1210; x_wconf 75' lang='lat' dir='ltr'>vel</span> 
     </span>
     <span class='ocr_line' id='line_1_79' title="bbox 915 1228 1656 1267; baseline -0.003 -10"><span class='ocrx_word' id='word_1_497' title='bbox 915 1235 994 1267; x_wconf 63' lang='lat' dir='ltr'>gestae</span> <span class='ocrx_word' id='word_1_498' title='bbox 1013 1229 1049 1257; x_wconf 90' lang='lat' dir='ltr'>rei</span> <span class='ocrx_word' id='word_1_499' title='bbox 1066 1229 1209 1267; x_wconf 77' lang='lat' dir='ltr'>diligenter</span> <span class='ocrx_word' id='word_1_500' title='bbox 1228 1235 1362 1257; x_wconf 88' lang='lat' dir='ltr'>scrutatur</span> <span class='ocrx_word' id='word_1_501' title='bbox 1382 1241 1388 1256; x_wconf 91' lang='lat'>:</span> <span class='ocrx_word' id='word_1_502' title='bbox 1408 1228 1577 1256; x_wconf 70' lang='lat' dir='ltr'>diversorum</span> <span class='ocrx_word' id='word_1_503' title='bbox 1593 1238 1656 1256; x_wconf 84' lang='lat' dir='ltr'>sen-</span> 
     </span>
     <span class='ocr_line' id='line_1_80' title="bbox 915 1274 1658 1313; baseline -0.003 -10"><span class='ocrx_word' id='word_1_504' title='bbox 915 1275 1009 1303; x_wconf 87' lang='lat' dir='ltr'>tentias</span> <span class='ocrx_word' id='word_1_505' title='bbox 1032 1276 1101 1304; x_wconf 87' lang='lat' dir='ltr'>circa</span> <span class='ocrx_word' id='word_1_506' title='bbox 1125 1286 1165 1303; x_wconf 85' lang='lat' dir='ltr'>res</span> <span class='ocrx_word' id='word_1_507' title='bbox 1188 1275 1346 1313; x_wconf 82' lang='lat' dir='ltr'>plerumque</span> <span class='ocrx_word' id='word_1_508' title='bbox 1367 1274 1479 1303; x_wconf 87' lang='lat' dir='ltr'>obscure</span> <span class='ocrx_word' id='word_1_509' title='bbox 1494 1274 1658 1312; x_wconf 78' lang='lat' dir='ltr'>significatas</span> 
     </span>
     <span class='ocr_line' id='line_1_81' title="bbox 917 1319 1657 1354; baseline -0.004 -5"><span class='ocrx_word' id='word_1_510' title='bbox 917 1322 993 1350; x_wconf 76' lang='lat' dir='ltr'>affert</span> <span class='ocrx_word' id='word_1_511' title='bbox 1012 1328 1036 1349; x_wconf 91' lang='lat' dir='ltr'>et</span> <span class='ocrx_word' id='word_1_512' title='bbox 1057 1321 1192 1349; x_wconf 78' lang='lat' dir='ltr'>examinat</span> <span class='ocrx_word' id='word_1_513' title='bbox 1214 1333 1219 1347; x_wconf 93' lang='lat'>:</span> <span class='ocrx_word' id='word_1_514' title='bbox 1236 1321 1258 1349; x_wconf 89' lang='lat' dir='ltr'>si</span> <span class='ocrx_word' id='word_1_515' title='bbox 1273 1320 1441 1349; x_wconf 69' lang='lat' dir='ltr'>confutandae</span> <span class='ocrx_word' id='word_1_516' title='bbox 1456 1320 1525 1354; x_wconf 89' lang='lat' dir='ltr'>sint,</span> <span class='ocrx_word' id='word_1_517' title='bbox 1543 1319 1571 1347; x_wconf 89' lang='lat' dir='ltr'>id</span> <span class='ocrx_word' id='word_1_518' title='bbox 1588 1319 1657 1347; x_wconf 78' lang='lat' dir='ltr'>mira</span> 
     </span>
     <span class='ocr_line' id='line_1_82' title="bbox 916 1365 1658 1405; baseline -0.003 -10"><span class='ocrx_word' id='word_1_519' title='bbox 916 1367 1072 1405; x_wconf 77' lang='lat' dir='ltr'>exsequitur</span> <span class='ocrx_word' id='word_1_520' title='bbox 1093 1367 1252 1396; x_wconf 80' lang='lat' dir='ltr'>dexteritate</span> <span class='ocrx_word' id='word_1_521' title='bbox 1273 1373 1351 1404; x_wconf 85' lang='lat' dir='ltr'>atque</span> <span class='ocrx_word' id='word_1_522' title='bbox 1371 1366 1471 1404; x_wconf 78' lang='lat' dir='ltr'>ingenii</span> <span class='ocrx_word' id='word_1_523' title='bbox 1496 1365 1658 1401; x_wconf 83' lang='lat' dir='ltr'>acrimonia;</span> 
     </span>
     <span class='ocr_line' id='line_1_83' title="bbox 916 1411 1660 1452; baseline -0.005 -9"><span class='ocrx_word' id='word_1_524' title='bbox 916 1413 937 1443; x_wconf 85' lang='lat' dir='ltr'>si</span> <span class='ocrx_word' id='word_1_525' title='bbox 950 1424 1002 1452; x_wconf 81' lang='lat' dir='ltr'>qua</span> <span class='ocrx_word' id='word_1_526' title='bbox 1016 1424 1080 1442; x_wconf 89' lang='lat' dir='ltr'>vero</span> <span class='ocrx_word' id='word_1_527' title='bbox 1096 1414 1165 1442; x_wconf 90' lang='lat' dir='ltr'>inter</span> <span class='ocrx_word' id='word_1_528' title='bbox 1180 1413 1358 1451; x_wconf 74' lang='lat' dir='ltr'>evangelistas</span> <span class='ocrx_word' id='word_1_529' title='bbox 1371 1413 1398 1440; x_wconf 91' lang='lat' dir='ltr'>in</span> <span class='ocrx_word' id='word_1_530' title='bbox 1411 1411 1543 1440; x_wconf 81' lang='lat' dir='ltr'>narrando</span> <span class='ocrx_word' id='word_1_531' title='bbox 1557 1411 1660 1440; x_wconf 80' lang='lat' dir='ltr'>diserc-</span> 
     </span>
     <span class='ocr_line' id='line_1_84' title="bbox 916 1458 1658 1500; baseline -0.004 -11"><span class='ocrx_word' id='word_1_532' title='bbox 916 1460 1007 1500; x_wconf 86' lang='lat' dir='ltr'>pantia</span> <span class='ocrx_word' id='word_1_533' title='bbox 1019 1471 1073 1488; x_wconf 90' lang='lat' dir='ltr'>esse</span> <span class='ocrx_word' id='word_1_534' title='bbox 1086 1460 1175 1488; x_wconf 82' lang='lat' dir='ltr'>statim</span> <span class='ocrx_word' id='word_1_535' title='bbox 1191 1459 1328 1496; x_wconf 77' lang='lat' dir='ltr'>videatur,</span> <span class='ocrx_word' id='word_1_536' title='bbox 1347 1459 1376 1487; x_wconf 89' lang='lat' dir='ltr'>id</span> <span class='ocrx_word' id='word_1_537' title='bbox 1396 1459 1441 1487; x_wconf 91' lang='lat' dir='ltr'>ille</span> <span class='ocrx_word' id='word_1_538' title='bbox 1456 1468 1503 1497; x_wconf 84' lang='lat' dir='ltr'>pro</span> <span class='ocrx_word' id='word_1_539' title='bbox 1518 1458 1591 1487; x_wconf 83' lang='lat' dir='ltr'>virili</span> <span class='ocrx_word' id='word_1_540' title='bbox 1607 1469 1658 1486; x_wconf 75' lang='lat' dir='ltr'>ex-</span> 
     </span>
     <span class='ocr_line' id='line_1_85' title="bbox 917 1504 1659 1543; baseline -0.005 -8"><span class='ocrx_word' id='word_1_541' title='bbox 917 1506 994 1541; x_wconf 84' lang='lat' dir='ltr'>cutit,</span> <span class='ocrx_word' id='word_1_542' title='bbox 1019 1505 1187 1543; x_wconf 87' lang='lat' dir='ltr'>ostenditque</span> <span class='ocrx_word' id='word_1_543' title='bbox 1211 1505 1301 1541; x_wconf 88' lang='lat' dir='ltr'>illam,</span> <span class='ocrx_word' id='word_1_544' title='bbox 1323 1515 1383 1543; x_wconf 83' lang='lat' dir='ltr'>quae</span> <span class='ocrx_word' id='word_1_545' title='bbox 1407 1504 1488 1532; x_wconf 77' lang='lat' dir='ltr'>verbo</span> <span class='ocrx_word' id='word_1_546' title='bbox 1510 1510 1585 1532; x_wconf 85' lang='lat' dir='ltr'>tenus</span> <span class='ocrx_word' id='word_1_547' title='bbox 1605 1514 1659 1532; x_wconf 80' lang='lat' dir='ltr'>csse</span> 
     </span>
     <span class='ocr_line' id='line_1_86' title="bbox 917 1549 1659 1586; baseline -0.004 -6"><span class='ocrx_word' id='word_1_548' title='bbox 917 1551 1039 1586; x_wconf 81' lang='lat' dir='ltr'>videtur,</span> <span class='ocrx_word' id='word_1_549' title='bbox 1062 1551 1256 1579; x_wconf 85' lang='lat' dir='ltr'>dissonantiam</span> <span class='ocrx_word' id='word_1_550' title='bbox 1277 1550 1380 1579; x_wconf 87' lang='lat' dir='ltr'>nullam</span> <span class='ocrx_word' id='word_1_551' title='bbox 1400 1560 1490 1578; x_wconf 78' lang='lat' dir='ltr'>revera</span> <span class='ocrx_word' id='word_1_552' title='bbox 1507 1560 1572 1578; x_wconf 86' lang='lat' dir='ltr'>esse.</span> <span class='ocrx_word' id='word_1_553' title='bbox 1590 1549 1659 1577; x_wconf 84' lang='lat' dir='ltr'>Hinc</span> 
     </span>
     <span class='ocr_line' id='line_1_87' title="bbox 917 1595 1658 1635; baseline -0.004 -10"><span class='ocrx_word' id='word_1_554' title='bbox 917 1604 1006 1625; x_wconf 91' lang='lat' dir='ltr'>autem</span> <span class='ocrx_word' id='word_1_555' title='bbox 1020 1597 1117 1625; x_wconf 78' lang='lat' dir='ltr'>miram</span> <span class='ocrx_word' id='word_1_556' title='bbox 1135 1597 1183 1625; x_wconf 86' lang='lat' dir='ltr'>Dei</span> <span class='ocrx_word' id='word_1_557' title='bbox 1198 1596 1249 1624; x_wconf 88' lang='lat' dir='ltr'>hac</span> <span class='ocrx_word' id='word_1_558' title='bbox 1265 1597 1291 1624; x_wconf 92' lang='lat' dir='ltr'>in</span> <span class='ocrx_word' id='word_1_559' title='bbox 1309 1607 1337 1624; x_wconf 92' lang='lat' dir='ltr'>re</span> <span class='ocrx_word' id='word_1_560' title='bbox 1351 1595 1548 1635; x_wconf 72' lang='lat' dir='ltr'>providentiam</span> <span class='ocrx_word' id='word_1_561' title='bbox 1566 1595 1658 1623; x_wconf 88' lang='lat' dir='ltr'>decla-</span> 
     </span>
     <span class='ocr_line' id='line_1_88' title="bbox 918 1641 1660 1681; baseline -0.003 -10"><span class='ocrx_word' id='word_1_562' title='bbox 918 1643 970 1671; x_wconf 89' lang='lat' dir='ltr'>rari</span> <span class='ocrx_word' id='word_1_563' title='bbox 990 1643 1124 1671; x_wconf 86' lang='lat' dir='ltr'>contendit</span> <span class='ocrx_word' id='word_1_564' title='bbox 1147 1655 1154 1670; x_wconf 91' lang='grc'>.·</span> <span class='ocrx_word' id='word_1_565' title='bbox 1173 1653 1234 1671; x_wconf 84' lang='lat' dir='ltr'>nam</span> <span class='ocrx_word' id='word_1_566' title='bbox 1255 1643 1276 1671; x_wconf 91' lang='lat' dir='ltr'>si</span> <span class='ocrx_word' id='word_1_567' title='bbox 1296 1649 1411 1681; x_wconf 83' lang='lat' dir='ltr'>quatuor</span> <span class='ocrx_word' id='word_1_568' title='bbox 1429 1641 1598 1680; x_wconf 59' lang='lat' dir='ltr'>evangelistae</span> <span class='ocrx_word' id='word_1_569' title='bbox 1619 1652 1660 1669; x_wconf 81' lang='lat' dir='ltr'>res</span> 
     </span>
     <span class='ocr_line' id='line_1_89' title="bbox 918 1686 1662 1728; baseline -0.004 -11"><span class='ocrx_word' id='word_1_570' title='bbox 918 1688 1024 1717; x_wconf 84' lang='lat' dir='ltr'>easdem</span> <span class='ocrx_word' id='word_1_571' title='bbox 1040 1688 1132 1717; x_wconf 87' lang='lat' dir='ltr'>eodem</span> <span class='ocrx_word' id='word_1_572' title='bbox 1147 1699 1257 1728; x_wconf 83' lang='lat' dir='ltr'>prorsus</span> <span class='ocrx_word' id='word_1_573' title='bbox 1271 1687 1351 1716; x_wconf 85' lang='lat' dir='ltr'>modo</span> <span class='ocrx_word' id='word_1_574' title='bbox 1366 1687 1568 1721; x_wconf 84' lang='lat' dir='ltr'>recensuissent,</span> <span class='ocrx_word' id='word_1_575' title='bbox 1585 1686 1612 1714; x_wconf 88' lang='lat' dir='ltr'>id</span> <span class='ocrx_word' id='word_1_576' title='bbox 1628 1687 1662 1714; x_wconf 91' lang='lat' dir='ltr'>de</span> 
     </span>
     <span class='ocr_line' id='line_1_90' title="bbox 918 1733 1658 1763; baseline -0.003 -1"><span class='ocrx_word' id='word_1_577' title='bbox 918 1734 1048 1763; x_wconf 86' lang='lat' dir='ltr'>industria</span> <span class='ocrx_word' id='word_1_578' title='bbox 1067 1742 1092 1763; x_wconf 90' lang='lat' dir='ltr'>et</span> <span class='ocrx_word' id='word_1_579' title='bbox 1113 1734 1235 1763; x_wconf 85' lang='lat' dir='ltr'>consulto</span> <span class='ocrx_word' id='word_1_580' title='bbox 1255 1733 1355 1762; x_wconf 80' lang='lat' dir='ltr'>sactum</span> <span class='ocrx_word' id='word_1_581' title='bbox 1372 1744 1428 1762; x_wconf 86' lang='lat' dir='ltr'>esse</span> <span class='ocrx_word' id='word_1_582' title='bbox 1447 1734 1535 1761; x_wconf 74' lang='lat' dir='ltr'>visum</span> <span class='ocrx_word' id='word_1_583' title='bbox 1555 1733 1658 1760; x_wconf 83' lang='lat' dir='ltr'>suisset.</span> 
     </span>
     <span class='ocr_line' id='line_1_91' title="bbox 918 1778 1659 1818; baseline -0.005 -9"><span class='ocrx_word' id='word_1_584' title='bbox 918 1783 953 1809; x_wconf 80' lang='lat' dir='ltr'>At</span> <span class='ocrx_word' id='word_1_585' title='bbox 968 1791 1040 1809; x_wconf 88' lang='lat' dir='ltr'>nunc</span> <span class='ocrx_word' id='word_1_586' title='bbox 1054 1791 1116 1810; x_wconf 91' lang='lat' dir='ltr'>cum</span> <span class='ocrx_word' id='word_1_587' title='bbox 1129 1780 1307 1818; x_wconf 76' lang='lat' dir='ltr'>evangelistae‚</span> <span class='ocrx_word' id='word_1_588' title='bbox 1323 1790 1374 1808; x_wconf 88' lang='lat' dir='ltr'>non</span> <span class='ocrx_word' id='word_1_589' title='bbox 1389 1790 1430 1808; x_wconf 89' lang='lat' dir='ltr'>res</span> <span class='ocrx_word' id='word_1_590' title='bbox 1442 1786 1471 1807; x_wconf 94' lang='lat' dir='ltr'>ut</span> <span class='ocrx_word' id='word_1_591' title='bbox 1482 1778 1516 1806; x_wconf 92' lang='lat' dir='ltr'>ab</span> <span class='ocrx_word' id='word_1_592' title='bbox 1531 1778 1590 1806; x_wconf 86' lang='lat' dir='ltr'>aliis</span> <span class='ocrx_word' id='word_1_593' title='bbox 1603 1779 1659 1816; x_wconf 83' lang='lat' dir='ltr'>jam</span> 
     </span>
     <span class='ocr_line' id='line_1_92' title="bbox 918 1824 1659 1867; baseline -0.005 -12"><span class='ocrx_word' id='word_1_594' title='bbox 918 1826 1069 1867; x_wconf 65' lang='lat' dir='ltr'>descriptae,</span> <span class='ocrx_word' id='word_1_595' title='bbox 1086 1827 1132 1856; x_wconf 92' lang='lat' dir='ltr'>sed</span> <span class='ocrx_word' id='word_1_596' title='bbox 1155 1833 1184 1854; x_wconf 92' lang='lat' dir='ltr'>ut</span> <span class='ocrx_word' id='word_1_597' title='bbox 1207 1826 1250 1854; x_wconf 77' lang='lat' dir='ltr'>vel</span> <span class='ocrx_word' id='word_1_598' title='bbox 1268 1826 1302 1854; x_wconf 86' lang='lat' dir='ltr'>ab</span> <span class='ocrx_word' id='word_1_599' title='bbox 1323 1836 1351 1854; x_wconf 89' lang='lat' dir='ltr'>se</span> <span class='ocrx_word' id='word_1_600' title='bbox 1366 1826 1428 1854; x_wconf 84' lang='lat' dir='ltr'>visae</span> <span class='ocrx_word' id='word_1_601' title='bbox 1451 1825 1564 1861; x_wconf 81' lang='lat' dir='ltr'>fuerant,</span> <span class='ocrx_word' id='word_1_602' title='bbox 1583 1824 1625 1852; x_wconf 86' lang='lat' dir='ltr'>vel</span> <span class='ocrx_word' id='word_1_603' title='bbox 1645 1834 1659 1851; x_wconf 89' lang='lat' dir='ltr'>a</span> 
     </span>
     <span class='ocr_line' id='line_1_93' title="bbox 918 1869 1660 1911; baseline -0.004 -11"><span class='ocrx_word' id='word_1_604' title='bbox 918 1872 973 1901; x_wconf 82' lang='lat' dir='ltr'>fide</span> <span class='ocrx_word' id='word_1_605' title='bbox 994 1873 1084 1911; x_wconf 84' lang='lat' dir='ltr'>dignis</span> <span class='ocrx_word' id='word_1_606' title='bbox 1104 1872 1215 1901; x_wconf 80' lang='lat' dir='ltr'>testibus</span> <span class='ocrx_word' id='word_1_607' title='bbox 1234 1878 1399 1910; x_wconf 78' lang='lat' dir='ltr'>acceperant,</span> <span class='ocrx_word' id='word_1_608' title='bbox 1424 1876 1560 1906; x_wconf 84' lang='lat' dir='ltr'>enarrent;</span> <span class='ocrx_word' id='word_1_609' title='bbox 1578 1869 1660 1898; x_wconf 85' lang='lat' dir='ltr'>fidem</span> 
     </span>
     <span class='ocr_line' id='line_1_94' title="bbox 919 1917 1660 1955; baseline -0.003 -9"><span class='ocrx_word' id='word_1_610' title='bbox 919 1919 1028 1947; x_wconf 85' lang='lat' dir='ltr'>omnino</span> <span class='ocrx_word' id='word_1_611' title='bbox 1049 1925 1192 1947; x_wconf 86' lang='lat' dir='ltr'>merentur.</span> <span class='ocrx_word' id='word_1_612' title='bbox 1210 1917 1349 1955; x_wconf 85' lang='lat' dir='ltr'>Siquidem</span> <span class='ocrx_word' id='word_1_613' title='bbox 1374 1923 1489 1955; x_wconf 87' lang='lat' dir='ltr'>quatuor</span> <span class='ocrx_word' id='word_1_614' title='bbox 1505 1922 1566 1944; x_wconf 87' lang='lat' dir='ltr'>sunt</span> <span class='ocrx_word' id='word_1_615' title='bbox 1582 1922 1660 1944; x_wconf 86' lang='lat' dir='ltr'>testes</span> 
     </span>
     <span class='ocr_line' id='line_1_95' title="bbox 920 1961 1660 2003; baseline -0.004 -11"><span class='ocrx_word' id='word_1_616' title='bbox 920 1974 1034 2001; x_wconf 82' lang='lat' dir='ltr'>veraces,</span> <span class='ocrx_word' id='word_1_617' title='bbox 1050 1965 1096 2003; x_wconf 87' lang='lat' dir='ltr'>qui</span> <span class='ocrx_word' id='word_1_618' title='bbox 1108 1964 1129 1992; x_wconf 90' lang='lat' dir='ltr'>si</span> <span class='ocrx_word' id='word_1_619' title='bbox 1145 1975 1159 1992; x_wconf 87' lang='lat' dir='ltr'>a</span> <span class='ocrx_word' id='word_1_620' title='bbox 1172 1963 1307 2002; x_wconf 85' lang='lat' dir='ltr'>prioribus</span> <span class='ocrx_word' id='word_1_621' title='bbox 1315 1963 1371 2001; x_wconf 84' lang='lat' dir='ltr'>jam</span> <span class='ocrx_word' id='word_1_622' title='bbox 1383 1962 1453 1990; x_wconf 77' lang='lat' dir='ltr'>dicta</span> <span class='ocrx_word' id='word_1_623' title='bbox 1462 1961 1589 1989; x_wconf 82' lang='lat' dir='ltr'>referrent</span> <span class='ocrx_word' id='word_1_624' title='bbox 1600 1967 1660 1989; x_wconf 77' lang='lat' dir='ltr'>tan-</span> 
     </span>
     <span class='ocr_line' id='line_1_96' title="bbox 922 2008 1378 2049; baseline -0.004 -11"><span class='ocrx_word' id='word_1_625' title='bbox 922 2016 987 2046; x_wconf 86' lang='lat' dir='ltr'>tum,</span> <span class='ocrx_word' id='word_1_626' title='bbox 1000 2021 1049 2049; x_wconf 91' lang='lat' dir='ltr'>pro</span> <span class='ocrx_word' id='word_1_627' title='bbox 1063 2021 1115 2038; x_wconf 93' lang='lat' dir='ltr'>uno</span> <span class='ocrx_word' id='word_1_628' title='bbox 1126 2009 1226 2038; x_wconf 84' lang='lat' dir='ltr'>censeri</span> <span class='ocrx_word' id='word_1_629' title='bbox 1241 2008 1378 2036; x_wconf 87' lang='lat' dir='ltr'>deberent.</span> 
     </span>
    </p>

    <p class='ocr_par' dir='ltr' id='par_1_13' title="bbox 922 2052 1663 2229">
     <span class='ocr_line' id='line_1_97' title="bbox 961 2052 1661 2084; baseline -0.006 0"><span class='ocrx_word' id='word_1_630' title='bbox 961 2056 1109 2084; x_wconf 61' lang='lat' dir='ltr'>Antiochiae</span> <span class='ocrx_word' id='word_1_631' title='bbox 1129 2062 1217 2083; x_wconf 87' lang='lat' dir='ltr'>autem</span> <span class='ocrx_word' id='word_1_632' title='bbox 1238 2054 1343 2083; x_wconf 87' lang='lat' dir='ltr'>habitas</span> <span class='ocrx_word' id='word_1_633' title='bbox 1361 2053 1442 2082; x_wconf 89' lang='lat' dir='ltr'>fuisse</span> <span class='ocrx_word' id='word_1_634' title='bbox 1459 2053 1508 2081; x_wconf 74' lang='lat' dir='ltr'>has</span> <span class='ocrx_word' id='word_1_635' title='bbox 1522 2052 1661 2081; x_wconf 87' lang='lat' dir='ltr'>conciones</span> 
     </span>
     <span class='ocr_line' id='line_1_98' title="bbox 922 2098 1663 2141; baseline -0.005 -11"><span class='ocrx_word' id='word_1_636' title='bbox 922 2101 1090 2141; x_wconf 76' lang='lat' dir='ltr'>exploratum</span> <span class='ocrx_word' id='word_1_637' title='bbox 1105 2108 1154 2135; x_wconf 87' lang='lat' dir='ltr'>est,</span> <span class='ocrx_word' id='word_1_638' title='bbox 1170 2107 1199 2128; x_wconf 91' lang='lat' dir='ltr'>ut</span> <span class='ocrx_word' id='word_1_639' title='bbox 1214 2100 1345 2128; x_wconf 77' lang='lat' dir='ltr'>diximus.</span> <span class='ocrx_word' id='word_1_640' title='bbox 1362 2100 1403 2127; x_wconf 88' lang='lat' dir='ltr'>De</span> <span class='ocrx_word' id='word_1_641' title='bbox 1415 2109 1485 2127; x_wconf 86' lang='lat' dir='ltr'>anno</span> <span class='ocrx_word' id='word_1_642' title='bbox 1500 2098 1570 2126; x_wconf 83' lang='lat' dir='ltr'>nihil</span> <span class='ocrx_word' id='word_1_643' title='bbox 1584 2098 1663 2126; x_wconf 86' lang='lat' dir='ltr'>habc-</span> 
     </span>
     <span class='ocr_line' id='line_1_99' title="bbox 922 2144 1662 2185; baseline -0.007 -8"><span class='ocrx_word' id='word_1_644' title='bbox 922 2159 999 2185; x_wconf 79' lang='lat' dir='ltr'>mus3</span> <span class='ocrx_word' id='word_1_645' title='bbox 1022 2147 1052 2175; x_wconf 90' lang='lat' dir='ltr'>id</span> <span class='ocrx_word' id='word_1_646' title='bbox 1071 2154 1159 2175; x_wconf 84' lang='lat' dir='ltr'>autem</span> <span class='ocrx_word' id='word_1_647' title='bbox 1179 2153 1280 2175; x_wconf 88' lang='lat' dir='ltr'>certum</span> <span class='ocrx_word' id='word_1_648' title='bbox 1300 2156 1356 2174; x_wconf 86' lang='lat' dir='ltr'>esse</span> <span class='ocrx_word' id='word_1_649' title='bbox 1375 2144 1494 2179; x_wconf 75' lang='lat' dir='ltr'>videtur,</span> <span class='ocrx_word' id='word_1_650' title='bbox 1518 2154 1570 2172; x_wconf 91' lang='lat' dir='ltr'>non</span> <span class='ocrx_word' id='word_1_651' title='bbox 1585 2153 1662 2183; x_wconf 82' lang='lat' dir='ltr'>posse</span> 
     </span>
     <span class='ocr_line' id='line_1_100' title="bbox 923 2190 1413 2229; baseline -0.004 -8"><span class='ocrx_word' id='word_1_652' title='bbox 923 2193 950 2221; x_wconf 89' lang='lat' dir='ltr'>in</span> <span class='ocrx_word' id='word_1_653' title='bbox 965 2204 1047 2222; x_wconf 86' lang='lat' dir='ltr'>annos</span> <span class='ocrx_word' id='word_1_654' title='bbox 1057 2193 1124 2227; x_wconf 80' lang='lat'>586,</span> <span class='ocrx_word' id='word_1_655' title='bbox 1139 2192 1208 2229; x_wconf 77' lang='lat'>587,</span> <span class='ocrx_word' id='word_1_656' title='bbox 1224 2191 1293 2226; x_wconf 68' lang='lat'>588,</span> <span class='ocrx_word' id='word_1_657' title='bbox 1311 2190 1413 2220; x_wconf 87' lang='lat' dir='ltr'>referri.</span> 
     </span>
    </p>
   </div>
   <div class='ocr_carea' id='block_1_7' title="bbox 964 2235 1703 2277">
    <p class='ocr_par' dir='ltr' id='par_1_14' title="bbox 964 2235 1703 2277">
     <span class='ocr_line' id='line_1_101' title="bbox 964 2235 1703 2277; baseline -0.005 -10"><span class='ocrx_word' id='word_1_658' title='bbox 964 2241 1055 2277; x_wconf 68' lang='lat' dir='ltr'>Neque</span> <span class='ocrx_word' id='word_1_659' title='bbox 1074 2238 1178 2267; x_wconf 81' lang='lat' dir='ltr'>silentio</span> <span class='ocrx_word' id='word_1_660' title='bbox 1197 2236 1453 2277; x_wconf 66' lang='lat' dir='ltr'>praetermittendum</span> <span class='ocrx_word' id='word_1_661' title='bbox 1475 2242 1525 2272; x_wconf 85' lang='lat' dir='ltr'>est,</span> <span class='ocrx_word' id='word_1_662' title='bbox 1541 2235 1570 2264; x_wconf 85' lang='lat' dir='ltr'>id</span> <span class='ocrx_word' id='word_1_663' title='bbox 1589 2235 1662 2274; x_wconf 88' lang='lat' dir='ltr'>quod</span> <span class='ocrx_word' id='word_1_664' title='bbox 1675 2256 1703 2277; x_wconf 32' lang='lat' dir='ltr'>T,</span> 
     </span>
    </p>
   </div>
   <div class='ocr_carea' id='block_1_8' title="bbox 1708 2256 1814 2286">
    <p class='ocr_par' dir='ltr' id='par_1_15' title="bbox 1708 2256 1814 2286">
     <span class='ocr_line' id='line_1_102' title="bbox 1708 2256 1814 2286; baseline -0.009 -9"><span class='ocrx_word' id='word_1_665' title='bbox 1708 2265 1719 2286; x_wconf 94' lang='lat'>7</span> <span class='ocrx_word' id='word_1_666' title='bbox 1734 2256 1814 2284; x_wconf 68' lang='lat' dir='ltr'>p.‘287.</span> 
     </span>
    </p>
   </div>
   <div class='ocr_carea' id='block_1_9' title="bbox 925 2282 1762 2322">
    <p class='ocr_par' dir='ltr' id='par_1_16' title="bbox 925 2282 1762 2322">
     <span class='ocr_line' id='line_1_103' title="bbox 925 2282 1762 2322; baseline -0.005 -8"><span class='ocrx_word' id='word_1_667' title='bbox 925 2286 952 2315; x_wconf 89' lang='lat' dir='ltr'>in</span> <span class='ocrx_word' id='word_1_668' title='bbox 964 2286 1015 2314; x_wconf 88' lang='lat' dir='ltr'>hoc</span> <span class='ocrx_word' id='word_1_669' title='bbox 1029 2284 1226 2313; x_wconf 77' lang='lat' dir='ltr'>Commentario</span> <span class='ocrx_word' id='word_1_670' title='bbox 1241 2283 1374 2322; x_wconf 83' lang='lat' dir='ltr'>opinando</span> <span class='ocrx_word' id='word_1_671' title='bbox 1391 2282 1559 2317; x_wconf 83' lang='lat' dir='ltr'>testificatur,</span> <span class='ocrx_word' id='word_1_672' title='bbox 1580 2282 1661 2310; x_wconf 86' lang='lat' dir='ltr'>nimi·</span> <span class='ocrx_word' id='word_1_673' title='bbox 1676 2296 1696 2308; x_wconf 79' lang='lat' dir='ltr'>e.</span> <span class='ocrx_word' id='word_1_674' title='bbox 1710 2288 1762 2310; x_wconf 66' lang='lat'><em>2¹38.</em></span> 
     </span>
    </p>
   </div>
   <div class='ocr_carea' id='block_1_10' title="bbox 927 2327 1664 2413">
    <p class='ocr_par' dir='ltr' id='par_1_17' title="bbox 927 2327 1664 2413">
     <span class='ocr_line' id='line_1_104' title="bbox 927 2327 1664 2368; baseline -0.007 -7"><span class='ocrx_word' id='word_1_675' title='bbox 927 2343 986 2362; x_wconf 91' lang='lat' dir='ltr'>rum</span> <span class='ocrx_word' id='word_1_676' title='bbox 1006 2332 1086 2360; x_wconf 79' lang='lat' dir='ltr'>finem</span> <span class='ocrx_word' id='word_1_677' title='bbox 1102 2330 1196 2358; x_wconf 88' lang='lat' dir='ltr'>mundi</span> <span class='ocrx_word' id='word_1_678' title='bbox 1212 2330 1269 2368; x_wconf 86' lang='lat' dir='ltr'>jam</span> <span class='ocrx_word' id='word_1_679' title='bbox 1285 2329 1442 2368; x_wconf 79' lang='lat' dir='ltr'>proximum</span> <span class='ocrx_word' id='word_1_680' title='bbox 1463 2339 1527 2357; x_wconf 86' lang='lat' dir='ltr'>esse.</span> <span class='ocrx_word' id='word_1_681' title='bbox 1547 2327 1579 2356; x_wconf 90' lang='lat' dir='ltr'>Id</span> <span class='ocrx_word' id='word_1_682' title='bbox 1601 2337 1664 2356; x_wconf 71' lang='lat' dir='ltr'>vero</span> 
     </span>
     <span class='ocr_line' id='line_1_105' title="bbox 927 2374 1664 2413; baseline -0.007 -7"><span class='ocrx_word' id='word_1_683' title='bbox 927 2378 1025 2406; x_wconf 89' lang='lat' dir='ltr'>clarius</span> <span class='ocrx_word' id='word_1_684' title='bbox 1036 2376 1156 2405; x_wconf 86' lang='lat' dir='ltr'>enuntiat</span> <span class='ocrx_word' id='word_1_685' title='bbox 1168 2376 1194 2404; x_wconf 93' lang='lat' dir='ltr'>in</span> <span class='ocrx_word' id='word_1_686' title='bbox 1205 2375 1325 2413; x_wconf 88' lang='lat' dir='ltr'>sequenti</span> <span class='ocrx_word' id='word_1_687' title='bbox 1337 2374 1534 2404; x_wconf 86' lang='lat' dir='ltr'>Commentario</span> <span class='ocrx_word' id='word_1_688' title='bbox 1546 2374 1573 2402; x_wconf 91' lang='lat' dir='ltr'>in</span> <span class='ocrx_word' id='word_1_689' title='bbox 1583 2375 1664 2403; x_wconf 77' lang='lat' dir='ltr'>Joan-</span> 
     </span>
    </p>
   </div>
   <div class='ocr_carea' id='block_1_11' title="bbox 929 2466 1673 2647">
    <p class='ocr_par' dir='ltr' id='par_1_18' title="bbox 929 2466 1673 2647">
     <span class='ocr_line' id='line_1_106' title="bbox 929 2466 1665 2503; baseline -0.008 -5"><span class='ocrx_word' id='word_1_690' title='bbox 929 2470 1027 2498; x_wconf 83' lang='lat' dir='ltr'>simum</span> <span class='ocrx_word' id='word_1_691' title='bbox 1042 2479 1097 2497; x_wconf 88' lang='lat' dir='ltr'>esse</span> <span class='ocrx_word' id='word_1_692' title='bbox 1108 2468 1187 2496; x_wconf 83' lang='lat' dir='ltr'>finem</span> <span class='ocrx_word' id='word_1_693' title='bbox 1202 2467 1360 2503; x_wconf 79' lang='lat' dir='ltr'>dixerimus,</span> <span class='ocrx_word' id='word_1_694' title='bbox 1375 2476 1426 2494; x_wconf 88' lang='lat' dir='ltr'>non</span> <span class='ocrx_word' id='word_1_695' title='bbox 1440 2466 1635 2494; x_wconf 81' lang='lat' dir='ltr'>aberrabimus.</span> <span class='ocrx_word' id='word_1_696' title='bbox 1651 2478 1665 2491; x_wconf 73' lang='lat' dir='ltr'>n</span> 
     </span>
     <span class='ocr_line' id='line_1_107' title="bbox 930 2510 1669 2555; baseline -0.009 -11"><span class='ocrx_word' id='word_1_697' title='bbox 930 2515 1029 2555; x_wconf 88' lang='lat' dir='ltr'>Opinio</span> <span class='ocrx_word' id='word_1_698' title='bbox 1050 2515 1119 2543; x_wconf 88' lang='lat' dir='ltr'>enim</span> <span class='ocrx_word' id='word_1_699' title='bbox 1141 2513 1287 2542; x_wconf 86' lang='lat' dir='ltr'>multorum</span> <span class='ocrx_word' id='word_1_700' title='bbox 1306 2520 1414 2552; x_wconf 87' lang='lat' dir='ltr'>patrum</span> <span class='ocrx_word' id='word_1_701' title='bbox 1434 2512 1519 2539; x_wconf 85' lang='lat' dir='ltr'>suerat</span> <span class='ocrx_word' id='word_1_702' title='bbox 1537 2510 1669 2539; x_wconf 90' lang='lat' dir='ltr'>mundum</span> 
     </span>
     <span class='ocr_line' id='line_1_108' title="bbox 931 2557 1669 2594; baseline -0.009 -4"><span class='ocrx_word' id='word_1_703' title='bbox 931 2572 978 2590; x_wconf 81' lang='lat' dir='ltr'>sex</span> <span class='ocrx_word' id='word_1_704' title='bbox 993 2561 1067 2589; x_wconf 89' lang='lat' dir='ltr'>mille</span> <span class='ocrx_word' id='word_1_705' title='bbox 1084 2559 1160 2588; x_wconf 89' lang='lat' dir='ltr'>annis</span> <span class='ocrx_word' id='word_1_706' title='bbox 1176 2559 1337 2588; x_wconf 88' lang='lat' dir='ltr'>duraturum</span> <span class='ocrx_word' id='word_1_707' title='bbox 1355 2568 1420 2594; x_wconf 88' lang='lat' dir='ltr'>esse,</span> <span class='ocrx_word' id='word_1_708' title='bbox 1436 2564 1466 2585; x_wconf 87' lang='lat' dir='ltr'>ut</span> <span class='ocrx_word' id='word_1_709' title='bbox 1484 2557 1520 2584; x_wconf 83' lang='lat' dir='ltr'>ait</span> <span class='ocrx_word' id='word_1_710' title='bbox 1535 2557 1651 2584; x_wconf 74' lang='lat' dir='ltr'>lrenaeus</span> <span class='ocrx_word' id='word_1_711' title='bbox 1662 2578 1669 2589; x_wconf 90' lang='lat'>,</span> 
     </span>
     <span class='ocr_line' id='line_1_109' title="bbox 932 2602 1673 2647; baseline -0.007 -12"><span class='ocrx_word' id='word_1_712' title='bbox 932 2608 977 2647; x_wconf 88' lang='lat' dir='ltr'>qni</span> <span class='ocrx_word' id='word_1_713' title='bbox 994 2618 1021 2637; x_wconf 89' lang='lat' dir='ltr'>se</span> <span class='ocrx_word' id='word_1_714' title='bbox 1036 2606 1063 2636; x_wconf 88' lang='lat' dir='ltr'>id</span> <span class='ocrx_word' id='word_1_715' title='bbox 1078 2606 1113 2636; x_wconf 87' lang='lat' dir='ltr'>ab</span> <span class='ocrx_word' id='word_1_716' title='bbox 1127 2606 1160 2635; x_wconf 84' lang='lat' dir='ltr'>iis</span> <span class='ocrx_word' id='word_1_717' title='bbox 1173 2605 1315 2634; x_wconf 88' lang='lat' dir='ltr'>edidicisse</span> <span class='ocrx_word' id='word_1_718' title='bbox 1330 2604 1499 2641; x_wconf 80' lang='lat' dir='ltr'>testificatur,</span> <span class='ocrx_word' id='word_1_719' title='bbox 1521 2602 1566 2641; x_wconf 80' lang='lat' dir='ltr'>qui</span> <span class='ocrx_word' id='word_1_720' title='bbox 1587 2603 1673 2632; x_wconf 82' lang='lat' dir='ltr'>Joan-</span> 
     </span>
    </p>
   </div>
   <div class='ocr_carea' id='block_1_12' title="bbox 928 2394 1816 2458">
    <p class='ocr_par' dir='ltr' id='par_1_19' title="bbox 928 2394 1816 2458">
     <span class='ocr_line' id='line_1_110' title="bbox 928 2394 1816 2458; baseline -0.046 -5"><span class='ocrx_word' id='word_1_721' title='bbox 928 2434 998 2457; x_wconf 85' lang='lat' dir='ltr'>nem,</span> <span class='ocrx_word' id='word_1_722' title='bbox 1017 2423 1062 2451; x_wconf 80' lang='lat' dir='ltr'>ubi</span> <span class='ocrx_word' id='word_1_723' title='bbox 1080 2422 1146 2450; x_wconf 89' lang='lat' dir='ltr'>dicit</span> <span class='ocrx_word' id='word_1_724' title='bbox 1161 2434 1167 2450; x_wconf 89' lang='lat'><strong>:</strong></span> <span class='ocrx_word' id='word_1_725' title='bbox 1184 2434 1197 2448; x_wconf 78' lang='grc' dir='ltr'>(ι</span> <span class='ocrx_word' id='word_1_726' title='bbox 1213 2421 1243 2450; x_wconf 84' lang='lat' dir='ltr'>Si</span> <span class='ocrx_word' id='word_1_727' title='bbox 1257 2427 1295 2449; x_wconf 81' lang='lat' dir='ltr'>tot</span> <span class='ocrx_word' id='word_1_728' title='bbox 1309 2431 1440 2449; x_wconf 75' lang='lat' dir='ltr'>annorum</span> <span class='ocrx_word' id='word_1_729' title='bbox 1456 2419 1664 2458; x_wconf 45' lang='lat' dir='ltr'>quadringenle‘</span> <span class='ocrx_word' id='word_1_730' title='bbox 1678 2394 1723 2450; x_wconf 54' lang='lat' dir='ltr'>&#39;&#39;1&#39;&#39;ss</span> <span class='ocrx_word' id='word_1_731' title='bbox 1737 2400 1816 2423; x_wconf 52' lang='lat' dir='ltr'>[hmo.</span> 
     </span>
    </p>
   </div>
  </div>
 </body>
</html>
