1950 2922
78 867 163 888 P..tt.1‹t.
182 876 204 896 p.

66 906 104 919 .)υ.
118 903 138 918 et
157 907 202 927 sqq,

220 187 283 222 168
689 199 717 222 s.

216 263 350 297 thamus,
364 261 517 290 vocabatur.
529 261 596 296 Quis
615 268 680 289 essct
692 260 838 299 Theophili
849 260 954 287 animus

215 318 276 346 erga
291 309 418 337 joannem
428 309 483 347 jam
497 307 615 336 vidimus
629 329 635 342 ,
651 317 711 334 cum
726 305 759 333 dc
774 306 857 344 ipsius
868 306 950 333 Joan-

217 355 257 382 nis
276 354 442 383 ordinatione
462 354 489 383 in
505 355 659 393 episcopum
678 351 951 390 (lonstantinopolita-

217 411 281 428 num
304 411 440 438 ageremus
455 400 590 429 :vidimus
614 398 690 425 illum
714 397 829 425 inritum
849 397 955 424 ordina-

217 446 287 474 visse
301 448 428 475 Joannem
442 469 448 481 ,
462 446 538 483 cnjus
560 451 585 472 et
605 443 687 471 animi
708 443 863 471 firmitatem
877 449 901 470 et
916 442 954 470 lo-

218 492 317 528 qucndi
334 492 483 519 libertatem
497 489 648 524 metuebat,
659 499 744 527 neque
759 499 885 526 umquam
907 488 954 516 de-

218 537 315 565 stitisse
330 536 474 576 putabatur
490 547 504 564 a
526 535 661 575 proposito
673 535 749 563 illum
765 546 778 563 a
791 534 851 563 sede
861 533 954 563 detur-

217 582 298 610 bandi
310 605 318 616 ,
333 583 417 610 sicubi
431 593 485 611 sese
499 581 601 610 occasio
610 582 724 610 offerret.

259 628 363 657 Accidit
383 635 470 656 autem
489 628 540 656 hoc
561 628 665 656 circiter
693 634 810 666 tempore
833 627 956 655 Fratrum

218 675 373 714 Longorum
395 676 549 714 negotium,
563 675 632 713 quod
650 675 780 703 tumultus
800 683 909 712 magnos
930 673 956 700 in
971 676 974 678 ’

220 720 352 749 Orientali
372 721 488 750 Ecclesia
503 721 661 754 concitavit,
674 727 697 748 et
715 719 777 748 iude
789 718 957 758 Theophilus

218 776 310 794 ansam
323 767 437 806 arripuit
455 773 484 794 ut
499 767 525 794 in
541 767 762 805 Chrysostomum
774 764 889 794 saeviret.
900 766 954 794 Ve-

220 822 281 839 rum
295 823 336 840 res
350 819 388 841 est
403 813 482 840 altius
496 813 645 852 repetenda.

258 858 355 886 Narrat
370 858 506 887 Palladius
518 881 526 895 ‚
546 858 680 887 Isidorum
692 857 834 895 quemdam
847 856 954 895 presby·

218 911 304 932 terum
325 905 539 942 octogenarium,
561 915 575 932 a
595 903 748 943 Theophilo
771 902 955 931 Alexandrino

218 950 331 990 praesule
356 951 446 989 inique
469 958 614 985 vexatum,
639 949 672 978 ad
692 949 835 978 monachos
857 948 955 976 montis

218 997 311 1025 Nitriae
327 997 483 1035 confugisse.
500 997 683 1036 Theophilum
704 1006 768 1024 vero
780 1017 786 1029 ‚
799 1005 878 1033 quem
900 994 956 1032 ipsc

219 1049 249 1070 ut
263 1043 381 1070 oninium
404 1042 577 1070 vaferrimum
593 1048 618 1070 ct
633 1041 850 1070 scelestissimum
865 1039 956 1078 depin-

220 1089 277 1127 gii,
293 1089 319 1116 in
334 1089 475 1117 monachos
490 1089 550 1117 illos
562 1088 678 1116 saeviisse
690 1111 696 1123 ‚
706 1088 866 1126 jussisscque
878 1095 957 1123 quos-

217 1136 281 1163 dam
297 1146 310 1163 e
324 1135 460 1174 primariis
480 1145 513 1163 ex
536 1134 660 1162 interiore
677 1145 764 1162 eremo
788 1132 894 1172 depelli.
911 1131 954 1159 llli

217 1190 280 1208 vero
292 1181 414 1208 monachi
427 1191 487 1208 cnm
503 1181 643 1208 Ammonio
653 1179 769 1217 quodam
781 1201 787 1213 ,
800 1179 860 1207 viro
872 1187 955 1216 gran-

217 1226 293 1254 daevo
308 1233 333 1254 et
345 1226 491 1255 venerabili
507 1249 513 1259 ,
535 1226 718 1264 Theophilum
734 1225 848 1259 adeunt,
865 1232 889 1252 et
903 1235 954 1262 qua

217 1271 251 1299 de
275 1281 352 1299 causa
374 1272 508 1310 pellantur
527 1278 637 1309 rogant;
652 1278 708 1298 tum
723 1271 768 1298 ille
783 1270 955 1298 Ammonium

216 1317 303 1355 plagis
318 1324 406 1345 onerat
418 1339 424 1350 ⁷
440 1324 464 1345 ct
476 1317 619 1345 monachos
632 1317 705 1354 quasi
718 1317 842 1355 Origenis
856 1317 955 1345 errori-

216 1362 267 1390 bus
278 1362 387 1391 infectos
402 1362 514 1402 repellit.
529 1362 574 1390 Illi
586 1373 649 1391 vero
663 1362 698 1390 ad
710 1364 813 1391 Montes
827 1362 952 1397 redeunt,

217 1415 242 1436 et
267 1409 438 1437 monasticam
463 1410 548 1437 vitam
572 1415 602 1436 ut
626 1409 700 1447 prius
724 1416 856 1438 exercent.
877 1409 955 1437 Tunc

218 1453 385 1493 Theophilus
397 1454 536 1482 advocatis
556 1454 653 1482 vicinis
668 1455 797 1493 episcopis
813 1455 955 1494 Synodum

217 1499 332 1527 celebrat
344 1523 350 1531 ,
360 1500 503 1528 monachos
515 1510 562 1528 nec
574 1499 677 1528 auditos
690 1500 799 1528 damnat
809 1513 815 1535 3
825 1498 876 1529 tres
888 1511 952 1529 vero

218 1555 251 1573 ex
273 1545 414 1584 praecipuis
429 1568 436 1579 ,
458 1556 572 1583 quorum
601 1556 669 1573 unns
701 1546 859 1574 Ammonius
882 1553 936 1574 erat
947 1569 954 1581 ‚

219 1591 441 1619 excommunicat.
456 1591 541 1619 Mittit
562 1591 607 1628 qui
631 1591 774 1619 monachos
797 1592 898 1631 pellant
923 1603 957 1621 ex

219 1637 293 1665 cellis
308 1644 334 1665 et
347 1637 513 1665 monasteriis
524 1636 590 1665 suis.
606 1637 648 1665 Illi
662 1648 726 1666 vero
741 1638 767 1666 in
784 1638 953 1666 Palaestinam

218 1683 337 1721 primum
352 1683 461 1722 profecti
475 1690 545 1711 sunt.

261 1728 325 1757 Inde
336 1739 399 1757 vcro
411 1729 658 1768 Constantinopolin
671 1737 813 1765 venerunt,
825 1730 872 1758 ubi
883 1731 959 1768 qnin-

219 1774 345 1812 quaginta
360 1784 469 1802 nnmcro
483 1773 518 1802 ad
533 1774 642 1803 Joannis
655 1774 771 1814 episcopi
789 1786 872 1813 genna
892 1787 956 1814 pro—

222 1820 307 1847 voluti
334 1827 426 1859 rogant
438 1843 445 1856 ‚
463 1831 489 1848 se
513 1830 574 1848 cnm
600 1820 752 1860 Theophilo
777 1822 899 1860 episcopo
921 1833 959 1850 re-

221 1866 361 1900 conciliet,
376 1873 403 1893 nt
419 1872 523 1893 montes
539 1873 564 1893 et
576 1865 631 1893 loca
647 1876 692 1894 sua
709 1877 727 1894 rt
736 1874 825 1906 petere
838 1868 957 1906 possint:

221 1911 339 1949 alioquin
355 1922 416 1939 vero
431 1922 456 1939 sc
470 1912 658 1950 Imperatorem
668 1911 787 1940 adituros
799 1935 807 1949 ‚
824 1919 853 1940 ut
875 1924 958 1952 prava

221 1958 294 1985 illius
305 1958 330 1985 in
344 1957 469 1986 Ecclesiae
481 1957 670 1985 contumeliam
685 1958 801 1987 facinora
815 1967 954 1998 exponant.

223 2003 295 2031 Tum
317 2003 524 2042 Chrysostomus
545 2002 604 2031 illos
619 2001 730 2032 libenter
744 2005 866 2043 excepit,
882 2015 960 2043 seque

222 2049 374 2087 Theophilo
397 2049 559 2088 scripturum
575 2049 711 2088 pollicitus
737 2057 782 2079 est.
806 2051 845 2078 De
868 2058 961 2080 caetero

223 2095 365 2123 monachos
380 2095 456 2129 illos,
472 2094 517 2133 qni
533 2095 639 2124 Fratres
653 2095 738 2134 Longi
758 2107 771 2124 a
792 2103 892 2125 statura
909 2108 960 2126 vo-

222 2148 327 2175 cantur,
336 2141 438 2168 monuit
452 2147 543 2168 utrem
552 2140 656 2168 silentio
669 2148 793 2179 tegerent,
802 2141 886 2170 donec
895 2143 961 2180 quid

222 2187 250 2215 in
265 2193 351 2215 mente
372 2186 480 2214 haberet
503 2187 671 2225 Theophilus
687 2188 895 2226 comperissent:
912 2189 960 2217 ho-

223 2232 334 2271 spitium
351 2239 439 2260 autem
461 2232 515 2260 illis
534 2233 681 2270 assignavit
705 2233 732 2261 in
757 2234 883 2270 ecclesia,
900 2246 959 2273 quae

224 2278 362 2307 Anastasia
379 2278 531 2306 vocabatur.
544 2278 586 2306 Ad
600 2279 702 2307 victum
712 2286 800 2307 autem
812 2281 957 2309 necessaria

224 2324 288 2362 ipsis
309 2322 515 2362 suppeditabant
531 2323 654 2351 mulieres
668 2324 790 2361 quaedam
805 2325 935 2363 religiosae
948 2338 957 2363 5

223 2369 274 2408 ipsi
289 2378 393 2406 quoque
419 2368 539 2395 nonnihil
561 2369 727 2397 conserebant
751 2380 783 2398 ex
804 2382 882 2410 opere
905 2383 959 2400 ma-

224 2425 316 2442 nuum.
334 2414 416 2441 Erant
432 2420 494 2441 tunc
509 2414 736 2453 Constantinopoli
750 2416 860 2453 quidam
871 2418 961 2447 Theo-

223 2459 292 2499 phili
320 2459 408 2487 clerici
421 2481 428 2494 ‚
442 2459 499 2497 ejus
522 2459 624 2496 negotia
649 2468 777 2498 gerentes.
800 2463 847 2491 His
868 2464 959 2493 accitis

223 2507 336 2535 =loannes
349 2511 518 2544 percontatus
533 2511 570 2532 est
585 2527 592 2540 ‚
605 2515 637 2532 an
659 2507 802 2535 monachos
817 2508 880 2537 istos
895 2520 959 2538 nos·

224 2558 290 2579 sent.
302 2550 345 2578 Illi
361 2561 388 2578 sc
401 2550 483 2589 probe
496 2550 555 2578 illos
570 2550 673 2579 novisse
681 2551 818 2587 dixerunt,
827 2561 851 2582 et
860 2555 959 2584 violen-

225 2598 289 2625 tiam
307 2607 429 2635 magnam
444 2607 579 2635 perpessos
591 2607 646 2626 csse
656 2598 716 2626 sassi
729 2605 798 2628 sunt.
813 2600 852 2628 Dc
864 2607 958 2631 cwtcro

747 199 886 223 JOANNJS
912 197 1140 221 cuttvSOSTOMt
1167 197 1259 228 VITA,

1005 260 1134 287 Joannem
1149 269 1275 287 monuere
1287 281 1295 294 ,
1312 266 1341 287 ut
1359 269 1390 288 ne
1410 259 1470 288 illos
1481 260 1514 288 ad
1528 260 1741 290 communionem
1750 266 1789 288 145

1005 303 1157 332 admitteret
1167 326 1174 339 ,
1184 315 1216 332 nc
1225 305 1407 344 Theophilum
1421 306 1603 342 exacerbaret;
1616 317 1676 335 cum
1689 307 1742 336 iltis

1005 355 1091 377 tamen
1104 349 1218 387 benigne
1228 357 1315 386 ageret
1328 374 1335 385 ‚
1348 357 1377 378 ut
1389 351 1498 379 decebat
1509 351 1672 390 episcopum.

1043 395 1087 422 Sic
1101 396 1215 424 Joannes
1235 396 1294 424 illos
1308 396 1341 424 ad
1357 396 1570 424 communionem
1589 407 1640 425 non
1655 397 1744 426 admi-

1007 440 1056 477 sit3
1073 440 1118 468 sed
1134 441 1168 468 ad
1182 441 1366 480 Theophilum
1380 442 1497 481 scripsit,
1512 452 1540 470 se
1553 442 1640 470 fitium
1656 450 1682 471 et
1695 443 1747 472 fra-

1006 494 1073 514 trem
1089 486 1171 524 ipsius
1190 486 1296 523 dicens,
1312 498 1407 525 rogans
1422 488 1482 516 illos
1495 487 1605 516 demum
1618 487 1746 517 admitte-

1006 539 1044 560 ret
1057 540 1082 559 et
1093 532 1309 571 amplecteretur.
1330 534 1358 562 Μ
1375 533 1480 571 negavit
1498 533 1682 572 Theophilu53
1701 534 1747 563 sed

1007 577 1135 614 quosdam
1153 578 1223 606 misit
1239 579 1272 607 ad
1293 580 1467 608 contentiosas
1481 579 1625 608 verborum
1644 589 1752 618 pugnas

1007 623 1181 660 exercitatos,
1198 624 1243 661 qui
1259 624 1380 653 libellum
1397 635 1505 663 precum
1521 624 1617 654 Joanni
1631 624 1726 653 darent
1737 647 1746 661 ,

1007 668 1151 697 mendaciis
1173 676 1197 698 et
1217 670 1360 699 calumniis
1379 670 1509 699 adversus
1530 670 1675 699 monachos
1691 670 1748 709 ple-

1007 714 1166 751 nissimum,
1182 722 1212 743 ut
1229 716 1350 744 monaehi
1366 716 1406 744 illi
1422 716 1448 744 in
1464 715 1566 744 Palatio
1585 716 1660 753 quasi
1679 726 1747 755 prae-

1007 760 1156 798 stigiatores
1180 761 1265 799 digito
1283 768 1500 790 monstrarentur.
1521 761 1649 790 Monachi
1667 772 1747 798 vero,

1009 813 1038 834 ut
1052 806 1177 835 viderunt
1193 807 1294 836 nullam
1310 807 1361 835 sibi
1374 807 1519 846 Theophili
1534 807 1660 846 placandi
1675 807 1748 836 viam

1008 864 1153 892 superesse,
1171 865 1197 882 se
1210 861 1316 893 paratos
1330 864 1385 882 csse
1399 853 1516 882 dicentes
1530 853 1565 881 ad
1578 863 1683 881 omnem
1697 853 1749 882 fal-

1006 910 1066 927 sam
1089 899 1238 928 doctrinam
1259 900 1593 934 anathematizandam&
1615 899 1751 938 supplices

1008 945 1113 974 libellos
1131 946 1228 975 Joanni
1243 946 1376 981 offerunt,
1398 945 1442 973 ubi
1461 944 1608 984 Theophili
1626 945 1750 983 tyranni-

1008 993 1069 1020 dem
1088 993 1180 1020 multis
1194 992 1380 1031 exprimebant
1392 1014 1400 1028 ‚
1423 991 1529 1028 aliaque
1547 990 1747 1029 adjungebant,

1009 1048 1068 1075 quae
1082 1038 1177 1066 referre
1189 1037 1297 1077 pudeat.
1311 1039 1383 1066 Tum
1399 1039 1511 1067 joannes
1526 1043 1551 1064 et
1566 1047 1613 1075 per
1624 1047 1652 1065 se
1665 1044 1690 1065 et
1703 1048 1750 1076 per

1009 1083 1074 1112 alios
1086 1084 1222 1123 episcopos
1234 1085 1355 1113 hortatur
1366 1084 1426 1112 illos
1438 1091 1468 1112 ut
1479 1083 1542 1112 tatia
1551 1083 1586 1112 de
1597 1083 1750 1122 Theophilo

1008 1131 1123 1160 scribere
1144 1132 1280 1168 desinant,
1296 1139 1426 1169 quantum
1442 1131 1504 1159 hinc
1525 1131 1590 1158 mali
1603 1141 1752 1168 consequu-

1008 1185 1098 1205 turum
1110 1177 1143 1206 sit
1155 1178 1292 1206 declarans
1308 1177 1529 1215 :Theophiloque
1541 1175 1675 1215 rescripsit
1687 1186 1748 1204 nar-

1008 1234 1069 1251 rans
1082 1223 1121 1251 illi
1136 1234 1256 1261 quaenam
1274 1223 1395 1252 monachi
1409 1224 1442 1251 de
1456 1223 1513 1262 ipso
1527 1223 1686 1262 proferrent,
1702 1229 1749 1251 te-

1008 1269 1177 1307 stificansque
1190 1280 1217 1297 se
1230 1269 1289 1297 illos
1301 1269 1398 1297 frustra
1414 1269 1548 1297 hortatum
1565 1279 1620 1297 esse
1635 1275 1662 1296 ut
1678 1269 1748 1297 Con-

1009 1315 1179 1353 stantinopoli
1201 1314 1382 1351 discederent3
1403 1322 1528 1344 caeterum
1546 1325 1606 1353 quae
1625 1313 1678 1343 sibi
1692 1325 1748 1344 ex-

1009 1361 1101 1400 pedire
1114 1361 1268 1389 viderentur
1284 1361 1422 1390 indicaret.

1050 1407 1219 1445 Theophilus
1239 1418 1302 1435 vero
1316 1430 1322 1441 ‚
1339 1408 1383 1445 qni
1399 1407 1495 1437 Joanni
1517 1414 1571 1435 tam
1589 1406 1750 1442 moderato,

1009 1453 1073 1490 quin
1088 1459 1111 1481 et
1128 1453 1213 1481 amico
1228 1453 1316 1481 animo
1332 1464 1420 1481 secum
1434 1453 1535 1492 agenti,
1562 1453 1676 1491 gratiam
1697 1453 1750 1481 ha-

1009 1499 1070 1527 here
1085 1499 1188 1535 debuit,
1205 1500 1230 1527 in
1244 1500 1360 1528 furorem
1374 1506 1447 1527 actus
1457 1521 1464 1535 ‚
1480 1499 1569 1527 statim
1581 1498 1616 1527 ab
1629 1499 1748 1527 Ecclesia

1009 1545 1128 1573 excludit
1143 1546 1301 1574 Dioscorum
1314 1545 1482 1584 episcopum,
1500 1555 1578 1582 quem
1596 1551 1672 1575 vocat
1688 1544 1752 1572 Pat-

1008 1591 1112 1627 ladius,
1126 1591 1235 1620 fratrem
1250 1591 1454 1627 monachorum⁷
1471 1591 1517 1629 qni
1533 1591 1559 1619 in
1576 1591 1692 1619 Ecclesia
1708 1601 1750 1619 se-

1009 1644 1112 1671 nuerat,
1123 1644 1148 1665 et
1157 1637 1251 1667 ,loanni
1266 1637 1390 1676 episcopo
1403 1637 1459 1665 haec
1472 1636 1567 1666 scribit
1579 1648 1585 1665 z
1603 1649 1616 1663 α
1626 1637 1751 1665 Arbitror

1009 1683 1132 1721 equidem
1155 1694 1206 1711 non
1230 1684 1352 1722 ignorare
1378 1690 1403 1712 te
1424 1694 1554 1712 canonum
1579 1683 1752 1712 Nicaenorum

1009 1729 1162 1767 decretum,
1177 1740 1230 1767 quo
1242 1730 1370 1764 sancitur,
1387 1740 1419 1757 ne
1432 1729 1571 1768 episcopus
1584 1729 1657 1757 litem
1671 1736 1750 1758 extra

1009 1776 1075 1802 lines
1096 1785 1157 1803 suos
1175 1775 1276 1814 judicet
1292 1787 1297 1802 ε
1312 1775 1334 1803 si
1349 1782 1437 1803 autem
1455 1775 1572 1812 ignoras,
1588 1774 1674 1811 disce,
1690 1782 1716 1804 et
1735 1787 1750 1805 a

1008 1820 1108 1849 libellis
1122 1820 1250 1849 adversus
1269 1831 1310 1849 me
1325 1821 1437 1849 abstine.
1452 1821 1520 1848 Nam
1539 1820 1560 1848 si
1574 1819 1693 1859 judicari
1709 1832 1752 1850 me

1009 1874 1151 1906 oporteret,
1165 1867 1198 1895 ab
1210 1867 1345 1906 AEgyptiis
1357 1867 1488 1905 episcopis
1497 1866 1660 1905 judicandus
1672 1878 1733 1896 sum
1743 1890 1751 1905 ,

1011 1924 1061 1942 non
1077 1924 1091 1941 a
1105 1921 1141 1951 te,
1157 1914 1204 1952 qui
1219 1913 1384 1953 septuaginta
1400 1914 1518 1951 quinque
1531 1913 1636 1941 dierum
1657 1913 1750 1942 itinere

1012 1959 1074 1987 hinc
1087 1960 1159 1988 abes.
1176 1972 1189 1985 »

1053 2006 1097 2034 Ex
1120 2005 1161 2033 his
1182 2016 1243 2034 vero
1267 2005 1350 2033 literis
1369 2005 1459 2044 palam
1481 2012 1519 2032 est
1537 2015 1630 2033 verum
1655 2015 1710 2034 esse
1724 2005 1752 2035 id

1011 2050 1083 2088 quod
1099 2051 1218 2079 Socrates
1234 2051 1326 2086 refert,
1348 2061 1442 2089 nempe
1453 2050 1703 2079 falsummumorem
1717 2051 1752 2080 ad

1012 2107 1089 2124 aures
1114 2096 1261 2133 Theophili
1285 2096 1419 2135 perlatum
1440 2096 1537 2131 fuisse,
1562 2096 1634 2134 quod
1658 2107 1753 2137 nempe

1012 2143 1125 2171 .loannes
1137 2143 1197 2170 illos
1211 2142 1244 2170 ad
1260 2153 1333 2170 sacra
1347 2142 1512 2177 admisisset,
1527 2142 1596 2170 etad
1608 2153 1686 2181 opem
1698 2144 1752 2172 illis

1011 2188 1150 2216 serendum
1165 2195 1273 2227 paratus
1287 2194 1361 2216 essct.
1378 2188 1571 2224 Quamobrem,
1588 2189 1675 2228 pergit
1688 2190 1751 2228 itte,

1012 2234 1180 2274 Theophilus
1192 2241 1262 2262 totus
1276 2233 1302 2261 in
1316 2233 1367 2262 hoc
1382 2234 1462 2272 coepit
1476 2234 1640 2272 incumbere,
1658 2242 1687 2264 ut
1700 2247 1752 2265 non

1012 2280 1092 2308 inodo
1106 2280 1266 2308 Dioscorum
1277 2286 1303 2307 et
1316 2279 1450 2308 Isidorum
1463 2281 1644 2316 ulcisceretur,
1657 2292 1751 2312 verum

1011 2326 1090 2354 etiam
1106 2328 1234 2355 Joannem
1250 2337 1283 2354 ex
1304 2326 1448 2366 episcopali
1467 2327 1528 2356 sede
1542 2327 1677 2367 dejiceret.
1696 2330 1753 2358 Mi-

1012 2373 1098 2411 sitque
1119 2373 1243 2412 epistolas
1258 2373 1292 2401 ad
1311 2373 1479 2411 singularum
1500 2374 1638 2403 civitatum
1654 2376 1752 2414 episco-

1012 2429 1059 2457 pos
1070 2441 1078 2455 ,
1104 2419 1245 2448 consilium
1265 2419 1375 2457 quidem
1391 2431 1470 2448 suum
1484 2421 1638 2459 occultans,
1663 2422 1751 2460 palam

1012 2475 1075 2493 vero
1090 2465 1115 2493 in
1129 2466 1161 2493 iis
1176 2465 1370 2501 reprehendens
1385 2465 1468 2494 libros
1483 2466 1622 2504 Origenis,
1637 2477 1750 2505 quorum

1013 2518 1098 2539 tamen
1123 2511 1273 2539 testimonio
1294 2511 1341 2539 diu
1352 2518 1411 2540 ante
1422 2512 1500 2540 illum
1514 2512 1675 2541 Athanasius
1687 2524 1752 2542 con-

1775 2015 1838 2036 Soer.
1848 2014 1864 2035 l.
1877 2014 1901 2037 6.

1762 2053 1781 2066 c.
1793 2053 1818 2073 9.

1782 2547 1869 2568 Soram.
1882 2546 1900 2567 1.

1013 2563 1050 2585 tra
1068 2557 1179 2586 Arianos
1201 2568 1265 2585 usus
1281 2558 1376 2586 suerat.
1396 2558 1461 2586 Haec
1475 2559 1613 2597 Socrates,
1631 2558 1750 2598 idipsum
1759 2574 1781 2597 3-
1795 2585 1816 2598 c·
1836 2584 1862 2598 ,2
1879 2582 1900 2598 υ,

1012 2604 1065 2632 sere
1079 2605 1240 2633 Sozomcnns
1255 2603 1342 2632 habet.

1762 2606 1797 2629 13.
