1950 2922
226 204 286 237 182
707 217 735 236 5.

221 276 473 315 quadragium7qni
496 287 556 305 cum
578 278 678 305 §Ioanne
700 276 953 311 communicabaut;

217 323 292 350 tertia
309 333 412 360 qnoque
433 323 502 351 Cleri
516 321 801 360 Constantinopolitani
813 344 821 355 ,
840 322 885 359 qui
907 333 955 360 pro

215 369 318 397 Juanne
330 369 426 399 stabat,
447 369 500 396 Has
523 378 585 397 vero
607 368 696 395 literas
717 367 742 395 in
760 367 864 395 Italiam
878 366 953 395 dese-

215 414 309 443 rendas
331 425 467 453 suscepere
489 413 683 451 religiosissimi
703 413 839 452 episcopi,
854 414 954 441 Deme-

215 462 294 499 trius,
311 462 493 500 Pansophius,
513 463 622 499 Pappus
636 467 661 488 et
675 460 812 499 Eugenius
823 484 831 497 ‚
846 461 893 498 qui
908 471 953 489 rc-

215 506 285 535 lictis
300 507 427 535 Eeclcsiis
440 507 504 541 suis,
512 506 606 545 pelago
617 517 644 534 se
655 506 812 536 commisere
823 529 830 543 ‚
845 513 870 535 et
891 518 953 536 cum

763 216 902 237 joanam
929 215 1159 238 CttnYSOSToMt
1188 215 1282 243 Vt'rA,

1009 276 1173 315 praecipitem
1191 277 1347 306 seutentiam
1371 278 1508 306 emisisset.
1536 278 1638 307 Literas
1659 285 1750 307 autem

1008 321 1082 349 dedit
1095 322 1134 350 illi
1151 322 1184 350 ad
1202 323 1385 362 Theophilum
1397 346 1403 358 ,
1420 334 1498 361 quem
1508 345 1515 359 ,
1528 331 1557 352 ut
1571 324 1650 352 etiam
1665 326 1747 354 Joan-

1009 378 1068 395 nem
1082 368 1117 396 ad
1132 369 1346 397 communionem
1357 380 1384 397 se
1395 369 1535 397 admittere
1549 370 1748 405 testificabatur,

1010 425 1096 451 neque
1117 425 1144 443 se
1157 426 1171 442 a
1186 415 1296 444 Joannis
1317 415 1503 443 communione
1518 415 1678 444 destiturum
1694 426 1750 444 esse

1008 467 1117 498 propter
1128 471 1155 488 ea
1171 471 1229 498 quae
1240 471 1286 499 per
1301 461 1465 497 ludibrium,
1476 462 1642 499 παιγνιωδῶς
1655 484 1662 497 ,
1676 469 1750 500 gesta

1008 506 1122 534 fucrant.
1139 506 1320 545 Hortaturque
1335 507 1411 535 illum
1425 513 1453 534 ut
1468 507 1501 534 ad
1518 507 1668 535 Concilium
1687 517 1751 536 mox

76 561 159 582 Palla-l.
178 569 199 589 p.
214 553 268 580 illis
283 552 382 580 Paulus
402 559 426 580 et
448 552 578 591 Cyriacus
593 551 708 580 diaconi.
725 554 873 590 Antequam
891 563 954 581 vcro
1008 552 1224 590 congregandum
1247 559 1417 592 compareat,
1431 552 1523 590 ibique
1546 563 1580 581 ex
1604 553 1750 582 canonibus

60 598 83 620 9·
214 597 389 636 liaece1)istola
404 597 439 626 ad
454 598 636 626 Innocentium
652 598 828 636 pervenisset,
843 609 954 638 accepe-
1008 598 1123 626 Nicaenis
1140 621 1147 633 ‚
1166 609 1217 627 non
1233 599 1292 627 aliis
1305 602 1418 634 (notans
1447 599 1508 627 illos
1528 599 1706 628 Antiochenos
1720 602 1729 636 )
1741 621 1749 636 ,

212 651 253 672 rat
267 643 312 672 ille
327 644 464 683 epistolam
480 643 625 683 Theophili
642 644 827 679 Alexandrini,
842 655 900 683 quae
916 645 953 673 ita
1007 645 1164 673 sententiam
1180 644 1313 673 ferendam
1328 656 1382 673 esse
1397 645 1474 673 dicit.

211 696 336 728 concepta
353 697 418 725 erat⁷
434 697 462 718 ut
478 689 504 718 in
520 700 548 718 ea
563 690 687 718 Pontifex
701 690 857 719 temeritatis
871 698 896 719 et
907 702 954 720 su-
1048 690 1198 719 Concilium
1210 698 1297 720 autem
1310 691 1380 720 illud
1392 692 1467 730 quasi
1480 702 1542 720 mox
1557 692 1678 720 futurum
1693 703 1750 721 me·
1794 699 1903 720 Innocen-

211 736 309 775 perbiae
324 744 412 765 notam
425 736 653 776 deprehenderct3
669 736 740 774 quod
754 738 826 766 solus
835 738 953 777 scripsis-
1007 744 1094 765 morat
1109 737 1287 773 Innocentius,
1299 738 1361 775 quia
1377 738 1520 772 Honorius,
1531 738 1686 767 Occidentis
1696 740 1748 767 Im·
1762 730 1875 781 ἓῖἰξῇἱέ
1883 734 1907 751 ‘¹‘

211 789 259 817 set,
274 792 321 810 nee
336 783 433 810 claram
452 784 508 821 ejus
528 783 566 811 rei
579 782 702 811 notitiam
717 782 840 817 misisset,
853 794 900 811 nec
911 783 954 812 di·
1007 789 1113 821 perator
1129 783 1358 821 Augustus,s1·atri
1373 794 1422 811 suo
1439 783 1554 812 Arcadio
1569 784 1659 812 literas
1673 784 1751 813 mise·
1760 791 1819 819 Imp.
1841 799 1904 812 αω-

213 835 281 856 ceret
293 835 338 856 aut
353 839 411 863 cur,
428 835 472 856 aut
487 828 586 866 quibus
598 829 722 857 assumtis
734 829 812 857 sociis
825 830 953 858 Joannem
1007 835 1058 861 rat,
1074 829 1148 867 queis
1162 829 1319 857 hortabatur
1329 829 1403 857 illum
1419 837 1447 857 ut
1458 830 1597 868 utriusque
1609 840 1748 865 consensu,
1758 824 1873 882 ΞᾝΞῖῐὶ

211 875 384 914 deposuisset.
403 876 470 904 Cum
484 886 564 914 porro
581 874 681 903 dubius
699 875 781 903 animi
800 883 888 911 esset,
905 886 953 905 nec
1007 874 1186 902 Orientalium
1211 881 1236 902 et
1253 874 1467 903 Occidentalium
1492 875 1642 903 Concilium
1661 875 1750 904 Thes·
1761 885 1902 912 cogivotuut.

210 922 245 949 ob
260 921 297 950 rei
312 929 390 958 gestae
405 922 558 958 levitatem,
575 921 663 959 inquit
679 921 818 950 Palladius
831 945 837 956 ‚
851 923 949 951 rescri-
1006 922 1128 950 salonicae
1149 922 1341 957 celebraretur,
1357 932 1409 959 quo
1428 921 1532 949 facilius
1556 928 1668 959 utraque
1688 931 1750 960 pars
1783 935 1868 957 Pattad.
1880 943 1907 963 p.
1940 929 1942 934 '

210 968 272 996 lzere
280 967 367 1002 vellet,
379 967 511 995 Eusebius
522 967 950 1006 quidamConstantinopolitanus
1005 975 1094 1007 posset
1117 968 1269 996 convenire.
1285 968 1389 996 Verum
1403 974 1461 995 astu
1478 967 1648 995 inimicorum
1667 968 1751 997 Joan-
1765 972 1803 994 ‘29-

209 1012 337 1041 diaconus
349 1037 356 1049 ‚
370 1014 415 1051 qui
440 1020 504 1041 tunc
528 1014 619 1041 Romte
636 1021 692 1042 erat
714 1014 951 1042 ecclesiasticarum
1006 1013 1056 1049 nis,
1069 1014 1143 1042 etita
1158 1020 1267 1041 curante
1281 1013 1422 1049 Eudoxia,
1438 1023 1497 1051 quae
1509 1012 1542 1041 ad
1561 1019 1657 1041 nutum
1671 1023 1750 1041 suum

207 1208 238 1225 ac
250 1204 308 1236 post
324 1197 445 1225 triduum
466 1198 630 1226 advenerunt
649 1198 765 1237 episcopi
790 1209 870 1237 supra
891 1210 951 1227 me-
1006 1205 1089 1227 retur.

208 1250 322 1271 moratas
339 1243 430 1271 literas
442 1244 589 1272 asserentes.
1046 1245 1148 1272 Interea
1161 1255 1223 1272 vero
1237 1243 1446 1283 Chrysostomns
1462 1242 1692 1281 Constantinopoli
1704 1242 1751 1270 ad-
1777 1249 1838 1269 Soer.
1850 1247 1866 1268 t.
1878 1247 1907 1269 6Γ

72 1301 153 1321 t’attad.
172 1308 193 1329 ἱ..
249 1290 402 1317 Secundum
418 1290 473 1317 haec
483 1289 650 1317 Innocentius
663 1291 734 1328 Papa
747 1290 852 1328 utrique
868 1291 950 1329 parti,
1005 1290 1058 1318 huc
1075 1290 1102 1318 in
1128 1290 1325 1328 episcopalibus
1349 1289 1453 1317 :edibus
1475 1288 1598 1316 manebat
1612 1310 1620 1325 ,
1638 1299 1669 1316 ac
1690 1295 1750 1327 post
1761 1278 1835 1341 ‘'5¹3'
1883 1320 1890 1340 ι

56 1338 93 1353 ²²·
109 1332 147 1353 ²3·
208 1335 303 1365 Joanni
318 1335 399 1364 simul
411 1342 435 1363 ct
447 1335 707 1374 Theophilo,litcras
717 1335 798 1370 misit,
812 1336 953 1374 utriusque
1006 1336 1107 1365 Pascha
1132 1335 1252 1364 bimestri
1273 1336 1358 1374 spatio
1381 1335 1482 1363 ibidem
1503 1334 1627 1374 perstitit.
1644 1334 1748 1362 Eodem
1761 1351 1785 1374 8.
1798 1328 1869 1372 2²3¹*
1896 1335 1902 1340 ”

209 1382 421 1409 communionem
437 1392 464 1408 se
478 1381 620 1409 admittere
628 1381 736 1419 quidem
746 1381 847 1413 dicens,
859 1393 890 1411 nc
905 1383 949 1410 Ec-
1007 1390 1127 1421 tempore
1139 1382 1182 1410 vir
1193 1381 1304 1419 quidam
1324 1381 1517 1416 dzemoniacus,
1534 1387 1578 1408 aut
1593 1380 1638 1418 qui
1656 1390 1683 1408 se
1697 1379 1751 1408 dae-
1822 1395 1904 1415 550„st

208 1428 315 1456 ‹zlesiam
337 1427 489 1463 scinderet,
504 1427 639 1466 judicium
661 1434 747 1456 tamen
767 1439 782 1456 a
801 1428 953 1467 Theophilo
1007 1429 1160 1457 moniacum
1174 1428 1339 1461 simulabat,
1355 1427 1587 1466 deprehenditur,
1606 1426 1749 1465 pugionem
1760 1425 1884 1476 -ῘΞῙᾞἏΞΞΘ

209 1475 294 1502 latum
307 1474 462 1513 improbans
476 1496 483 1508 ‚
498 1473 666 1511 addebatque
683 1474 763 1501 aliam
783 1474 841 1512 cogi
865 1475 953 1514 Syno-
1007 1475 1120 1510 habens,
1132 1481 1268 1512 tamquam
1281 1473 1315 1501 ad
1332 1474 1461 1502 Joannem
1482 1472 1657 1500 occidendum
1673 1483 1750 1511 para·
1761 1468 1856 1508 {cm-m„

209 1519 275 1548 dum
286 1519 629 1559 oportereOccidentalium
644 1527 669 1547 et
686 1520 874 1557 Orientalium,
885 1522 953 1559 aequi
1008 1529 1067 1556 tus,
1087 1520 1207 1549 nondum
1230 1527 1317 1548 tamen
1344 1519 1372 1547 id
1397 1519 1500 1547 facinus
1517 1528 1666 1556 aggressus.
1695 1517 1749 1554 Qui

210 1574 362 1601 amantem,
378 1577 436 1604 quae
459 1565 527 1593 nulli
552 1566 669 1604 partium
686 1565 792 1594 addicta
815 1574 891 1595 esset.
907 1567 954 1595 His
1008 1566 1214 1606 comprehensus
1239 1576 1253 1593 a
1280 1564 1473 1600 multitudine,
1491 1563 1600 1603 perinde
1622 1571 1700 1601 atque
1728 1564 1749 1592 si

210 1612 306 1651 adjicit
330 1612 507 1651 Theophanes
532 1611 715 1640 Innocentium
738 1618 763 1640 et
793 1612 955 1640 Flavianum
1009 1613 1095 1651 pretio
1109 1612 1257 1640 conductus
1269 1612 1360 1639 suisset
1372 1611 1408 1639 ad
1422 1610 1518 1639 caedem
1532 1609 1700 1649 patrandam,
1717 1610 1753 1639 ad

212 1658 405 1686 Antiochenum
424 1658 500 1685 Clero
527 1658 820 1696 Constantinopolitano
843 1659 954 1697 sci-ipis*
1008 1659 1167 1687 Praefectum
1192 1658 1266 1687 urbis
1281 1657 1377 1686 ductus
1391 1664 1438 1686 est.
1458 1656 1508 1685 Sed
1526 1658 1648 1692 Joannes,
1663 1656 1752 1685 missis

165 1722 200 1740 ⁴15³
213 1716 250 1740 se,
263 1711 292 1732 ut
305 1704 382 1732 illum
394 1704 604 1739 consolarentur,
618 1710 643 1731 et
656 1703 865 1742 indignationem
879 1715 955 1733 suam
1011 1705 1174 1743 quibusdam
1185 1704 1316 1743 episcopis
1332 1715 1364 1732 ex
1380 1714 1489 1732 numero
1502 1713 1592 1731 eorum
1602 1725 1610 1739 ,
1628 1712 1693 1740 quos
1707 1713 1752 1730 se-

77 1773 149 1794 ΓἪΜ
185 1782 190 1791 ,
213 1750 413 1790 exprimerent,
429 1749 502 1788 quod
520 1756 610 1777 contra
632 1749 785 1788 episcopum
801 1761 880 1778 suum
901 1757 955 1779 tam
1010 1761 1071 1779 cum
1087 1751 1217 1785 habebat,
1235 1750 1370 1778 hominem
1387 1749 1512 1778 liberavit
1527 1749 1681 1788 priusquam
1697 1755 1752 1777 tor-

60 1810 96 1831 ²5·
117 1789 121 1793 ι
155 1789 159 1794 '
176 1782 199 1802 1.
214 1797 324 1835 indigna
339 1803 440 1835 patrata
453 1802 547 1824 essent.
558 1796 602 1824 Ex
611 1795 743 1834 episeopis
757 1806 828 1831 vero,
838 1796 884 1834 qui
897 1796 956 1824 lite·
1010 1797 1106 1825 mentis
1117 1797 1304 1835 subjiceretur.
1330 1795 1450 1824 Posthaec
1464 1805 1556 1823 servus
1573 1793 1674 1833 Elpidii
1690 1804 1752 1833 pre-

213 1855 255 1872 ras
271 1844 383 1873 Joannis
408 1843 441 1870 ad
464 1843 650 1870 Innocentium
668 1841 843 1878 detulerunt,
856 1844 954 1872 Deme-
1010 1843 1111 1882 sbyteri
1127 1843 1210 1871 effuso
1231 1853 1308 1871 cursu
1325 1842 1352 1870 in
1370 1841 1439 1870 aedes
1457 1841 1620 1880 episcopales
1637 1840 1747 1879 irrupit.

217 1891 298 1918 trium
325 1890 477 1918 Pesinuutis
499 1889 636 1917 Orientem
664 1889 826 1928 percurrisse
849 1897 956 1917 narrant
1011 1888 1134 1923 Quodam
1145 1895 1233 1916 autem
1245 1899 1298 1926 quo
1310 1898 1418 1916 currens
1430 1894 1550 1926 pergeret
1562 1887 1750 1925 interrogante,

214 1936 400 1974 praedicantcm
418 1937 599 1963 Romanorum
607 1945 665 1962 cum
678 1936 956 1964 Joannecommunio-
1011 1935 1088 1963 illum
1104 1945 1195 1963 servus
1208 1934 1282 1962 nullo
1298 1934 1360 1962 dato
1375 1943 1516 1972 responso,
1531 1933 1584 1961 sica
1600 1932 1730 1971 percussit
1743 1944 1749 1960 ε

214 1982 333 2020 uem,qui
347 1982 425 2009 etiam
442 1982 531 2009 literas
546 1981 691 2009 lnnocentii
704 1981 782 2020 Papae
798 1982 956 2020 proferebat,
1010 1981 1134 2015 alterum,
1149 1981 1194 2018 qui
1213 1981 1301 2019 priore
1317 1989 1442 2018 percusso
1457 1979 1659 2014 inclamaverat,
1676 1977 1752 2006 simi-

215 2039 312 2056 ncenon
328 2028 514 2066 episcoporum
526 2027 621 2063 Carisa,
636 2027 682 2064 qui
699 2038 757 2055 eum
767 2028 868 2056 ,Ioanne
882 2039 956 2057 com-
1010 2027 1072 2055 liter
1087 2027 1254 2063 vnlneravi13
1271 2026 1378 2054 tertium
1396 2036 1502 2063 quoque
1518 2024 1663 2054 transfixit.
1682 2025 1751 2052 Cum

216 2074 396 2102 municabant.
1011 2084 1102 2101 omnes
1118 2073 1163 2111 qui
1182 2073 1292 2101 aderant
1313 2072 1445 2110 ingentem
1463 2071 1607 2099 clamorem
1623 2069 1749 2098 sustulis-

255 2120 349 2148 Paucis
361 2120 460 2148 exactis
476 2119 571 2147 diebus
586 2126 644 2158 post
663 2119 737 2147 datas
751 2119 786 2148 ab
805 2121 958 2150 Innocentio
1011 2127 1084 2154 sent,
1108 2119 1153 2148 ille
1172 2119 1263 2157 fugere
1278 2118 1366 2157 coepit.
1386 2118 1439 2154 Qui
1455 2128 1518 2145 vero
1534 2116 1611 2144 illum
1628 2117 1752 2154 insequen

216 2166 439 2197 literas‚Roma1u
451 2165 561 2193 advenit
575 2166 669 2194 Petrus
685 2165 957 2205 quidam,Theophi-
1011 2166 1120 2199 bantur,
1142 2165 1236 2204 procul
1264 2164 1357 2203 positis
1381 2163 1531 2191 clamabant
1555 2169 1583 2190 ut
1606 2162 1750 2200 fugientem

217 2212 234 2239 li
251 2212 408 2250 presbyter,
426 2219 450 2239 et
468 2211 634 2250 Mal-tyrius,
647 2212 958 2251 Constantinopolitanus
1012 2211 1272 2250 comprehenderent.
1289 2209 1405 2244 Quidam
1421 2220 1454 2237 ex
1470 2208 1564 2236 balneo
1580 2208 1684 2236 rediens
1699 2208 1751 2236 ho-

64 2271 90 2293 1»,
107 2270 143 2291 Β),
167 2271 203 2298 24,
217 2258 358 2293 diaconus,
374 2258 419 2295 qui
432 2257 521 2285 literas
533 2257 680 2296 Theophili
696 2258 850 2286 Innocentio
864 2259 958 2287 attule·
1012 2258 1110 2285 minem
1122 2255 1314 2296 apprehendit,
1329 2255 1453 2293 letalique
1469 2255 1503 2282 ab
1516 2265 1545 2282 co
1562 2254 1671 2283 vulnere
1686 2265 1753 2282 con-

210 1070 298 1087 rerum
313 1070 403 1093 causa,
421 1060 606 1087 Innocentium
626 1059 708 1094 adiit,
725 1069 750 1088 et
770 1061 904 1099 supplices
919 1061 951 1088 li-

208 1106 292 1133 bellos
307 1105 399 1140 dedit,
415 1106 543 1144 adjurans
557 1117 617 1133 eum
634 1113 661 1134 ut
677 1106 812 1135 modicum
826 1107 951 1145 temporis

207 1159 413 1191 exspectaret,et
428 1152 652 1190 conspirationem
661 1153 818 1191 patefactam
831 1153 950 1181 videret:

218 2310 289 2338 runt,
305 2310 330 2330 et
347 2303 470 2340 quaedam
490 2310 547 2331 acta
571 2303 682 2331 Coucilii
703 2304 736 2332 ad
760 2306 897 2340 Quercum
911 2329 917 2340 ‚
931 2306 957 2334 in

218 2351 293 2387 queis
311 2350 444 2377 ferebatur
465 2351 579 2377 joannes
595 2361 608 2377 a
630 2350 738 2387 triginta
761 2361 807 2378 sex
828 2351 958 2390 episcopis

218 2397 358 2424 damnatus
372 2419 378 2428 ,
394 2406 507 2434 quorum
533 2395 712 2433 undetriginta
736 2396 858 2435 AEgyptii
873 2405 956 2432 erant,

218 2450 318 2481 septem
348 2453 410 2471 vero
437 2442 551 2469 aliarum
578 2442 728 2477 regionum,
758 2444 866 2477 Quibus
892 2446 958 2472 actis

219 2489 343 2527 perlectis
366 2487 539 2517 Innocentius
555 2509 563 2522 ,
585 2498 646 2516 cum
674 2490 844 2527 comperisset
871 2491 957 2519 nullas

219 2546 311 2570 graves
324 2545 378 2563 esse
389 2534 578 2567 accusationes,
596 2536 817 2571 nequeJoanncm
832 2536 956 2570 adfuisse,

218 2582 262 2619 qui
279 2591 385 2609 causam
402 2591 476 2608 suam
495 2579 646 2608 del'ent‘leret
660 2603 667 2614 ,
681 2580 826 2619 Theophili
840 2582 957 2610 furorem

219 2626 361 2655 exsibilare
385 2626 604 2665 perstitit‚quod
632 2632 720 2654 eontra
748 2627 880 2655 absentem
904 2635 955 2656 tam

1006 1059 1114 1088 Arcadii
1131 1059 1241 1087 consilia
1257 1058 1454 1093 moderabatur,
1468 1059 1567 1086 factum
1580 1065 1618 1087 est
1635 1065 1664 1086 ut
1680 1058 1753 1087 Con-

1006 1105 1098 1133 cilium
1106 1105 1315 1143 hujusmodi,ab
1330 1105 1484 1133 Innocentio
1497 1105 1568 1144 Papa
1581 1112 1607 1133 et
1620 1105 1654 1133 ab
1664 1105 1753 1134 Hono-

1006 1152 1045 1180 rio
1062 1153 1224 1191 Imperatore
1239 1158 1375 1190 tantopere
1391 1151 1551 1190 expetitum‚
1568 1161 1620 1179 non
1632 1151 1751 1179 celebra-

1012 2306 1115 2341 sossus,
1135 2311 1256 2332 mortuus
1276 2303 1379 2332 cecidit.
1402 2304 1423 2330 A
1438 2302 1538 2341 populo
1557 2302 1664 2330 demum
1683 2312 1753 2340 aegre

1013 2358 1116 2390 captus,
1138 2350 1235 2378 ductus
1252 2356 1291 2377 est
1311 2349 1337 2377 in
1355 2349 1500 2377 Palatium.
1519 2349 1701 2377 Testabantur
1714 2348 1753 2376 ci»-

1012 2407 1057 2424 ves
1071 2396 1119 2425 has
1135 2407 1189 2424 esse
1201 2395 1311 2424 insidias
1326 2395 1496 2423 inimicorum
1511 2394 1632 2431 Joannis,
1648 2394 1751 2423 clama-

1012 2444 1129 2481 bantque
1140 2443 1267 2477 dieentes,
1282 2449 1307 2470 et
1319 2442 1446 2470 sicarium
1457 2449 1482 2470 et
1496 2452 1539 2470 cos
1557 2441 1603 2478 qui
1618 2440 1751 2469 misissent

1012 2501 1101 2529 peenas
1114 2490 1177 2518 dare
1188 2496 1319 2529 oportere.
1331 2489 1473 2516 Praefectus
1487 2494 1576 2516 autem
1587 2487 1673 2522 urbis,
1689 2497 1749 2515 cum

1012 2547 1071 2564 cum
1088 2543 1222 2574 tamquam
1236 2534 1369 2574 judicium
1381 2534 1531 2573 prolaturus
1546 2539 1614 2561 esset
1628 2533 1750 2572 accepis—

1012 2590 1060 2617 set,
1078 2583 1168 2622 populi
1186 2584 1300 2610 furorem
1313 2581 1488 2620 compescuit3
1506 2580 1551 2609 sed
1566 2587 1654 2619 postca
1671 2579 1749 2608 illum

1012 2629 1123 2658 dimisit.
1144 2630 1207 2657 Rem
1226 2629 1305 2667 paulo
1320 2638 1392 2657 secus
1408 2627 1483 2655 refert
1506 2625 1651 2655 Palladius.
1668 2625 1750 2664 Elpi-
