1884 2922
226 187 295 222 566
709 201 737 223 s.
766 200 906 223 sommis
929 199 1111 223 CHRYSOST.
1139 201 1274 224 omium

264 261 329 291 Ὅτι
344 262 390 299 μὲν
407 258 449 290 οὖν
462 264 518 291 ἐστι
534 262 578 290 καὶ
590 262 633 290 ἐπὶ
649 262 722 299 καλῷ
737 264 768 299 τῇ
784 263 831 293 τῆς
847 261 965 296 ἀπάτης,

226 307 260 335 dc
276 307 433 335 sacerdotio
449 307 497 335 lib.
514 309 541 336 2.
559 314 576 334 t.
592 310 616 335 1.
636 308 704 335 371.

265 353 387 391 εὈτιμὲν
410 354 505 385 παντὸς
526 355 624 390 ἀγαθοῦ
645 352 800 391 κεφάλαιον,
816 352 850 380 de
870 353 965 380 Preca-

227 400 298 428 tionc
314 401 393 429 Hom.
412 402 439 428 2.
457 407 475 427 ῐ.
492 402 518 428 2.
531 410 557 438 Ρ.
579 402 646 429 783.

266 445 330 474 “On
351 446 397 483 μὲν
422 445 542 483 χαλεπὴν
564 445 654 477 ἔλαίές
677 446 725 480 τ-ἡν
746 446 861 485 πληγήν,
875 445 901 473 in
915 445 965 475 Vi-

227 491 452 529 duamjuniorcm
466 513 473 526 ,
491 497 509 519 t.
528 496 551 519 l.
570 501 597 529 Ρ.
615 494 682 521 338.

266 536 329 564 ςΌτι
355 537 398 564 τὸν
424 537 531 575 οὐρανὸν
558 537 713 576 ἐστερέωσεν
724 560 732 574 ‚
745 537 771 565 in
797 538 896 566 Psalm.
913 537 964 572 47,

226 584 325 620 spuria
339 588 366 609 et
380 585 587 620 proeeermissa.

267 627 304 655 ⁰0
315 631 366 660 τοῖς
382 628 471 660 ἄλλοις
483 632 606 666 παραινεῖ
620 633 702 657 ποιεῖν
718 629 811 667 λέγων,
825 630 851 658 iu
867 629 966 668 Ep.ad

227 673 350 702 Corinlh.
364 673 442 701 Hom.
456 676 483 702 2.
503 680 522 704 t.
542 677 586 703 10.
600 685 625 713 p.
639 677 668 703 8.

265 719 300 748 ‘O
310 721 355 747 τοῦ
367 720 436 747 Θεοῦ
448 719 532 757 λόγος,
543 720 658 759 ἀδελφοὶ,
670 722 705 753 ὡς
719 721 846 754 πολλάκις
854 744 861 757 ,
875 729 965 750 contra

226 763 348 799 Judaeos,
363 764 544 797 Seve1·iani‚t.
562 768 608 795 10.
625 776 650 804 p.
667 768 736 795 851.

265 811 334 839 Οὐδὲ
355 812 429 842 αὐτὸς
443 813 528 849 ἀγνοῶ
542 810 581 839 ὅτι
596 812 679 839 πάλαι
696 813 751 849 μεθ’
766 814 850 850 ὑμῶν,
871 813 964 842 Theo-

226 856 292 885 doro
305 856 432 892 diacono,
449 866 489 895 ep.
506 858 572 886 135.
590 863 610 886 t.
627 859 655 887 3.
670 868 698 896 p.
715 859 783 888 679.

266 903 350 932 Οὐδὲν
364 904 482 941 ἄμεινον,
501 904 574 932 οὐδὲν
590 905 817 945 φιλοστοργότερον
837 907 965 936 διδασκά-

226 948 285 982 λου,
299 947 326 975 in
341 946 396 986 Ep.
410 947 445 975 ad
457 947 576 986 Philipp.
593 948 671 976 Hom.
688 951 715 978 5.
730 956 748 977 t.
764 953 808 978 11.
827 961 854 989 p.
869 953 934 979 227.

266 993 349 1022 Οὐδὲν
365 993 479 1027 ἀνάξιον,
496 993 565 1021 infra
578 993 616 1022 sic
630 994 737 1033 incipit,
753 996 838 1024 Οὐδὲν
855 995 933 1028 ξένον.

266 1039 350 1068 Οὐδὲν
365 1039 455 1071 ἁπλῶς
476 1040 502 1067 ἐν
525 1044 582 1073 ταῖς
602 1039 683 1072 θείαις
696 1041 813 1079 Γραφαῖς
827 1046 925 1076 κεῖται,
939 1041 966 1069 in

226 1085 302 1114 Joan.
318 1084 397 1112 Hom.
414 1087 461 1114 50.
473 1091 492 1113 t.
511 1087 537 1114 8.
551 1096 580 1124 p.
598 1087 666 1115 293.

266 1129 349 1158 Οὐδὲν
364 1130 516 1158 ἄπεοίκασιν
528 1131 551 1158 οἱ
565 1133 612 1165 τῆς
625 1130 786 1165 ἸΞκκλησίας
802 1132 965 1168 διδάσκαλοι,

227 1175 254 1203 in
271 1174 357 1210 illud,
370 1176 409 1203 Si
420 1176 559 1213 possibile
579 1182 637 1211 est,
654 1183 720 1212 etc„
739 1178 849 1214 spuria,
873 1183 890 1204 t.
918 1183 963 1207 10.

228 1231 256 1260 p.
270 1221 339 1249 806.

267 1265 350 1294 Οὐδὲν
363 1266 413 1305 ἄρα
428 1266 482 1295 ἴσον
497 1268 591 1305 εὐχῆς,
602 1267 748 1305 ἀγαπητοὶ,
759 1267 831 1296 οὐδὲν
844 1268 968 1303 πίστεως,

227 1309 260 1338 de
271 1312 345 1339 Anna
361 1312 454 1340 Sermo
468 1314 495 1341 2.
513 1319 531 1340 t.
548 1312 574 1341 4.
589 1323 614 1351 p.
628 1315 694 1342 711.

267 1357 350 1386 Οὐδὲν
366 1357 417 1397 γὰρ
433 1358 528 1386 κωλύει
542 1359 586 1387 καὶ
599 1359 712 1397 τήμερον
726 1361 778 1388 τῶν
796 1361 881 1388 αὐτῶν
894 1361 966 1400 ἅψα-

228 1405 306 1436 σθαι,
325 1403 352 1431 in
367 1404 444 1432 Joan.
456 1404 536 1433 Hom.
552 1407 578 1434 8.
592 1411 611 1432 t.
627 1408 655 1434 S.
674 1416 703 1443 p.
721 1405 767 1434 48.

267 1448 351 1477 Οὐδὲν
365 1450 576 1489 γαστριμαργίας
586 1456 685 1489 χεῖρον,
697 1451 768 1479 οὐδὲν
780 1452 949 1491 αἰσχρότερον
958 1476 966 1489 ,

228 1495 255 1522 ἱι]
267 1494 432 1523 Joan.H0m.
445 1495 492 1524 45.
510 1502 528 1523 t.
543 1498 570 1525 8.
588 1507 614 1534 p.
630 1498 695 1525 261.

267 1540 352 1568 Οὐδέν
365 1541 436 1569 ἐστιν
452 1541 531 1574 ὅντως
544 1543 628 1579 δόγμα
643 1544 767 1583 πονηρὸν,
783 1545 904 1583 ἀγαπητέ
914 1568 921 1581 ,
933 1544 968 1573 de

228 1586 295 1614 Fato
306 1585 385 1614 Hom.
397 1588 425 1615 5.
440 1594 457 1614 t.
474 1589 502 1616 2.
516 1598 542 1626 p.
558 1589 626 1618 769.

268 1631 350 1660 Οὐδὲν
363 1635 434 1669 ἡμᾶς
448 1633 523 1662 ἔλαθε
538 1635 589 1662 τῶν
601 1637 662 1669 σῶν,
680 1638 738 1665 ἀλλ’
753 1637 877 1675 ἔγνωμεν,
889 1638 965 1666 Gau-

227 1677 318 1705 dentio
334 1678 433 1706 Brixiae
453 1679 546 1717 episc„
563 1691 604 1719 ep.
619 1682 684 1711 184.
702 1689 721 1710 t.
739 1685 766 1712 3.
781 1694 808 1721 Ρ.
824 1685 890 1713 703.

268 1724 351 1752 Οὐδὲν
362 1720 393 1759 ἦν
404 1725 458 1754 ἴσον
470 1728 522 1754 τῶν
534 1727 692 1766 σπλάγχνων
705 1731 756 1757 τῶν
771 1731 963 1767 ἁποστολικῶν,

228 1769 254 1797 in
268 1770 318 1808 Ep.
335 1769 367 1797 ad
381 1771 482 1809 Ephes.
500 1771 580 1801 Hom.
597 1775 624 1803 3.
642 1781 660 1803 t.
677 1779 720 1803 11.
737 1786 764 1814 p.
782 1777 826 1804 16.

267 1815 350 1843 Οὐδὲν
366 1816 526 1855 ἰταμώτερον
543 1818 650 1853 κακίας,
665 1820 737 1849 οὐδὲν
755 1822 847 1858 τολμ.,
859 1821 885 1848 ἰι]
900 1823 964 1850 Acta

230 1862 322 1899 Apost.
334 1860 414 1889 Hom.
435 1863 480 1891 13.
499 1868 517 1889 t.
532 1864 560 1892 9.
573 1874 601 1902 p.
623 1867 687 1895 102.

267 1907 351 1935 Οὖδὲν
365 1907 464 1943 καινὸν,
477 1908 548 1936 οὐδὲν
562 1910 668 1942 ἀπεικὸς
678 1912 794 1948 τεθλιμ.,
804 1911 968 1950 Symmacho

227 1952 331 1991 presb„
348 1963 391 1991 ep.
409 1953 456 1982 45.
476 1960 495 1982 t.
513 1957 539 1984 3.
560 1965 589 1993 p.
606 1957 674 1986 618.

267 1998 350 2027 Οὐδὲν
366 1999 459 2028 κωλύει
474 2000 518 2028 καὶ
528 2001 654 2039 τήμερον,
666 2005 765 2041 spuria
776 2010 804 2032 et
816 2006 932 2034 omissa.

269 2044 352 2073 Οὐδὲν
365 2045 434 2077 ξένον
448 2047 505 2075 οὐδὲ
518 2048 625 2080 ἀπεικὸς
635 2048 736 2087 γέγονεν
753 2049 795 2078 ἐπὶ
808 2049 969 2089 &6501anae

228 2089 311 2128 piadi,
326 2100 367 2129 ep.
386 2093 431 2120 17.
444 2099 462 2120 t.
475 2094 502 2121 3.
522 2103 550 2130 p.
567 2093 635 2123 604.

269 2136 351 2164 Οὐδὲν
367 2139 379 2165 ὁ
401 2139 466 2169 θεῖος
480 2138 556 2176 λόγος
571 2139 693 2173 ἀσκόπως
708 2142 820 2179 ἐκφυσᾷ,
839 2142 866 2169 in
882 2141 969 2169 Evan-

229 2180 292 2218 gelii
310 2180 428 2217 dictum,
444 2183 516 2212 etde
542 2183 722 2223 Virginitate7
748 2189 861 2225 spuria,
876 2194 894 2215 t.
923 2190 970 2218 13.

231 2236 258 2264 p.
274 2228 342 2256 237.

271 2272 355 2300 Οὐδὲν
372 2273 439 2301 οὕτω
460 2280 529 2304 κενοῖ
550 2277 742 2316 κατορθώματα
761 2279 805 2306 καὶ
828 2281 970 2319 ἅποφυσᾷ,

230 2317 258 2345 in
274 2317 325 2356 Ep.
343 2318 376 2346 ad
392 2320 510 2359 Philipp.
528 2322 606 2351 Hom.
625 2325 673 2352 12.
687 2330 705 2352 t.
723 2328 767 2353 11.
784 2335 810 2363 Ρ.
830 2326 897 2355 260.

273 2363 357 2392 Οὐδὲν
373 2364 440 2393 οὔτω
452 2367 607 2403 λυμαίνεται
623 2369 652 2397 τὸ
666 2371 718 2397 τῶν
732 2371 874 2409 ἀνθρώπων
887 2372 968 2410 γένος,

233 2409 259 2437 in
272 2409 325 2448 Ep.
344 2414 355 2438 1
375 2410 409 2438 ad
422 2412 542 2440 Timoih.
559 2413 637 2443 Hom.
658 2418 686 2445 2.
702 2422 722 2443 t.
743 2419 788 2444 ll.
805 2427 832 2455 p.
848 2419 915 2446 555.

272 2455 354 2484 Οὐδὲν
366 2456 433 2484 οὕτω
446 2458 557 2496 μερίζειν
572 2460 614 2487 καί
630 2461 742 2500 διασπᾷν
755 2464 838 2500 ἡμᾶς,
851 2462 887 2491 de
896 2463 969 2492 Invi-

230 2501 293 2535 dia,
306 2501 407 2540 Ecloga
422 2504 466 2531 17.
485 2510 504 2531 t.
524 2506 566 2532 12.
583 2515 610 2542 p.
628 2506 697 2536 543.

270 2546 352 2575 Οὐδὲν
366 2546 434 2576 οὕτω
452 2553 563 2586 πρᾶγμα
578 2556 715 2588 παραινεῖν
730 2548 805 2589 οἶδεν,
824 2554 850 2582 in
866 2555 920 2594 Ep.
936 2555 969 2584 ad

229 2593 343 2621 Pliilem.
360 2593 438 2621 Hom.
455 2596 484 2624 3.
505 2601 524 2622 t.
544 2598 588 2624 ll.
607 2606 634 2634 p.
656 2598 723 2625 756.

1061 262 1143 291 Οὐδὲν
1168 263 1250 296 οὕτως
1269 262 1431 301 ἀνάρμοστον
1460 262 1504 290 καὶ
1532 262 1667 300 ἀλλότριον
1691 263 1760 300 Χρι·

1020 311 1140 342 στιανοῧ,
1163 308 1190 336 in
1213 308 1266 347 Ep.
1290 307 1325 336 ad
1344 307 1464 347 Philipp.
1494 307 1572 336 Hom.
1603 309 1648 338 13.
1673 313 1692 335 t.
1714 310 1763 336 ll-

1020 362 1048 390 p.
1066 354 1133 382 297.

1059 399 1141 427 Οὐδὲν
1165 399 1246 432 οὕτως
1257 399 1488 438 ἐλευθεροστομίαν
1503 410 1622 438 παρασκ.
1635 419 1643 434 ,
1655 397 1689 426 de
1705 407 1759 426 non

1019 444 1174 472 accusandis
1184 445 1384 481 Sacerdotibus,
1393 447 1492 483 spuria
1506 454 1541 472 ac
1551 445 1757 482 praetermissa.

1061 489 1143 518 Οὐδὲν
1160 490 1255 526 οὕτως,
1269 493 1304 523 ὣς
1319 490 1540 529 ἔοικε,περίεργο’ν
1557 491 1622 524 ἐστι,
1631 488 1658 516 in
1672 489 1725 528 Ep.
1743 493 1755 518 1

1020 534 1056 563 ad
1070 535 1255 564 Thessalonic.
1267 537 1349 565 Hom.
1364 539 1391 566 9.
1407 543 1428 566 t.
1448 540 1492 565 11.
1510 547 1537 574 p.
1550 536 1616 565 485.

1060 581 1144 609 Οὐδὲν
1155 584 1201 616 τῆς
1212 582 1334 616 ἀληθείας
1346 582 1505 621 σαφέστερον
1513 605 1522 618 ,
1532 581 1603 610 οὐδὲν
1618 581 1760 617 amedu,

1020 625 1046 653 in
1060 627 1137 655 Joan.
1151 627 1231 655 Hom.
1247 630 1294 657 52.
1307 634 1327 657 t.
1342 630 1369 657 8.
1387 638 1414 666 p.
1433 628 1501 658 304.

1061 673 1144 700 Οὐδὲν
1161 675 1207 708 τῆς
1221 673 1343 708 ἀληθείας
1358 674 1537 712 φαιδρότερον,
1549 672 1634 701 Savil.
1645 674 1674 700 in
1688 673 1758 711 Spu-

1021 719 1083 753 r1'i5‚
1100 725 1117 746 t.
1130 721 1156 747 8.
1170 729 1195 757 p.
1212 721 1278 749 857.
1292 719 1452 747 Inscribitur
1463 719 1524 758 περὶ
1536 721 1614 757 ὀργῆς
1626 718 1671 746 καὶ
1686 730 1759 746 κενο-

1021 763 1121 799 δοξίας,
1133 765 1178 793 καὶ
1191 765 1251 803 περὶ
1268 765 1406 802 μετανοίας
1420 764 1466 793 καὶ
1482 763 1669 801 ἕλεημοσύνης.

1060 810 1142 839 Οὐδὲν
1157 813 1203 845 τῆς
1219 810 1341 846 ἀληθείας
1355 810 1547 848 φανερώτερον,
1560 810 1631 838 οὐδὲν
1649 811 1714 848 ἷσχ.,
1730 809 1757 837 ln

1020 857 1098 886 Joan.
1118 856 1187 884 Hom
1204 858 1251 885 29.
1268 863 1287 886 t.
1304 859 1332 885 8.
1352 867 1379 895 p.
1398 856 1464 884 164.

1059 902 1143 931 Οὐδὲν
1158 905 1205 937 τῆς
1220 902 1327 931 Παύλου
1339 904 1425 940 ψυχῆς
1441 900 1649 941 μακαριώτερον,
1659 900 1686 928 in
1700 901 1756 939 Ep.

1021 947 1055 975 ad
1069 948 1188 987 Philipp.
1206 947 1288 976 Hom.
1303 948 1330 976 4.
1345 955 1365 975 t.
1385 951 1431 976 11.
1445 958 1471 986 p.
1490 949 1558 976 219.

1060 993 1144 1022 Οὐδὲν
1170 996 1217 1028 ’.ἧς
1242 995 1328 1032 ψυχῆς
1347 993 1580 1031 ἀγωνιστικότερον
1596 991 1717 1029 Παύλου,
1732 991 1762 1020 iu

1022 1038 1074 1077 Ep.
1092 1043 1104 1068 1
1124 1039 1158 1068 ad
1173 1039 1296 1068 Corinth.
1311 1039 1389 1067 Hom.
1405 1040 1434 1068 6.
1451 1046 1472 1067 t.
1491 1042 1538 1068 10.
1555 1049 1582 1076 p.
1599 1037 1647 1066 42.

1061 1085 1143 1114 Οὐδὲν
1160 1090 1213 1118 τοῖς
1228 1086 1391 1117 δεσποτικοῐς
1407 1084 1600 1119 ἀνυπότακτον,
1614 1083 1642 1110 in
1657 1083 1761 1111 Orneu-

1021 1131 1079 1159 lum
1092 1130 1240 1167 Zachariae,
1254 1133 1368 1168 spuria,
1380 1137 1398 1158 t.
1414 1133 1443 1159 2.
1457 1141 1484 1168 p.
1500 1131 1568 1159 790.

1060 1176 1144 1206 Οὐδὲν
1155 1178 1206 1204 τῶν
1222 1175 1450 1214 ἓπιτυῃανόντων
1461 1177 1508 1209 τῆς
1525 1174 1668 1212 βασιλείας,
1679 1173 1760 1208 Quod

1021 1222 1136 1250 aliorum
1159 1222 1272 1250 salutem
1294 1231 1450 1260 promovere
1473 1220 1637 1256 debeamus,
1658 1220 1760 1258 Ecloga

1023 1267 1070 1296 40.
1086 1274 1106 1296 t.
1124 1269 1171 1295 12.
1188 1277 1213 1305 p.
1233 1268 1300 1296 730.

1062 1314 1144 1343 Οὐδὲν
1166 1316 1227 1352 ὑμῖν
1249 1313 1391 1351 ἀπολογίας
1405 1314 1443 1341 δεῖ
1463 1313 1527 1352 πρὸς
1541 1313 1571 1341 τὸ
1591 1312 1627 1350 μὴ
1642 1323 1759 1352 παραγ.,

1023 1359 1167 1388 Chalcidiae
1181 1366 1206 1388 et
1222 1359 1398 1398 Asyucritiae‚
1414 1369 1457 1398 ep.
1478 1359 1544 1388 242.
1562 1365 1582 1389 t.
1598 1360 1627 1389 3.
1644 1369 1672 1397 p.
1689 1360 1758 1388 736.

1061 1407 1144 1436 Οὖόὲν
1157 1407 1249 1445 φθόνου
1270 1406 1315 1435 καὶ
1338 1406 1482 1444 βασκανίας
1501 1410 1606 1445 χεῖρον,
1621 1405 1694 1434 οὐδέν
1705 1428 1713 1442 ,
1732 1405 1760 1434 iu

1022 1455 1100 1485 Joan.
1118 1455 1196 1484 Hom.
1212 1456 1260 1484 35.
1275 1460 1294 1482 t.
1311 1456 1338 1483 8.
1357 1464 1384 1492 p.
1402 1456 1468 1483 201.

1063 1501 1146 1529 Οὐδὲν
1168 1500 1260 1539 φθόνου
1286 1504 1374 1539 χεῖρον
1396 1499 1441 1527 καὶ
1465 1498 1624 1536 βασκανίας,
1638 1499 1666 1527 in
1681 1499 1760 1528 Joan.

1023 1547 1104 1575 Hom.
1123 1547 1201 1576 48.t.
1218 1549 1247 1576 8.
1263 1557 1290 1584 p.
1308 1547 1375 1575 283.

1062 1592 1145 1621 Οὐδὲν
1156 1597 1244 1631 χεῖρον
1257 1592 1274 1627 ἢ
1289 1592 1350 1620 ὅταν
1366 1603 1405 1623 τις
1421 1589 1606 1629 ἀνθρωπίνοις,
1619 1589 1647 1617 in
1664 1590 1719 1629 Ep.
1742 1593 1761 1619 Ξ).

1022 1638 1056 1667 ad
1071 1639 1191 1668 Timoth.
1209 1639 1285 1667 Hom.
1304 1640 1330 1667 2.
1349 1645 1366 1666 t.
1384 1640 1466 1675 11.p.
1482 1638 1549 1666 665.

1061 1685 1144 1714 Οὐδὲν
1163 1688 1197 1717 ὡς
1219 1685 1300 1714 ἔοικεν
1320 1684 1493 1724 ὠφελήσαμεν
1517 1682 1629 1721 μακρόν,
1645 1683 1672 1710 in
1698 1683 1761 1712 illos

1021 1731 1067 1769 qui
1089 1731 1122 1760 ad
1145 1731 1271 1770 synaxim
1287 1741 1339 1759 non
1355 1736 1534 1764 accesserunt,
1547 1736 1573 1757 et
1587 1729 1614 1757 in
1629 1728 1700 1757 illud
1711 1751 1719 1764 ,
1730 1729 1761 1758 Si

1022 1779 1163 1810 esurierit,
1178 1783 1228 1805 etc.
1242 1783 1263 1804 t.
1279 1779 1306 1806 3.
1326 1787 1352 1814 p.
1370 1777 1434 1804 157.

1062 1822 1131 1851 Οὐδὲ
1145 1818 1218 1855 οὗτος
1232 1823 1294 1860 παρ’
1306 1821 1442 1860 Ἱίὃραίοις
1453 1823 1467 1849 ὁ
1481 1821 1597 1860 ψαλμός,
1607 1820 1634 1848 in
1650 1821 1695 1851 PS.
1708 1822 1760 1857 95,

1021 1870 1168 1907 spuria‚t.
1187 1871 1216 1898 5.
1233 1879 1260 1907 Ρ.
1278 1870 1347 1898 787.

1061 1915 1196 1944 Οὐδέποτε
1211 1913 1380 1943 ἐπιλαθέσθαι
1395 1913 1526 1950 δυνάμεθα
1538 1915 1585 1947 τ’ἧς
1598 1913 1675 1950 γλυκ.
1687 1911 1762 1941 Vide

1023 1960 1050 1988 in
1060 1983 1067 1995 ‚
1079 1961 1149 1989 Πότε
1160 1961 1210 1999 γάρ
1227 1972 1271 1988 σου
1290 1959 1472 1989 ἐπιλαθέσθαι.

1063 2008 1102 2035 Οὐ
1115 2007 1157 2034 διὰ
1169 2006 1334 2045 γραμμάτων
1347 2005 1424 2043 μόνον
1434 2005 1468 2033 τὰ
1480 2005 1614 2043 πρακτέα,
1627 2005 1655 2032 in
1666 2004 1718 2042 Ep.
1742 2007 1760 2034 2

1023 2051 1059 2080 ad
1077 2052 1198 2080 Timoth.
1213 2052 1290 2081 Hom.
1305 2053 1333 2081 3.
1348 2058 1366 2078 t.
1388 2054 1430 2079 ll.
1445 2061 1472 2089 p.
1492 2052 1561 2079 672.

1063 2099 1102 2126 O&
1120 2097 1329 2135 διαλιμποὶνομεν
1343 2097 1421 2135 χάριν
1435 2098 1495 2133 ὑμῖν
1509 2096 1600 2134 ὁμολ.,
1615 2095 1760 2134 episcopis,

1023 2155 1066 2183 cp.
1086 2146 1150 2173 153.
1168 2151 1188 2172 t.
1205 2146 1236 2174 3.
1253 2154 1281 2182 p.
1300 2144 1369 2171 685.

1063 2191 1102 2218 Οὐ
1121 2190 1153 2217 δι’
1169 2189 1256 2227 ἑτέρου
1267 2212 1274 2224 ,
1290 2188 1381 2227 φησιν,
1401 2188 1530 2226 ἔπεμψεν,
1541 2186 1599 2216 οὐδὲ
1617 2187 1649 2215 δι’
1664 2186 1760 2221 ἄλλου,

1024 2233 1050 2262 in
1068 2234 1118 2273 Ep.
1134 2234 1167 2262 ad
1181 2234 1281 2272 Ephcs.
1296 2234 1375 2261 Hom.
1390 2235 1416 2262 6.
1431 2240 1448 2261 t.
1469 2236 1514 2261 11.
1532 2243 1557 2271 p.
1570 2234 1618 2262 38.

1063 2283 1102 2309 Οὐ
1119 2281 1243 2318 θαυμάζω
1255 2280 1297 2309 ὅτι
1311 2279 1359 2313 τὴν
1376 2279 1478 2317 μακρὰν
1496 2280 1582 2316 ἡμῶν,
1593 2280 1688 2315 Casto,
1704 2279 1761 2307 Va-

1023 2326 1099 2359 lei-io,
1117 2333 1166 2356 etc.
1186 2337 1227 2365 ep.
1245 2328 1291 2355 22.
1312 2332 1330 2352 t.
1346 2328 1375 2355 3.
1389 2335 1415 2364 Ρ.
1428 2327 1495 2354 607.

1063 2374 1120 2401 Οὐκ
1132 2372 1223 2411 ἀθρόον
1238 2371 1373 2400 ἀνοιδαίνει
1387 2373 1422 2403 εἷς
1435 2369 1613 2408 Ἱεροσόλυμα,
1623 2369 1650 2398 in
1663 2368 1760 2397 matth.

1026 2418 1095 2447 Hom
1120 2419 1168 2447 66.
1187 2425 1206 2446 t.
1224 2419 1252 2446 7.
1271 2428 1299 2456 p.
1318 2417 1386 2447 643.

1064 2466 1121 2493 Οὐκ
1134 2464 1163 2492 οἷν
1178 2476 1216 2495 τις
1229 2463 1340 2502 ἁμάρτοι
1355 2465 1472 2500 λειμῶνα
1485 2462 1627 2500 ἀρετῶν,ἰῦ
1642 2461 1670 2490 S.
1687 2462 1760 2499 Apo-

1024 2511 1122 2539 stolum
1135 2509 1248 2537 Paulum
1263 2509 1387 2536 Sermol.
1401 2514 1420 2536 t.
1438 2510 1463 2536 2.
1473 2519 1500 2546 Ρ.
1515 2507 1580 2536 476.

1063 2557 1120 2585 Οὔκ
1135 2551 1185 2593 ἀρα
1197 2555 1248 2582 ἀπὸ
1257 2555 1308 2582 τῶν
1322 2555 1432 2592 Γραφῶν
1446 2556 1522 2581 τοῦτο
1531 2552 1636 2588 ᾔδεσαν,
1647 2550 1717 2586 ἀλλ’,
1732 2550 1759 2578 in

1025 2601 1272 2630 M.1ul1.}{0m.58.
1289 2606 1308 2628 t.
1326 2601 1354 2627 7.
1372 2610 1398 2638 Ρ.
1418 2601 1484 2627 575.

1875 1390 1878 1418 --
1876 1369 1878 1380 -
1875 1253 1884 1364 .-η-π,
1876 1179 1884 1190 =
1876 1167 1884 1172 Ε
