1884 2922
517 526 1163 580 LECTORIBENEVOLO

79 698 839 777 SOLESMENSES
908 701 1610 785 BENEDICTINI

678 881 995 933 SALUTEM)

113 1318 274 1349 Praeclarae
285 1316 391 1348 Sancti
406 1315 534 1346 Joannis
546 1314 759 1354 chrysostomi
774 1315 914 1354 editioni,
930 1323 1025 1354 quam
1040 1316 1150 1346 fratres
1171 1317 1292 1349 Gaume
1303 1340 1311 1356 ‚
1320 1318 1425 1349 studio
1437 1327 1608 1359 numquam

72 1370 149 1400 satis
160 1369 327 1404 laudande,
342 1368 539 1406 paraverunt,
553 1367 660 1397 deesse
668 1367 784 1405 aliquid
793 1367 895 1397 visum
912 1369 1004 1404 esset,
1019 1367 1077 1398 nisi
1091 1368 1169 1399 tanti
1180 1370 1322 1400 Doctoris
1334 1379 1437 1401 aureae
1447 1373 1610 1403 sententiae

74 1420 165 1451 novis
177 1420 209 1450 in
217 1419 388 1454 Indicibus‚
399 1417 451 1456 qui
463 1419 525 1448 tam
536 1417 661 1456 egregio
674 1418 800 1457 incepto
813 1419 1049 1458 responderent,
1061 1418 1227 1458 diligenter
1241 1421 1370 1452 fuissent
1380 1423 1530 1453 collectae.
1543 1424 1610 1454 Ne—

74 1480 126 1502 mo
143 1470 226 1501 enim
240 1471 353 1501 infitias
366 1469 423 1500 ibit
434 1470 533 1500 multa
545 1471 575 1500 et
587 1477 700 1509 magna
712 1478 800 1501 novae
817 1471 890 1501 huic
904 1470 1030 1501 editioni
1044 1471 1221 1509 accessisse,
1237 1481 1373 1511 quorum
1387 1474 1609 1506 abundantiam

71 1523 166 1554 simul
181 1525 211 1553 et
224 1522 468 1553 concinnitatem
483 1522 658 1561 probabunt
673 1531 794 1554 omnes.
822 1524 839 1551 J
844 1531 897 1554 ure
909 1522 993 1553 enim
1006 1523 1066 1553 dici
1079 1532 1169 1562 posse
1193 1524 1350 1556 credimus
1374 1534 1452 1565 opus
1471 1528 1508 1556 D.
1538 1529 1608 1558 Ber-

72 1576 161 1606 nardi
176 1576 215 1606 de
229 1575 436 1606 Montfaucon
451 1575 588 1605 multum
601 1575 768 1614 profecisse
778 1599 786 1613 ,
802 1578 870 1606 tum
886 1583 928 1606 ex
942 1575 1117 1606 innumeris
1137 1576 1324 1608 mendorum
1339 1578 1606 1617 castigationibus,

73 1630 139 1658 tum
154 1635 196 1658 ex
210 1626 366 1665 frequenti
381 1628 552 1657 contextus
564 1627 601 1657 ad
617 1626 711 1657 fidem
725 1627 871 1658 codicum
884 1627 1077 1666 optimorum
1090 1629 1264 1660 collatione.

112 1705 172 1736 Sed
189 1706 273 1736 nulla
284 1706 412 1736 sortasse
426 1704 484 1735 alia
493 1713 564 1744 pars
575 1705 844 1736 Montt'auconiani
854 1706 954 1744 operis
963 1706 1041 1736 adeo
1056 1714 1184 1737 necesse
1198 1707 1332 1738 habebat
1341 1708 1605 1743 retractationem,

70 1760 167 1796 atque
179 1756 236 1795 ipsi
248 1757 371 1787 Indices
385 1759 452 1787 tum
466 1757 607 1787 locorum
621 1757 788 1796 Scripturae
799 1765 906 1795 sacrae,
923 1767 940 1788 a
954 1759 985 1788 S.
1004 1758 1139 1788 Doctore
1155 1759 1406 1798 explanatorum,
1420 1762 1487 1791 tum
1501 1769 1608 1792 rerum

71 1810 104 1840 in
118 1809 216 1848 ipsius
233 1809 358 1848 seriptis
376 1811 630 1840 memoratarum.
646 1810 810 1848 Nusquam
834 1808 918 1839 enim
940 1808 1213 1847 diligentissimum
1233 1809 1512 1850 doctissimumque
1532 1813 1608 1844 refe-

73 1862 183 1892 rebant
197 1863 371 1897 auctorem,
385 1861 474 1899 cujus
486 1869 600 1892 nomen
612 1862 789 1892 venerabile
801 1861 855 1892 toti
871 1861 998 1892 editioni
1016 1862 1193 1899 praesertum
1214 1862 1346 1900 plurima
1360 1871 1470 1894 manca
1485 1866 1539 1894 aut
1566 1865 1608 1895 in-

71 1914 155 1944 culta
162 1913 324 1951 jacebant3
340 1921 404 1943 uno
415 1913 522 1949 verbo,
538 1913 666 1943 cuilibet
686 1914 734 1944 vel
755 1913 863 1944 leviter
876 1914 1048 1944 advertenti
1070 1914 1268 1944 manifestum
1290 1917 1356 1945 erat
1370 1924 1448 1954 opus
1467 1918 1530 1947 tam
1545 1916 1606 1947 im-

71 1965 488 2004 perfectumincomtumque
502 1966 595 2004 longe
613 1965 651 1995 ab
668 1965 768 1996 oculis
783 1965 965 1996 immortalis
975 1966 1101 1996 editoris
1114 1966 1208 1995 fuisse
1222 1967 1407 1997 absolutum.
1425 1968 1515 2006 Quod
1532 1976 1607 1999 sane

70 2017 183 2048 mirum
212 2025 273 2047 non
289 2019 346 2054 est,
362 2017 386 2047 si
403 2017 473 2055 quis
490 2017 594 2047 animo
610 2020 733 2056 reputet
749 2017 989 2047 D.Bernardum
1008 2017 1047 2047 de
1068 2018 1272 2048 Montfaucon
1289 2018 1353 2056 jam
1367 2019 1494 2050 tertium
1512 2029 1605 2059 supra

70 2068 295 2107 octogesimum
309 2069 409 2099 aetatis
422 2077 487 2100 suae
499 2078 618 2100 annum
633 2069 770 2107 attigisse
784 2069 920 2107 quando,
934 2071 1116 2107 ann01738,
1133 2070 1162 2099 S.
1176 2070 1304 2101 Joannis
1315 2070 1526 2110 Chrysostomi
1540 2075 1605 2104 ter-

70 2121 132 2151 tius
145 2120 285 2151 decimus
296 2123 399 2151 tomus
415 2121 447 2151 in
462 2122 621 2159 publicum
635 2120 785 2160 prodibat.

109 2197 209 2236 Igitur
222 2206 294 2228 cum
313 2206 403 2229 novae
418 2199 513 2237 hujus
536 2199 679 2229 editionis
700 2200 844 2229 auctores
863 2198 902 2229 de
927 2199 1019 2229 tantis
1040 2199 1210 2230 sarciendis
1223 2200 1395 2232 defectibus
1410 2203 1602 2241 cogitarent,

70 2258 87 2279 a
102 2249 193 2279 nobis
207 2249 402 2287 quaesierunt
425 2253 459 2280 ut
481 2250 536 2280 otii
561 2250 658 2281 nostri
683 2252 802 2289 partem
818 2250 977 2280 Indicibus
999 2250 1036 2281 de
1052 2259 1133 2282 novo
1151 2252 1327 2283 reficiendis
1350 2254 1581 2293 impertiremus
1593 2270 1600 2284 :

69 2308 205 2339 quorum
218 2301 345 2339 quidem
360 2302 576 2332 honestissima
591 2304 659 2333 vota
674 2311 737 2332 non
749 2302 841 2332 modo
854 2311 916 2332 non
930 2302 1107 2340 rejicienda,
1116 2304 1181 2339 sed⁷
1199 2307 1233 2334 ut
1246 2313 1302 2343 par
1315 2307 1392 2343 erat,
1410 2308 1531 2344 promto
1542 2307 1603 2337 ani-

68 2360 120 2382 mo
130 2352 322 2382 admittenda
334 2361 401 2383 esse
420 2354 609 2384 censuimus.
626 2354 705 2384 Hinc
722 2363 777 2392 per
788 2354 907 2392 aliquot
921 2363 1018 2385 annos
1033 2355 1080 2385 his
1103 2356 1245 2386 texendis
1262 2357 1385 2387 assidue
1407 2358 1598 2389 vacavimus.

68 2405 168 2435 Dulce
180 2413 255 2435 sane
269 2405 327 2435 fuit
340 2405 428 2436 novis
446 2407 582 2436 Cucullae
607 2406 817 2437 Benedictinae
842 2406 996 2437 tironibus
1023 2416 1152 2437 manum
1178 2407 1333 2445 timidam,
1350 2409 1405 2439 sed
1427 2412 1512 2440 certe
1534 2412 1602 2440 stu-

69 2456 203 2495 diosam,
218 2465 347 2488 avorum
362 2457 446 2495 operi
460 2457 644 2492 admovere,
663 2460 697 2488 ut
711 2458 737 2488 ei
756 2459 1018 2497 complementum
1038 2460 1267 2498 qualecumque
1283 2483 1290 2497 ,
1315 2469 1371 2499 pro
1390 2460 1529 2499 ipsorum
1556 2463 1601 2491 te-

70 2508 198 2547 nuitate,
213 2509 387 2540 adderetur.
400 2511 417 2539 J
421 2509 546 2540 udicent
561 2509 665 2540 caeteri
678 2519 718 2540 an
731 2511 897 2542 sudoribus
918 2511 1032 2542 nostris
1055 2512 1186 2543 feliciter
1205 2514 1337 2544 creverit
1352 2515 1384 2544 et
1404 2514 1601 2552 aliquatenus

70 2560 182 2590 melius
202 2561 332 2591 evaserit
354 2574 361 2590 :
384 2563 526 2591 nostrum
554 2561 594 2592 sit
620 2563 844 2598 tantummodo,
861 2562 1054 2602 singillatim,
1077 2565 1130 2595 sed
1146 2565 1293 2602 breviter,
1308 2573 1464 2603 exponere
1479 2573 1549 2604 quae
1569 2565 1600 2596 in

67 2610 266 2650 adimplendo
277 2621 407 2643 munere
419 2612 586 2650 egerimus.
