<?xml version="1.0" encoding="UTF-8"?>
<!DOCTYPE html PUBLIC "-//W3C//DTD XHTML 1.0 Transitional//EN"
    "http://www.w3.org/TR/xhtml1/DTD/xhtml1-transitional.dtd">
<html xmlns="http://www.w3.org/1999/xhtml" xml:lang="en" lang="en">
 <head>
  <title>
</title>
<meta http-equiv="Content-Type" content="text/html;charset=utf-8" />
  <meta name='ocr-system' content='tesseract 3.04.00' />
  <meta name='ocr-capabilities' content='ocr_page ocr_carea ocr_par ocr_line ocrx_word'/>
</head>
<body>
  <div class='ocr_page' id='page_1' title='image "./operaomniaquaeex13johnuoft_0207.png"; bbox 0 0 1910 2907; ppageno 0'>
   <div class='ocr_carea' id='block_1_1' title="bbox 0 132 115 2564">
    <p class='ocr_par' dir='ltr' id='par_1_1' title="bbox 0 132 115 2564">
     <span class='ocr_line' id='line_1_1' title="bbox 0 132 115 2564; baseline 0 0"><span class='ocrx_word' id='word_1_1' title='bbox 0 132 115 2564; x_wconf 95' lang='lat' dir='ltr'><strong> </strong></span> 
     </span>
    </p>
   </div>
   <div class='ocr_carea' id='block_1_2' title="bbox 673 217 1143 242">
    <p class='ocr_par' dir='ltr' id='par_1_2' title="bbox 673 217 1143 242">
     <span class='ocr_line' id='line_1_2' title="bbox 673 217 1143 242; baseline -0.004 0"><span class='ocrx_word' id='word_1_2' title='bbox 673 219 761 242; x_wconf 76' lang='lat' dir='ltr'>NUNC</span> <span class='ocrx_word' id='word_1_3' title='bbox 788 218 919 242; x_wconf 81' lang='lat' dir='ltr'>PRIMUM</span> <span class='ocrx_word' id='word_1_4' title='bbox 947 217 1127 242; x_wconf 70' lang='lat' dir='ltr'><strong>ADORNATA</strong></span> <span class='ocrx_word' id='word_1_5' title='bbox 1134 232 1143 240; x_wconf 82' lang='lat'><strong>.</strong></span> 
     </span>
    </p>
   </div>
   <div class='ocr_carea' id='block_1_3' title="bbox 122 280 878 2668">
    <p class='ocr_par' dir='ltr' id='par_1_3' title="bbox 122 280 874 1047">
     <span class='ocr_line' id='line_1_3' title="bbox 122 280 867 321; baseline -0.003 -10"><span class='ocrx_word' id='word_1_6' title='bbox 122 293 184 312; x_wconf 89' lang='lat' dir='ltr'><strong>mus</strong></span> <span class='ocrx_word' id='word_1_7' title='bbox 195 281 265 311; x_wconf 88' lang='lat' dir='ltr'><strong>enim</strong></span> <span class='ocrx_word' id='word_1_8' title='bbox 274 281 404 311; x_wconf 82' lang='lat' dir='ltr'><strong>adversus</strong></span> <span class='ocrx_word' id='word_1_9' title='bbox 414 288 439 311; x_wconf 89' lang='lat' dir='ltr'><strong>te</strong></span> <span class='ocrx_word' id='word_1_10' title='bbox 453 281 559 311; x_wconf 81' lang='lat' dir='ltr'><strong>libellos</strong></span> <span class='ocrx_word' id='word_1_11' title='bbox 571 281 737 321; x_wconf 71' lang='lat' dir='ltr'>septuaginta</span> <span class='ocrx_word' id='word_1_12' title='bbox 747 280 867 320; x_wconf 88' lang='lat' dir='ltr'><strong>capitum</strong></span> 
     </span>
     <span class='ocr_line' id='line_1_4' title="bbox 123 327 867 368; baseline -0.003 -11"><span class='ocrx_word' id='word_1_13' title='bbox 123 329 262 358; x_wconf 81' lang='lat' dir='ltr'><strong>manifesta</strong></span> <span class='ocrx_word' id='word_1_14' title='bbox 275 328 392 367; x_wconf 76' lang='lat' dir='ltr'><strong>piacula.</strong></span> <span class='ocrx_word' id='word_1_15' title='bbox 408 329 554 368; x_wconf 70' lang='grc' dir='ltr'>προδήλους</span> <span class='ocrx_word' id='word_1_16' title='bbox 569 327 786 366; x_wconf 73' lang='grc' dir='ltr'>ἁθεμιτουργίας,</span> <span class='ocrx_word' id='word_1_17' title='bbox 800 337 867 355; x_wconf 86' lang='grc'>0011-</span> 
     </span>
     <span class='ocr_line' id='line_1_5' title="bbox 123 373 867 414; baseline -0.004 -11"><span class='ocrx_word' id='word_1_18' title='bbox 123 376 234 404; x_wconf 77' lang='lat' dir='ltr'><strong>timentes</strong></span> <span class='ocrx_word' id='word_1_19' title='bbox 251 387 256 402; x_wconf 94' lang='lat'><strong>:</strong></span> <span class='ocrx_word' id='word_1_20' title='bbox 273 382 298 403; x_wconf 86' lang='lat' dir='ltr'><strong>et</strong></span> <span class='ocrx_word' id='word_1_21' title='bbox 317 374 406 414; x_wconf 82' lang='lat' dir='ltr'><strong>plures</strong></span> <span class='ocrx_word' id='word_1_22' title='bbox 428 385 540 409; x_wconf 83' lang='lat' dir='ltr'><strong>sumus,</strong></span> <span class='ocrx_word' id='word_1_23' title='bbox 553 385 634 413; x_wconf 86' lang='lat' dir='ltr'><strong>quam</strong></span> <span class='ocrx_word' id='word_1_24' title='bbox 659 380 704 402; x_wconf 77' lang='lat' dir='ltr'><strong>tua</strong></span> <span class='ocrx_word' id='word_1_25' title='bbox 727 373 848 413; x_wconf 77' lang='lat' dir='ltr'><strong>synodus</strong></span> <span class='ocrx_word' id='word_1_26' title='bbox 860 395 867 409; x_wconf 86' lang='lat'><strong>,</strong></span> 
     </span>
     <span class='ocr_line' id='line_1_6' title="bbox 123 419 868 460; baseline -0.004 -10"><span class='ocrx_word' id='word_1_27' title='bbox 123 422 175 450; x_wconf 84' lang='lat' dir='ltr'><strong>Dei</strong></span> <span class='ocrx_word' id='word_1_28' title='bbox 190 421 275 459; x_wconf 72' lang='lat' dir='ltr'><strong>gratia</strong></span> <span class='ocrx_word' id='word_1_29' title='bbox 289 421 442 460; x_wconf 72' lang='lat' dir='ltr'><strong>congregati</strong></span> <span class='ocrx_word' id='word_1_30' title='bbox 457 444 464 455; x_wconf 82' lang='lat'><strong>,</strong></span> <span class='ocrx_word' id='word_1_31' title='bbox 478 432 531 449; x_wconf 91' lang='grc'>11011</span> <span class='ocrx_word' id='word_1_32' title='bbox 549 421 583 449; x_wconf 86' lang='lat' dir='ltr'><strong>ad</strong></span> <span class='ocrx_word' id='word_1_33' title='bbox 598 420 762 449; x_wconf 78' lang='lat' dir='ltr'>eversionem</span> <span class='ocrx_word' id='word_1_34' title='bbox 775 419 868 448; x_wconf 88' lang='lat' dir='ltr'><strong>Eccle-</strong></span> 
     </span>
     <span class='ocr_line' id='line_1_7' title="bbox 125 465 869 506; baseline -0.005 -10"><span class='ocrx_word' id='word_1_35' title='bbox 125 467 241 503; x_wconf 78' lang='lat' dir='ltr'><strong>siae‚sed</strong></span> <span class='ocrx_word' id='word_1_36' title='bbox 254 467 289 496; x_wconf 85' lang='lat' dir='ltr'><strong>ad</strong></span> <span class='ocrx_word' id='word_1_37' title='bbox 301 478 392 506; x_wconf 79' lang='lat' dir='ltr'><strong>pacem</strong></span> <span class='ocrx_word' id='word_1_38' title='bbox 404 467 559 496; x_wconf 76' lang='lat' dir='ltr'><strong>curandam.</strong></span> <span class='ocrx_word' id='word_1_39' title='bbox 576 466 620 494; x_wconf 92' lang='lat' dir='ltr'><strong>Tu</strong></span> <span class='ocrx_word' id='word_1_40' title='bbox 635 466 704 494; x_wconf 88' lang='grc'>0111111</span> <span class='ocrx_word' id='word_1_41' title='bbox 719 465 869 493; x_wconf 85' lang='lat' dir='ltr'><strong>tricesimus</strong></span> 
     </span>
     <span class='ocr_line' id='line_1_8' title="bbox 124 513 869 552; baseline -0.005 -10"><span class='ocrx_word' id='word_1_42' title='bbox 124 520 216 542; x_wconf 82' lang='lat' dir='ltr'><strong>sextus</strong></span> <span class='ocrx_word' id='word_1_43' title='bbox 236 524 263 542; x_wconf 81' lang='lat' dir='ltr'><strong>es</strong></span> <span class='ocrx_word' id='word_1_44' title='bbox 288 525 322 542; x_wconf 78' lang='lat' dir='ltr'><strong>ex</strong></span> <span class='ocrx_word' id='word_1_45' title='bbox 344 513 420 541; x_wconf 78' lang='lat' dir='ltr'><strong>unica</strong></span> <span class='ocrx_word' id='word_1_46' title='bbox 442 513 601 552; x_wconf 68' lang='lat' dir='ltr'><strong>provincia5</strong></span> <span class='ocrx_word' id='word_1_47' title='bbox 616 523 663 541; x_wconf 88' lang='lat' dir='ltr'><strong>nos</strong></span> <span class='ocrx_word' id='word_1_48' title='bbox 689 522 753 540; x_wconf 87' lang='lat' dir='ltr'><strong>vero</strong></span> <span class='ocrx_word' id='word_1_49' title='bbox 776 520 869 539; x_wconf 84' lang='lat' dir='ltr'><strong>sumus</strong></span> 
     </span>
     <span class='ocr_line' id='line_1_9' title="bbox 125 558 867 598; baseline -0.004 -11"><span class='ocrx_word' id='word_1_50' title='bbox 125 559 301 597; x_wconf 81' lang='lat' dir='ltr'><strong>quadraginta</strong></span> <span class='ocrx_word' id='word_1_51' title='bbox 314 571 328 588; x_wconf 86' lang='lat' dir='ltr'><strong>e</strong></span> <span class='ocrx_word' id='word_1_52' title='bbox 342 559 456 588; x_wconf 84' lang='lat' dir='ltr'><strong>diversis</strong></span> <span class='ocrx_word' id='word_1_53' title='bbox 478 559 624 598; x_wconf 83' lang='lat' dir='ltr'><strong>provinciis</strong></span> <span class='ocrx_word' id='word_1_54' title='bbox 634 581 641 593; x_wconf 92' lang='lat'><strong>,</strong></span> <span class='ocrx_word' id='word_1_55' title='bbox 658 558 727 586; x_wconf 90' lang='lat' dir='ltr'><strong>iuter</strong></span> <span class='ocrx_word' id='word_1_56' title='bbox 740 568 807 595; x_wconf 86' lang='lat' dir='ltr'><strong>quos</strong></span> <span class='ocrx_word' id='word_1_57' title='bbox 824 568 867 585; x_wconf 75' lang='lat' dir='ltr'><strong>su·</strong></span> 
     </span>
     <span class='ocr_line' id='line_1_10' title="bbox 125 605 869 645; baseline -0.003 -12"><span class='ocrx_word' id='word_1_58' title='bbox 125 615 184 633; x_wconf 88' lang='lat' dir='ltr'><strong>mus</strong></span> <span class='ocrx_word' id='word_1_59' title='bbox 199 606 279 634; x_wconf 84' lang='lat' dir='ltr'><strong>etiam</strong></span> <span class='ocrx_word' id='word_1_60' title='bbox 293 612 394 645; x_wconf 86' lang='lat' dir='ltr'><strong>septem</strong></span> <span class='ocrx_word' id='word_1_61' title='bbox 411 605 596 644; x_wconf 76' lang='lat' dir='ltr'><strong>metropolitae.</strong></span> <span class='ocrx_word' id='word_1_62' title='bbox 609 605 645 634; x_wconf 88' lang='lat' dir='ltr'><strong>Et</strong></span> <span class='ocrx_word' id='word_1_63' title='bbox 665 611 869 633; x_wconf 83' lang='lat' dir='ltr'><strong>consentaneum</strong></span> 
     </span>
     <span class='ocr_line' id='line_1_11' title="bbox 124 649 869 689; baseline -0.003 -10"><span class='ocrx_word' id='word_1_64' title='bbox 124 657 181 684; x_wconf 85' lang='lat' dir='ltr'><strong>est,</strong></span> <span class='ocrx_word' id='word_1_65' title='bbox 194 657 222 679; x_wconf 89' lang='lat' dir='ltr'><strong>ut</strong></span> <span class='ocrx_word' id='word_1_66' title='bbox 237 652 326 679; x_wconf 91' lang='lat' dir='ltr'><strong>minor</strong></span> <span class='ocrx_word' id='word_1_67' title='bbox 340 661 467 679; x_wconf 87' lang='lat' dir='ltr'><strong>numerus</strong></span> <span class='ocrx_word' id='word_1_68' title='bbox 480 661 495 679; x_wconf 87' lang='lat' dir='ltr'><strong>a</strong></span> <span class='ocrx_word' id='word_1_69' title='bbox 510 651 605 689; x_wconf 83' lang='lat' dir='ltr'><strong>majori</strong></span> <span class='ocrx_word' id='word_1_70' title='bbox 621 656 702 688; x_wconf 81' lang='lat' dir='ltr'><strong>atque</strong></span> <span class='ocrx_word' id='word_1_71' title='bbox 716 649 814 688; x_wconf 89' lang='lat' dir='ltr'><strong>potiori</strong></span> <span class='ocrx_word' id='word_1_72' title='bbox 825 659 869 677; x_wconf 86' lang='lat' dir='ltr'><strong>se-</strong></span> 
     </span>
     <span class='ocr_line' id='line_1_12' title="bbox 125 693 872 736; baseline -0.004 -11"><span class='ocrx_word' id='word_1_73' title='bbox 125 696 247 725; x_wconf 88' lang='lat' dir='ltr'><strong>cundum</strong></span> <span class='ocrx_word' id='word_1_74' title='bbox 261 697 524 736; x_wconf 83' lang='lat' dir='ltr'><strong>canonesjudicetur.</strong></span> <span class='ocrx_word' id='word_1_75' title='bbox 538 696 673 724; x_wconf 85' lang='lat' dir='ltr'><strong>llabcmus</strong></span> <span class='ocrx_word' id='word_1_76' title='bbox 687 695 758 723; x_wconf 80' lang='lat' dir='ltr'><strong>enim</strong></span> <span class='ocrx_word' id='word_1_77' title='bbox 774 702 799 723; x_wconf 84' lang='lat' dir='ltr'><strong>et</strong></span> <span class='ocrx_word' id='word_1_78' title='bbox 813 693 872 733; x_wconf 83' lang='lat' dir='ltr'><strong>epi-</strong></span> 
     </span>
     <span class='ocr_line' id='line_1_13' title="bbox 124 742 872 781; baseline -0.004 -10"><span class='ocrx_word' id='word_1_79' title='bbox 124 743 220 771; x_wconf 84' lang='lat' dir='ltr'><strong>stolam</strong></span> <span class='ocrx_word' id='word_1_80' title='bbox 233 749 322 779; x_wconf 84' lang='lat' dir='ltr'><strong>tuam,</strong></span> <span class='ocrx_word' id='word_1_81' title='bbox 335 754 381 781; x_wconf 86' lang='lat' dir='ltr'><strong>per</strong></span> <span class='ocrx_word' id='word_1_82' title='bbox 399 754 480 781; x_wconf 76' lang='lat' dir='ltr'><strong>quam</strong></span> <span class='ocrx_word' id='word_1_83' title='bbox 495 753 585 771; x_wconf 84' lang='lat' dir='ltr'><strong>mones</strong></span> <span class='ocrx_word' id='word_1_84' title='bbox 608 742 804 781; x_wconf 85' lang='lat' dir='ltr'><strong>Coepiscopum</strong></span> <span class='ocrx_word' id='word_1_85' title='bbox 819 751 872 769; x_wconf 89' lang='lat' dir='ltr'><strong>no—</strong></span> 
     </span>
     <span class='ocr_line' id='line_1_14' title="bbox 123 787 872 824; baseline -0.003 -8"><span class='ocrx_word' id='word_1_86' title='bbox 123 794 210 816; x_wconf 86' lang='lat' dir='ltr'><strong>strum</strong></span> <span class='ocrx_word' id='word_1_87' title='bbox 228 790 376 824; x_wconf 74' lang='lat' dir='ltr'><strong>Jonnnem,</strong></span> <span class='ocrx_word' id='word_1_88' title='bbox 400 789 594 817; x_wconf 70' lang='lat' dir='ltr'>accusationem</span> <span class='ocrx_word' id='word_1_89' title='bbox 609 795 683 817; x_wconf 75' lang='lat' dir='ltr'><strong>extra</strong></span> <span class='ocrx_word' id='word_1_90' title='bbox 703 787 801 815; x_wconf 86' lang='lat' dir='ltr'><strong>limites</strong></span> <span class='ocrx_word' id='word_1_91' title='bbox 820 796 872 815; x_wconf 84' lang='lat' dir='ltr'><strong>non</strong></span> 
     </span>
     <span class='ocr_line' id='line_1_15' title="bbox 127 833 873 871; baseline -0.001 -9"><span class='ocrx_word' id='word_1_92' title='bbox 127 833 227 862; x_wconf 87' lang='lat' dir='ltr'><strong>debere</strong></span> <span class='ocrx_word' id='word_1_93' title='bbox 241 834 356 862; x_wconf 78' lang='lat' dir='ltr'><strong>admitti.</strong></span> <span class='ocrx_word' id='word_1_94' title='bbox 374 835 466 871; x_wconf 76' lang='lat' dir='ltr'><strong>Unde,</strong></span> <span class='ocrx_word' id='word_1_95' title='bbox 483 834 666 863; x_wconf 78' lang='lat' dir='ltr'><strong>ecclesiasticis</strong></span> <span class='ocrx_word' id='word_1_96' title='bbox 682 833 785 871; x_wconf 75' lang='lat' dir='ltr'><strong>legibus</strong></span> <span class='ocrx_word' id='word_1_97' title='bbox 795 833 873 861; x_wconf 88' lang='lat' dir='ltr'><strong>obse-</strong></span> 
     </span>
     <span class='ocr_line' id='line_1_16' title="bbox 128 879 874 920; baseline -0.001 -13"><span class='ocrx_word' id='word_1_98' title='bbox 128 890 222 918; x_wconf 80' lang='lat' dir='ltr'><strong>quens,</strong></span> <span class='ocrx_word' id='word_1_99' title='bbox 233 887 400 909; x_wconf 73' lang='lat' dir='ltr'>accusatores</span> <span class='ocrx_word' id='word_1_100' title='bbox 412 887 470 909; x_wconf 83' lang='lat' dir='ltr'><strong>tuos</strong></span> <span class='ocrx_word' id='word_1_101' title='bbox 483 891 600 920; x_wconf 75' lang='lat' dir='ltr'>precare,</span> <span class='ocrx_word' id='word_1_102' title='bbox 610 887 639 908; x_wconf 90' lang='lat' dir='ltr'><strong>ut</strong></span> <span class='ocrx_word' id='word_1_103' title='bbox 649 879 690 908; x_wconf 76' lang='lat' dir='ltr'><strong>vel</strong></span> <span class='ocrx_word' id='word_1_104' title='bbox 705 879 738 907; x_wconf 88' lang='lat' dir='ltr'><strong>ab</strong></span> <span class='ocrx_word' id='word_1_105' title='bbox 749 889 874 907; x_wconf 82' lang='lat' dir='ltr'><strong>accusau-</strong></span> 
     </span>
     <span class='ocr_line' id='line_1_17' title="bbox 128 925 872 966; baseline 0 -13"><span class='ocrx_word' id='word_1_106' title='bbox 128 925 164 954; x_wconf 89' lang='lat' dir='ltr'><strong>do</strong></span> <span class='ocrx_word' id='word_1_107' title='bbox 179 933 203 955; x_wconf 91' lang='lat' dir='ltr'><strong>te</strong></span> <span class='ocrx_word' id='word_1_108' title='bbox 217 926 402 963; x_wconf 81' lang='lat' dir='ltr'><strong>desistant,vel</strong></span> <span class='ocrx_word' id='word_1_109' title='bbox 416 938 446 955; x_wconf 80' lang='lat' dir='ltr'><strong>ue</strong></span> <span class='ocrx_word' id='word_1_110' title='bbox 461 933 605 966; x_wconf 73' lang='lat' dir='ltr'>provocent</span> <span class='ocrx_word' id='word_1_111' title='bbox 615 933 639 954; x_wconf 88' lang='lat' dir='ltr'><strong>te</strong></span> <span class='ocrx_word' id='word_1_112' title='bbox 655 933 683 954; x_wconf 84' lang='lat' dir='ltr'><strong>ut</strong></span> <span class='ocrx_word' id='word_1_113' title='bbox 695 925 731 954; x_wconf 85' lang='lat' dir='ltr'><strong>ad</strong></span> <span class='ocrx_word' id='word_1_114' title='bbox 742 926 872 954; x_wconf 73' lang='lat' dir='ltr'><strong>,loannem</strong></span> 
     </span>
     <span class='ocr_line' id='line_1_18' title="bbox 127 971 872 1011; baseline -0.003 -11"><span class='ocrx_word' id='word_1_115' title='bbox 127 973 271 1002; x_wconf 83' lang='lat' dir='ltr'><strong>accedas.»</strong></span> <span class='ocrx_word' id='word_1_116' title='bbox 293 974 352 1002; x_wconf 81' lang='lat' dir='ltr'><strong>Alia</strong></span> <span class='ocrx_word' id='word_1_117' title='bbox 374 983 480 1011; x_wconf 87' lang='lat' dir='ltr'><strong>quoquc</strong></span> <span class='ocrx_word' id='word_1_118' title='bbox 502 972 545 1001; x_wconf 85' lang='lat' dir='ltr'><strong>his</strong></span> <span class='ocrx_word' id='word_1_119' title='bbox 567 972 741 1011; x_wconf 83' lang='lat' dir='ltr'><strong>adjecerunt,</strong></span> <span class='ocrx_word' id='word_1_120' title='bbox 756 981 816 1009; x_wconf 80' lang='lat' dir='ltr'><strong>quae</strong></span> <span class='ocrx_word' id='word_1_121' title='bbox 837 971 872 999; x_wconf 78' lang='lat' dir='ltr'><strong>ab</strong></span> 
     </span>
     <span class='ocr_line' id='line_1_19' title="bbox 125 1017 532 1047; baseline 0.002 -1"><span class='ocrx_word' id='word_1_122' title='bbox 125 1017 217 1046; x_wconf 88' lang='lat' dir='ltr'><strong>eodem</strong></span> <span class='ocrx_word' id='word_1_123' title='bbox 233 1019 353 1047; x_wconf 84' lang='lat' dir='ltr'><strong>Palladio</strong></span> <span class='ocrx_word' id='word_1_124' title='bbox 367 1020 532 1047; x_wconf 80' lang='lat' dir='ltr'><strong>referuntur.</strong></span> 
     </span>
    </p>

    <p class='ocr_par' dir='ltr' id='par_1_4' title="bbox 125 1063 876 1428">
     <span class='ocr_line' id='line_1_20' title="bbox 169 1063 874 1105; baseline -0.004 -11"><span class='ocrx_word' id='word_1_125' title='bbox 169 1066 214 1094; x_wconf 79' lang='lat' dir='ltr'><strong>Ait</strong></span> <span class='ocrx_word' id='word_1_126' title='bbox 232 1076 295 1094; x_wconf 75' lang='lat' dir='ltr'><strong>vcro</strong></span> <span class='ocrx_word' id='word_1_127' title='bbox 311 1066 521 1105; x_wconf 83' lang='lat' dir='ltr'><strong>Chrysostomus</strong></span> <span class='ocrx_word' id='word_1_128' title='bbox 537 1065 564 1093; x_wconf 89' lang='lat' dir='ltr'><strong>in</strong></span> <span class='ocrx_word' id='word_1_129' title='bbox 578 1064 696 1104; x_wconf 72' lang='lat' dir='ltr'>Epistola</span> <span class='ocrx_word' id='word_1_130' title='bbox 715 1074 762 1092; x_wconf 84' lang='lat' dir='ltr'><strong>sua</strong></span> <span class='ocrx_word' id='word_1_131' title='bbox 778 1063 812 1092; x_wconf 85' lang='lat' dir='ltr'><strong>ad</strong></span> <span class='ocrx_word' id='word_1_132' title='bbox 827 1065 874 1092; x_wconf 88' lang='lat' dir='ltr'><strong>In-</strong></span> 
     </span>
     <span class='ocr_line' id='line_1_21' title="bbox 125 1110 873 1152; baseline -0.004 -12"><span class='ocrx_word' id='word_1_133' title='bbox 125 1112 278 1140; x_wconf 77' lang='lat' dir='ltr'><strong>nocentium</strong></span> <span class='ocrx_word' id='word_1_134' title='bbox 288 1113 387 1152; x_wconf 73' lang='lat' dir='ltr'><strong>Papam</strong></span> <span class='ocrx_word' id='word_1_135' title='bbox 402 1113 435 1140; x_wconf 91' lang='lat' dir='ltr'><strong>T.</strong></span> <span class='ocrx_word' id='word_1_136' title='bbox 450 1113 465 1140; x_wconf 81' lang='lat'>3</span> <span class='ocrx_word' id='word_1_137' title='bbox 478 1134 486 1145; x_wconf 85' lang='lat'><em>‚</em></span> <span class='ocrx_word' id='word_1_138' title='bbox 503 1122 529 1150; x_wconf 88' lang='lat' dir='ltr'><strong>p.</strong></span> <span class='ocrx_word' id='word_1_139' title='bbox 546 1112 603 1139; x_wconf 74' lang='lat'><strong>510</strong></span> <span class='ocrx_word' id='word_1_140' title='bbox 616 1133 622 1147; x_wconf 86' lang='lat'><strong>,</strong></span> <span class='ocrx_word' id='word_1_141' title='bbox 634 1112 675 1147; x_wconf 82' lang='lat' dir='ltr'><strong>D,</strong></span> <span class='ocrx_word' id='word_1_142' title='bbox 687 1110 873 1149; x_wconf 82' lang='lat' dir='ltr'>Theophilum</span> 
     </span>
     <span class='ocr_line' id='line_1_22' title="bbox 125 1157 874 1196; baseline 0 -11"><span class='ocrx_word' id='word_1_143' title='bbox 125 1158 298 1187; x_wconf 80' lang='lat' dir='ltr'><strong>advocavisse</strong></span> <span class='ocrx_word' id='word_1_144' title='bbox 307 1158 527 1187; x_wconf 79' lang='lat' dir='ltr'>archidiaconum</span> <span class='ocrx_word' id='word_1_145' title='bbox 537 1157 874 1196; x_wconf 68' lang='lat' dir='ltr'><strong>Constantinopolimnum,</strong></span> 
     </span>
     <span class='ocr_line' id='line_1_23' title="bbox 127 1203 874 1243; baseline 0 -12"><span class='ocrx_word' id='word_1_146' title='bbox 127 1204 173 1242; x_wconf 90' lang='lat' dir='ltr'><strong>qui</strong></span> <span class='ocrx_word' id='word_1_147' title='bbox 190 1204 263 1232; x_wconf 85' lang='lat' dir='ltr'><strong>haud</strong></span> <span class='ocrx_word' id='word_1_148' title='bbox 278 1204 361 1233; x_wconf 79' lang='lat' dir='ltr'><strong>dubie</strong></span> <span class='ocrx_word' id='word_1_149' title='bbox 376 1204 498 1243; x_wconf 79' lang='lat' dir='ltr'><strong>partibus</strong></span> <span class='ocrx_word' id='word_1_150' title='bbox 511 1204 566 1232; x_wconf 87' lang='lat' dir='ltr'><strong>suis</strong></span> <span class='ocrx_word' id='word_1_151' title='bbox 580 1203 804 1241; x_wconf 70' lang='lat' dir='ltr'><strong>liaerebat331quc</strong></span> <span class='ocrx_word' id='word_1_152' title='bbox 817 1203 874 1242; x_wconf 88' lang='lat' dir='ltr'><strong>ejus</strong></span> 
     </span>
     <span class='ocr_line' id='line_1_24' title="bbox 128 1249 875 1288; baseline -0.003 -10"><span class='ocrx_word' id='word_1_153' title='bbox 128 1260 207 1288; x_wconf 84' lang='lat' dir='ltr'><strong>opera</strong></span> <span class='ocrx_word' id='word_1_154' title='bbox 225 1250 333 1279; x_wconf 83' lang='lat' dir='ltr'><strong>Clerum</strong></span> <span class='ocrx_word' id='word_1_155' title='bbox 350 1261 455 1278; x_wconf 87' lang='lat' dir='ltr'><strong>omnem</strong></span> <span class='ocrx_word' id='word_1_156' title='bbox 478 1249 530 1278; x_wconf 85' lang='lat' dir='ltr'><strong>sibi</strong></span> <span class='ocrx_word' id='word_1_157' title='bbox 545 1249 711 1287; x_wconf 77' lang='lat' dir='ltr'><strong>adjunxisse.</strong></span> <span class='ocrx_word' id='word_1_158' title='bbox 730 1251 789 1278; x_wconf 81' lang='lat' dir='ltr'><strong>Jam</strong></span> <span class='ocrx_word' id='word_1_159' title='bbox 804 1249 875 1277; x_wconf 86' lang='lat' dir='ltr'><strong>euim</strong></span> 
     </span>
     <span class='ocr_line' id='line_1_25' title="bbox 128 1294 875 1334; baseline -0.004 -9"><span class='ocrx_word' id='word_1_160' title='bbox 128 1296 247 1326; x_wconf 78' lang='lat' dir='ltr'><strong>vidimus</strong></span> <span class='ocrx_word' id='word_1_161' title='bbox 257 1297 364 1325; x_wconf 85' lang='lat' dir='ltr'><strong>Clerum</strong></span> <span class='ocrx_word' id='word_1_162' title='bbox 378 1295 716 1334; x_wconf 77' lang='lat' dir='ltr'><strong>Constantinopolitanum,</strong></span> <span class='ocrx_word' id='word_1_163' title='bbox 731 1295 807 1334; x_wconf 84' lang='lat' dir='ltr'><strong>cujus</strong></span> <span class='ocrx_word' id='word_1_164' title='bbox 820 1294 875 1323; x_wconf 90' lang='lat' dir='ltr'><strong>dis-</strong></span> 
     </span>
     <span class='ocr_line' id='line_1_26' title="bbox 130 1340 876 1380; baseline 0 -10"><span class='ocrx_word' id='word_1_165' title='bbox 130 1342 231 1370; x_wconf 87' lang='lat' dir='ltr'><strong>solutos</strong></span> <span class='ocrx_word' id='word_1_166' title='bbox 248 1353 333 1371; x_wconf 86' lang='lat' dir='ltr'><strong>mores</strong></span> <span class='ocrx_word' id='word_1_167' title='bbox 347 1341 493 1371; x_wconf 82' lang='lat' dir='ltr'>incessebat</span> <span class='ocrx_word' id='word_1_168' title='bbox 506 1341 716 1380; x_wconf 79' lang='lat' dir='ltr'><strong>Chrysostomus</strong></span> <span class='ocrx_word' id='word_1_169' title='bbox 729 1363 736 1377; x_wconf 87' lang='lat'>‚</span> <span class='ocrx_word' id='word_1_170' title='bbox 750 1340 876 1370; x_wconf 86' lang='lat' dir='ltr'><strong>infestum</strong></span> 
     </span>
     <span class='ocr_line' id='line_1_27' title="bbox 130 1389 285 1428; baseline 0.006 -12"><span class='ocrx_word' id='word_1_171' title='bbox 130 1389 181 1428; x_wconf 85' lang='lat' dir='ltr'><strong>ipsi</strong></span> <span class='ocrx_word' id='word_1_172' title='bbox 196 1389 285 1417; x_wconf 83' lang='lat' dir='ltr'><strong>fuisse.</strong></span> 
     </span>
    </p>

    <p class='ocr_par' dir='ltr' id='par_1_5' title="bbox 130 1431 876 1885">
     <span class='ocr_line' id='line_1_28' title="bbox 170 1431 874 1470; baseline -0.003 -9"><span class='ocrx_word' id='word_1_173' title='bbox 170 1434 284 1462; x_wconf 86' lang='lat' dir='ltr'><strong>Joaunes</strong></span> <span class='ocrx_word' id='word_1_174' title='bbox 295 1442 374 1467; x_wconf 69' lang='lat' dir='ltr'><strong>vere,</strong></span> <span class='ocrx_word' id='word_1_175' title='bbox 391 1438 529 1470; x_wconf 73' lang='lat' dir='ltr'>postquam</span> <span class='ocrx_word' id='word_1_176' title='bbox 542 1431 671 1470; x_wconf 78' lang='lat' dir='ltr'><strong>Synedus</strong></span> <span class='ocrx_word' id='word_1_177' title='bbox 685 1431 743 1459; x_wconf 71' lang='lat' dir='ltr'><strong>hzec</strong></span> <span class='ocrx_word' id='word_1_178' title='bbox 762 1441 874 1470; x_wconf 86' lang='lat' dir='ltr'><strong>respou-</strong></span> 
     </span>
     <span class='ocr_line' id='line_1_29' title="bbox 130 1477 874 1518; baseline -0.004 -11"><span class='ocrx_word' id='word_1_179' title='bbox 130 1478 225 1515; x_wconf 85' lang='lat' dir='ltr'><strong>derat,</strong></span> <span class='ocrx_word' id='word_1_180' title='bbox 238 1479 265 1506; x_wconf 91' lang='lat' dir='ltr'><strong>in</strong></span> <span class='ocrx_word' id='word_1_181' title='bbox 281 1478 366 1518; x_wconf 74' lang='lat' dir='ltr'><strong>prima</strong></span> <span class='ocrx_word' id='word_1_182' title='bbox 379 1478 433 1516; x_wconf 82' lang='lat' dir='ltr'><strong>jam</strong></span> <span class='ocrx_word' id='word_1_183' title='bbox 450 1488 496 1505; x_wconf 86' lang='lat' dir='ltr'><strong>sua</strong></span> <span class='ocrx_word' id='word_1_184' title='bbox 513 1477 700 1515; x_wconf 76' lang='lat' dir='ltr'><strong>responsione,</strong></span> <span class='ocrx_word' id='word_1_185' title='bbox 716 1477 750 1505; x_wconf 87' lang='lat' dir='ltr'><strong>de</strong></span> <span class='ocrx_word' id='word_1_186' title='bbox 764 1487 816 1515; x_wconf 79' lang='lat' dir='ltr'><strong>qua</strong></span> <span class='ocrx_word' id='word_1_187' title='bbox 829 1487 874 1505; x_wconf 88' lang='lat' dir='ltr'><strong>su-</strong></span> 
     </span>
     <span class='ocr_line' id='line_1_30' title="bbox 130 1523 873 1564; baseline -0.003 -11"><span class='ocrx_word' id='word_1_188' title='bbox 130 1525 229 1564; x_wconf 86' lang='lat' dir='ltr'><strong>perius,</strong></span> <span class='ocrx_word' id='word_1_189' title='bbox 244 1525 378 1558; x_wconf 78' lang='lat' dir='ltr'><strong>insistens,</strong></span> <span class='ocrx_word' id='word_1_190' title='bbox 390 1523 447 1551; x_wconf 69' lang='grc'>11100</span> <span class='ocrx_word' id='word_1_191' title='bbox 458 1523 528 1551; x_wconf 81' lang='lat' dir='ltr'><strong>datis</strong></span> <span class='ocrx_word' id='word_1_192' title='bbox 542 1523 627 1551; x_wconf 89' lang='lat' dir='ltr'><strong>literis</strong></span> <span class='ocrx_word' id='word_1_193' title='bbox 637 1523 775 1561; x_wconf 84' lang='lat' dir='ltr'><strong>respondit</strong></span> <span class='ocrx_word' id='word_1_194' title='bbox 786 1545 793 1559; x_wconf 88' lang='lat'>‚</span> <span class='ocrx_word' id='word_1_195' title='bbox 806 1534 834 1551; x_wconf 99' lang='grc'><strong>50</strong></span> <span class='ocrx_word' id='word_1_196' title='bbox 847 1523 873 1551; x_wconf 90' lang='grc'><strong>111</strong></span> 
     </span>
     <span class='ocr_line' id='line_1_31' title="bbox 130 1569 874 1609; baseline -0.005 -9"><span class='ocrx_word' id='word_1_197' title='bbox 130 1571 226 1609; x_wconf 82' lang='lat' dir='ltr'><strong>quovis</strong></span> <span class='ocrx_word' id='word_1_198' title='bbox 245 1571 304 1599; x_wconf 89' lang='lat' dir='ltr'><strong>loco</strong></span> <span class='ocrx_word' id='word_1_199' title='bbox 318 1593 325 1604; x_wconf 93' lang='lat'><strong>,</strong></span> <span class='ocrx_word' id='word_1_200' title='bbox 344 1570 393 1598; x_wconf 85' lang='lat' dir='ltr'><strong>etsi</strong></span> <span class='ocrx_word' id='word_1_201' title='bbox 409 1569 437 1597; x_wconf 83' lang='lat' dir='ltr'><strong>id</strong></span> <span class='ocrx_word' id='word_1_202' title='bbox 450 1571 477 1597; x_wconf 87' lang='lat' dir='ltr'><strong>in</strong></span> <span class='ocrx_word' id='word_1_203' title='bbox 493 1569 599 1597; x_wconf 78' lang='lat' dir='ltr'><strong>civitate</strong></span> <span class='ocrx_word' id='word_1_204' title='bbox 610 1569 666 1597; x_wconf 85' lang='lat' dir='ltr'><strong>[ieri</strong></span> <span class='ocrx_word' id='word_1_205' title='bbox 680 1569 817 1608; x_wconf 87' lang='lat' dir='ltr'><strong>oportuit,</strong></span> <span class='ocrx_word' id='word_1_206' title='bbox 829 1580 874 1609; x_wconf 68' lang='lat' dir='ltr'><strong>pa-</strong></span> 
     </span>
     <span class='ocr_line' id='line_1_32' title="bbox 131 1614 874 1654; baseline -0.005 -8"><span class='ocrx_word' id='word_1_207' title='bbox 131 1625 217 1646; x_wconf 87' lang='lat' dir='ltr'><strong>ratum</strong></span> <span class='ocrx_word' id='word_1_208' title='bbox 234 1627 289 1645; x_wconf 86' lang='grc'>0550</span> <span class='ocrx_word' id='word_1_209' title='bbox 310 1616 345 1645; x_wconf 84' lang='lat' dir='ltr'><strong>ad</strong></span> <span class='ocrx_word' id='word_1_210' title='bbox 363 1615 498 1654; x_wconf 86' lang='lat' dir='ltr'><strong>judicium</strong></span> <span class='ocrx_word' id='word_1_211' title='bbox 521 1615 713 1650; x_wconf 88' lang='lat' dir='ltr'><strong>subeundum,</strong></span> <span class='ocrx_word' id='word_1_212' title='bbox 726 1614 874 1643; x_wconf 87' lang='lat' dir='ltr'><strong>dummodo</strong></span> 
     </span>
     <span class='ocr_line' id='line_1_33' title="bbox 130 1660 876 1699; baseline -0.005 -7"><span class='ocrx_word' id='word_1_213' title='bbox 130 1664 284 1692; x_wconf 81' lang='lat' dir='ltr'><strong>manifestos</strong></span> <span class='ocrx_word' id='word_1_214' title='bbox 307 1663 429 1690; x_wconf 78' lang='lat' dir='ltr'><strong>inimicos</strong></span> <span class='ocrx_word' id='word_1_215' title='bbox 443 1672 506 1689; x_wconf 88' lang='lat' dir='ltr'><strong>suos</strong></span> <span class='ocrx_word' id='word_1_216' title='bbox 521 1672 555 1689; x_wconf 78' lang='lat' dir='ltr'><strong>ex</strong></span> <span class='ocrx_word' id='word_1_217' title='bbox 573 1668 704 1689; x_wconf 87' lang='lat' dir='ltr'><strong>conventu</strong></span> <span class='ocrx_word' id='word_1_218' title='bbox 727 1671 777 1689; x_wconf 87' lang='lat' dir='ltr'><strong>suo</strong></span> <span class='ocrx_word' id='word_1_219' title='bbox 792 1660 876 1699; x_wconf 78' lang='lat' dir='ltr'><strong>ejice·</strong></span> 
     </span>
     <span class='ocr_line' id='line_1_34' title="bbox 131 1707 873 1747; baseline -0.004 -10"><span class='ocrx_word' id='word_1_220' title='bbox 131 1715 198 1743; x_wconf 86' lang='lat' dir='ltr'><strong>rent,</strong></span> <span class='ocrx_word' id='word_1_221' title='bbox 216 1719 309 1747; x_wconf 82' lang='lat' dir='ltr'><strong>nempe</strong></span> <span class='ocrx_word' id='word_1_222' title='bbox 320 1707 503 1747; x_wconf 79' lang='lat' dir='ltr'>Theophilum</span> <span class='ocrx_word' id='word_1_223' title='bbox 514 1729 522 1743; x_wconf 91' lang='lat'><em>‚</em></span> <span class='ocrx_word' id='word_1_224' title='bbox 537 1707 664 1735; x_wconf 65' lang='lat' dir='ltr'><strong>Acacium</strong></span> <span class='ocrx_word' id='word_1_225' title='bbox 678 1730 685 1743; x_wconf 91' lang='lat'>‚</span> <span class='ocrx_word' id='word_1_226' title='bbox 697 1707 873 1736; x_wconf 77' lang='lat' dir='ltr'><strong>Severianum</strong></span> 
     </span>
     <span class='ocr_line' id='line_1_35' title="bbox 131 1753 874 1792; baseline -0.001 -9"><span class='ocrx_word' id='word_1_227' title='bbox 131 1762 157 1783; x_wconf 85' lang='lat' dir='ltr'><strong>et</strong></span> <span class='ocrx_word' id='word_1_228' title='bbox 170 1755 341 1789; x_wconf 75' lang='lat' dir='ltr'><strong>Antiochum,</strong></span> <span class='ocrx_word' id='word_1_229' title='bbox 356 1765 423 1792; x_wconf 89' lang='lat' dir='ltr'><strong>quos</strong></span> <span class='ocrx_word' id='word_1_230' title='bbox 433 1754 518 1792; x_wconf 85' lang='lat' dir='ltr'><strong>aperti</strong></span> <span class='ocrx_word' id='word_1_231' title='bbox 531 1753 584 1782; x_wconf 91' lang='lat' dir='ltr'><strong>odii</strong></span> <span class='ocrx_word' id='word_1_232' title='bbox 597 1761 621 1782; x_wconf 87' lang='lat' dir='ltr'><strong>et</strong></span> <span class='ocrx_word' id='word_1_233' title='bbox 634 1754 783 1782; x_wconf 76' lang='lat' dir='ltr'><strong>inimicitiae</strong></span> <span class='ocrx_word' id='word_1_234' title='bbox 799 1754 874 1792; x_wconf 73' lang='lat' dir='ltr'><strong>signa</strong></span> 
     </span>
     <span class='ocr_line' id='line_1_36' title="bbox 132 1799 876 1840; baseline -0.003 -11"><span class='ocrx_word' id='word_1_235' title='bbox 132 1801 237 1830; x_wconf 77' lang='lat' dir='ltr'><strong>dedisse</strong></span> <span class='ocrx_word' id='word_1_236' title='bbox 262 1801 392 1840; x_wconf 77' lang='lat' dir='ltr'>probabat</span> <span class='ocrx_word' id='word_1_237' title='bbox 410 1812 418 1837; x_wconf 78' lang='lat'>3</span> <span class='ocrx_word' id='word_1_238' title='bbox 441 1800 580 1828; x_wconf 83' lang='lat' dir='ltr'><strong>declarans</strong></span> <span class='ocrx_word' id='word_1_239' title='bbox 607 1810 635 1828; x_wconf 87' lang='lat' dir='ltr'><strong>se</strong></span> <span class='ocrx_word' id='word_1_240' title='bbox 660 1799 767 1828; x_wconf 75' lang='lat' dir='ltr'><strong>etiamsi</strong></span> <span class='ocrx_word' id='word_1_241' title='bbox 788 1799 876 1828; x_wconf 88' lang='lat' dir='ltr'><strong>decies</strong></span> 
     </span>
     <span class='ocr_line' id='line_1_37' title="bbox 133 1846 874 1885; baseline 0 -10"><span class='ocrx_word' id='word_1_242' title='bbox 133 1846 229 1875; x_wconf 85' lang='lat' dir='ltr'><strong>millies</strong></span> <span class='ocrx_word' id='word_1_243' title='bbox 243 1847 373 1882; x_wconf 84' lang='lat' dir='ltr'><strong>miserint,</strong></span> <span class='ocrx_word' id='word_1_244' title='bbox 385 1846 476 1875; x_wconf 85' lang='lat' dir='ltr'><strong>eadem</strong></span> <span class='ocrx_word' id='word_1_245' title='bbox 489 1856 593 1885; x_wconf 85' lang='lat' dir='ltr'>semper</span> <span class='ocrx_word' id='word_1_246' title='bbox 603 1856 794 1885; x_wconf 86' lang='lat' dir='ltr'><strong>responsurum</strong></span> <span class='ocrx_word' id='word_1_247' title='bbox 808 1857 874 1875; x_wconf 86' lang='lat' dir='ltr'><strong>esse.</strong></span> 
     </span>
    </p>

    <p class='ocr_par' dir='ltr' id='par_1_6' title="bbox 131 1892 876 2529">
     <span class='ocr_line' id='line_1_38' title="bbox 172 1892 876 1931; baseline 0 -11"><span class='ocrx_word' id='word_1_248' title='bbox 172 1892 229 1921; x_wconf 91' lang='lat' dir='ltr'><strong>Illis</strong></span> <span class='ocrx_word' id='word_1_249' title='bbox 243 1899 331 1920; x_wconf 87' lang='lat' dir='ltr'><strong>autem</strong></span> <span class='ocrx_word' id='word_1_250' title='bbox 341 1892 388 1930; x_wconf 87' lang='lat' dir='ltr'><strong>qui</strong></span> <span class='ocrx_word' id='word_1_251' title='bbox 403 1892 579 1920; x_wconf 71' lang='lat' dir='ltr'><strong>mittebantur</strong></span> <span class='ocrx_word' id='word_1_252' title='bbox 593 1892 717 1931; x_wconf 80' lang='lat' dir='ltr'>egressis,</span> <span class='ocrx_word' id='word_1_253' title='bbox 734 1892 809 1921; x_wconf 87' lang='lat' dir='ltr'><strong>venit</strong></span> <span class='ocrx_word' id='word_1_254' title='bbox 823 1893 876 1921; x_wconf 81' lang='lat' dir='ltr'><strong>No-</strong></span> 
     </span>
     <span class='ocr_line' id='line_1_39' title="bbox 131 1938 875 1976; baseline -0.001 -9"><span class='ocrx_word' id='word_1_255' title='bbox 131 1939 215 1967; x_wconf 78' lang='lat' dir='ltr'><strong>tarius</strong></span> <span class='ocrx_word' id='word_1_256' title='bbox 230 1938 330 1966; x_wconf 80' lang='lat' dir='ltr'><strong>habens</strong></span> <span class='ocrx_word' id='word_1_257' title='bbox 341 1938 498 1976; x_wconf 85' lang='lat' dir='ltr'><strong>rescriptum</strong></span> <span class='ocrx_word' id='word_1_258' title='bbox 515 1938 686 1976; x_wconf 79' lang='lat' dir='ltr'><strong>Imperatoris</strong></span> <span class='ocrx_word' id='word_1_259' title='bbox 696 1960 705 1975; x_wconf 78' lang='lat'><em>‚</em></span> <span class='ocrx_word' id='word_1_260' title='bbox 721 1938 764 1966; x_wconf 88' lang='lat' dir='ltr'><strong>cui</strong></span> <span class='ocrx_word' id='word_1_261' title='bbox 777 1939 875 1967; x_wconf 82' lang='lat' dir='ltr'><strong>inserta</strong></span> 
     </span>
     <span class='ocr_line' id='line_1_40' title="bbox 134 1985 876 2024; baseline -0.001 -10"><span class='ocrx_word' id='word_1_262' title='bbox 134 1993 189 2014; x_wconf 83' lang='lat' dir='ltr'><strong>erat</strong></span> <span class='ocrx_word' id='word_1_263' title='bbox 205 1985 365 2024; x_wconf 84' lang='lat' dir='ltr'><strong>supplicatio</strong></span> <span class='ocrx_word' id='word_1_264' title='bbox 383 1985 569 2024; x_wconf 85' lang='lat' dir='ltr'><strong>episcoporum</strong></span> <span class='ocrx_word' id='word_1_265' title='bbox 593 1985 739 2024; x_wconf 86' lang='lat' dir='ltr'><strong>petentium</strong></span> <span class='ocrx_word' id='word_1_266' title='bbox 753 1992 780 2014; x_wconf 85' lang='lat' dir='ltr'><strong>ut</strong></span> <span class='ocrx_word' id='word_1_267' title='bbox 794 1987 876 2015; x_wconf 65' lang='grc'>10011-</span> 
     </span>
     <span class='ocr_line' id='line_1_41' title="bbox 131 2030 876 2071; baseline 0 -11"><span class='ocrx_word' id='word_1_268' title='bbox 131 2042 178 2060; x_wconf 90' lang='lat' dir='ltr'><strong>nes</strong></span> <span class='ocrx_word' id='word_1_269' title='bbox 192 2031 225 2059; x_wconf 89' lang='lat' dir='ltr'><strong>ad</strong></span> <span class='ocrx_word' id='word_1_270' title='bbox 235 2031 369 2071; x_wconf 82' lang='lat' dir='ltr'><strong>judicium</strong></span> <span class='ocrx_word' id='word_1_271' title='bbox 385 2031 486 2059; x_wconf 78' lang='lat' dir='ltr'><strong>invitus</strong></span> <span class='ocrx_word' id='word_1_272' title='bbox 507 2030 661 2067; x_wconf 74' lang='lat' dir='ltr'><strong>sisteretur,</strong></span> <span class='ocrx_word' id='word_1_273' title='bbox 676 2031 805 2069; x_wconf 88' lang='lat' dir='ltr'><strong>illumque</strong></span> <span class='ocrx_word' id='word_1_274' title='bbox 818 2032 876 2060; x_wconf 82' lang='lat' dir='ltr'><strong>No-</strong></span> 
     </span>
     <span class='ocr_line' id='line_1_42' title="bbox 132 2076 876 2116; baseline 0.001 -12"><span class='ocrx_word' id='word_1_275' title='bbox 132 2077 215 2105; x_wconf 81' lang='lat' dir='ltr'><strong>tarius</strong></span> <span class='ocrx_word' id='word_1_276' title='bbox 228 2076 262 2104; x_wconf 86' lang='lat' dir='ltr'><strong>ad</strong></span> <span class='ocrx_word' id='word_1_277' title='bbox 272 2076 405 2115; x_wconf 86' lang='lat' dir='ltr'><strong>judicium</strong></span> <span class='ocrx_word' id='word_1_278' title='bbox 415 2076 528 2114; x_wconf 74' lang='lat' dir='ltr'><strong>urgebat</strong></span> <span class='ocrx_word' id='word_1_279' title='bbox 543 2090 547 2104; x_wconf 80' lang='lat' dir='ltr'>z</span> <span class='ocrx_word' id='word_1_280' title='bbox 564 2076 620 2115; x_wconf 88' lang='lat' dir='ltr'><strong>ipse</strong></span> <span class='ocrx_word' id='word_1_281' title='bbox 634 2087 697 2104; x_wconf 82' lang='lat' dir='ltr'><strong>vero</strong></span> <span class='ocrx_word' id='word_1_282' title='bbox 710 2077 803 2105; x_wconf 80' lang='lat' dir='ltr'><strong>eadem</strong></span> <span class='ocrx_word' id='word_1_283' title='bbox 819 2077 876 2116; x_wconf 86' lang='lat' dir='ltr'><strong>ipsa</strong></span> 
     </span>
     <span class='ocr_line' id='line_1_43' title="bbox 134 2121 876 2161; baseline 0.001 -11"><span class='ocrx_word' id='word_1_284' title='bbox 134 2132 193 2160; x_wconf 63' lang='lat' dir='ltr'><strong>quae</strong></span> <span class='ocrx_word' id='word_1_285' title='bbox 207 2133 287 2161; x_wconf 85' lang='lat' dir='ltr'><strong>supra</strong></span> <span class='ocrx_word' id='word_1_286' title='bbox 302 2122 412 2150; x_wconf 86' lang='lat' dir='ltr'><strong>Notario</strong></span> <span class='ocrx_word' id='word_1_287' title='bbox 427 2121 701 2161; x_wconf 85' lang='lat' dir='ltr'><strong>1·espoudit.Subiude</strong></span> <span class='ocrx_word' id='word_1_288' title='bbox 714 2129 818 2158; x_wconf 82' lang='lat' dir='ltr'><strong>autem,</strong></span> <span class='ocrx_word' id='word_1_289' title='bbox 829 2133 876 2151; x_wconf 89' lang='lat' dir='ltr'><strong>nec</strong></span> 
     </span>
     <span class='ocr_line' id='line_1_44' title="bbox 132 2169 874 2208; baseline 0 -11"><span class='ocrx_word' id='word_1_290' title='bbox 132 2176 352 2205; x_wconf 67' lang='lat' dir='ltr'><strong>mora‚venet*ttnt</strong></span> <span class='ocrx_word' id='word_1_291' title='bbox 361 2169 415 2197; x_wconf 90' lang='lat' dir='ltr'><strong>duo</strong></span> <span class='ocrx_word' id='word_1_292' title='bbox 425 2169 575 2208; x_wconf 86' lang='lat' dir='ltr'><strong>presbyteri</strong></span> <span class='ocrx_word' id='word_1_293' title='bbox 592 2169 711 2205; x_wconf 80' lang='lat' dir='ltr'><strong>Joannis,</strong></span> <span class='ocrx_word' id='word_1_294' title='bbox 723 2170 874 2208; x_wconf 81' lang='lat' dir='ltr'><strong>Eugenius,</strong></span> 
     </span>
     <span class='ocr_line' id='line_1_45' title="bbox 134 2214 876 2254; baseline 0.004 -13"><span class='ocrx_word' id='word_1_295' title='bbox 134 2214 180 2252; x_wconf 90' lang='lat' dir='ltr'><strong>qui</strong></span> <span class='ocrx_word' id='word_1_296' title='bbox 198 2215 378 2254; x_wconf 85' lang='lat' dir='ltr'><strong>episcopatum</strong></span> <span class='ocrx_word' id='word_1_297' title='bbox 392 2215 525 2244; x_wconf 78' lang='lat' dir='ltr'><strong>Herucleae</strong></span> <span class='ocrx_word' id='word_1_298' title='bbox 542 2215 568 2243; x_wconf 90' lang='lat' dir='ltr'><strong>in</strong></span> <span class='ocrx_word' id='word_1_299' title='bbox 584 2216 788 2254; x_wconf 77' lang='lat' dir='ltr'><strong>conspirationis</strong></span> <span class='ocrx_word' id='word_1_300' title='bbox 803 2227 876 2244; x_wconf 87' lang='lat' dir='ltr'><strong>mer-</strong></span> 
     </span>
     <span class='ocr_line' id='line_1_46' title="bbox 133 2260 874 2299; baseline 0.003 -11"><span class='ocrx_word' id='word_1_301' title='bbox 133 2260 225 2288; x_wconf 84' lang='lat' dir='ltr'>cedem</span> <span class='ocrx_word' id='word_1_302' title='bbox 236 2268 380 2299; x_wconf 74' lang='lat' dir='ltr'><strong>accepemt,</strong></span> <span class='ocrx_word' id='word_1_303' title='bbox 390 2269 414 2289; x_wconf 87' lang='lat' dir='ltr'><strong>et</strong></span> <span class='ocrx_word' id='word_1_304' title='bbox 424 2262 540 2290; x_wconf 76' lang='lat' dir='ltr'><strong>Isaacius</strong></span> <span class='ocrx_word' id='word_1_305' title='bbox 546 2262 661 2290; x_wconf 69' lang='lat' dir='ltr'><strong>monach</strong></span> <span class='ocrx_word' id='word_1_306' title='bbox 667 2273 706 2299; x_wconf 87' lang='lat' dir='ltr'><strong>us,</strong></span> <span class='ocrx_word' id='word_1_307' title='bbox 717 2273 767 2292; x_wconf 90' lang='lat' dir='ltr'><strong>non</strong></span> <span class='ocrx_word' id='word_1_308' title='bbox 783 2263 874 2291; x_wconf 88' lang='lat' dir='ltr'><strong>melio-</strong></span> 
     </span>
     <span class='ocr_line' id='line_1_47' title="bbox 133 2306 873 2348; baseline 0.005 -15"><span class='ocrx_word' id='word_1_309' title='bbox 133 2306 170 2334; x_wconf 88' lang='lat' dir='ltr'><strong>ris</strong></span> <span class='ocrx_word' id='word_1_310' title='bbox 181 2313 248 2334; x_wconf 79' lang='lat' dir='ltr'><strong>notae</strong></span> <span class='ocrx_word' id='word_1_311' title='bbox 263 2306 352 2341; x_wconf 82' lang='lat' dir='ltr'><strong>homo,</strong></span> <span class='ocrx_word' id='word_1_312' title='bbox 368 2307 402 2335; x_wconf 90' lang='lat' dir='ltr'><strong>ad</strong></span> <span class='ocrx_word' id='word_1_313' title='bbox 417 2307 559 2346; x_wconf 70' lang='lat' dir='ltr'><strong>Syuodum</strong></span> <span class='ocrx_word' id='word_1_314' title='bbox 575 2308 653 2336; x_wconf 87' lang='lat' dir='ltr'><strong>illum</strong></span> <span class='ocrx_word' id='word_1_315' title='bbox 665 2309 854 2348; x_wconf 74' lang='lat' dir='ltr'><strong>compellantes</strong></span> <span class='ocrx_word' id='word_1_316' title='bbox 866 2331 873 2345; x_wconf 91' lang='lat'>‚</span> 
     </span>
     <span class='ocr_line' id='line_1_48' title="bbox 134 2352 874 2393; baseline 0.004 -14"><span class='ocrx_word' id='word_1_317' title='bbox 134 2358 163 2379; x_wconf 85' lang='lat' dir='ltr'><strong>ut</strong></span> <span class='ocrx_word' id='word_1_318' title='bbox 176 2352 279 2390; x_wconf 79' lang='lat' dir='ltr'><strong>objecta</strong></span> <span class='ocrx_word' id='word_1_319' title='bbox 296 2352 406 2380; x_wconf 83' lang='lat' dir='ltr'><strong>crimina</strong></span> <span class='ocrx_word' id='word_1_320' title='bbox 418 2352 539 2382; x_wconf 80' lang='lat' dir='ltr'>dilueret.</span> <span class='ocrx_word' id='word_1_321' title='bbox 552 2353 600 2381; x_wconf 85' lang='lat' dir='ltr'><strong>His</strong></span> <span class='ocrx_word' id='word_1_322' title='bbox 612 2354 747 2393; x_wconf 84' lang='lat' dir='ltr'><strong>respondit</strong></span> <span class='ocrx_word' id='word_1_323' title='bbox 759 2356 874 2384; x_wconf 79' lang='lat' dir='ltr'><strong>Joannes</strong></span> 
     </span>
     <span class='ocr_line' id='line_1_49' title="bbox 132 2398 873 2438; baseline 0.004 -12"><span class='ocrx_word' id='word_1_324' title='bbox 132 2408 181 2437; x_wconf 85' lang='lat' dir='ltr'><strong>per</strong></span> <span class='ocrx_word' id='word_1_325' title='bbox 197 2398 333 2437; x_wconf 80' lang='lat' dir='ltr'><strong>episcopos</strong></span> <span class='ocrx_word' id='word_1_326' title='bbox 355 2398 381 2426; x_wconf 91' lang='lat' dir='ltr'><strong>iu</strong></span> <span class='ocrx_word' id='word_1_327' title='bbox 401 2399 542 2438; x_wconf 76' lang='lat' dir='ltr'><strong>Synodum</strong></span> <span class='ocrx_word' id='word_1_328' title='bbox 565 2399 598 2428; x_wconf 82' lang='lat' dir='ltr'><strong>ad</strong></span> <span class='ocrx_word' id='word_1_329' title='bbox 613 2401 749 2435; x_wconf 88' lang='lat' dir='ltr'><strong>Quereum</strong></span> <span class='ocrx_word' id='word_1_330' title='bbox 769 2401 873 2429; x_wconf 80' lang='lat' dir='ltr'><strong>missos.</strong></span> 
     </span>
     <span class='ocr_line' id='line_1_50' title="bbox 135 2444 875 2482; baseline 0.007 -11"><span class='ocrx_word' id='word_1_331' title='bbox 135 2444 346 2482; x_wconf 75' lang='lat' dir='ltr'><strong>Proximumque</strong></span> <span class='ocrx_word' id='word_1_332' title='bbox 362 2445 417 2472; x_wconf 81' lang='lat' dir='ltr'><strong>fore</strong></span> <span class='ocrx_word' id='word_1_333' title='bbox 431 2445 554 2482; x_wconf 83' lang='lat' dir='ltr'><strong>videbat,</strong></span> <span class='ocrx_word' id='word_1_334' title='bbox 568 2453 597 2475; x_wconf 90' lang='lat' dir='ltr'><strong>ut</strong></span> <span class='ocrx_word' id='word_1_335' title='bbox 614 2447 640 2475; x_wconf 87' lang='lat' dir='ltr'><strong>in</strong></span> <span class='ocrx_word' id='word_1_336' title='bbox 655 2454 710 2475; x_wconf 76' lang='lat' dir='ltr'><strong>tam</strong></span> <span class='ocrx_word' id='word_1_337' title='bbox 725 2447 875 2476; x_wconf 70' lang='lat' dir='ltr'><strong>damnabili</strong></span> 
     </span>
     <span class='ocr_line' id='line_1_51' title="bbox 134 2490 709 2529; baseline 0.007 -12"><span class='ocrx_word' id='word_1_338' title='bbox 134 2497 202 2518; x_wconf 86' lang='lat' dir='ltr'><strong>coetu</strong></span> <span class='ocrx_word' id='word_1_339' title='bbox 215 2491 271 2529; x_wconf 75' lang='lat' dir='ltr'><strong>ipse</strong></span> <span class='ocrx_word' id='word_1_340' title='bbox 285 2490 411 2518; x_wconf 76' lang='lat' dir='ltr'><strong>innoxius</strong></span> <span class='ocrx_word' id='word_1_341' title='bbox 423 2490 493 2527; x_wconf 73' lang='lat' dir='ltr'><strong>licet,</strong></span> <span class='ocrx_word' id='word_1_342' title='bbox 506 2502 582 2519; x_wconf 80' lang='lat' dir='ltr'><strong>causa</strong></span> <span class='ocrx_word' id='word_1_343' title='bbox 595 2492 709 2522; x_wconf 80' lang='lat' dir='ltr'><strong>caderet.</strong></span> 
     </span>
    </p>

    <p class='ocr_par' dir='ltr' id='par_1_7' title="bbox 138 2537 878 2668">
     <span class='ocr_line' id='line_1_52' title="bbox 176 2537 875 2578; baseline 0.004 -13"><span class='ocrx_word' id='word_1_344' title='bbox 176 2537 219 2565; x_wconf 88' lang='lat' dir='ltr'><strong>Illi</strong></span> <span class='ocrx_word' id='word_1_345' title='bbox 239 2548 302 2566; x_wconf 84' lang='lat' dir='ltr'><strong>vero</strong></span> <span class='ocrx_word' id='word_1_346' title='bbox 321 2537 438 2576; x_wconf 84' lang='lat' dir='ltr'><strong>episcopi</strong></span> <span class='ocrx_word' id='word_1_347' title='bbox 451 2537 486 2566; x_wconf 81' lang='lat' dir='ltr'><strong>ad</strong></span> <span class='ocrx_word' id='word_1_348' title='bbox 501 2538 642 2577; x_wconf 80' lang='lat' dir='ltr'><strong>Synodum</strong></span> <span class='ocrx_word' id='word_1_349' title='bbox 656 2539 730 2567; x_wconf 83' lang='lat' dir='ltr'><strong>missi</strong></span> <span class='ocrx_word' id='word_1_350' title='bbox 743 2562 749 2573; x_wconf 90' lang='lat'>‚</span> <span class='ocrx_word' id='word_1_351' title='bbox 762 2540 875 2578; x_wconf 79' lang='lat' dir='ltr'><strong>pessime</strong></span> 
     </span>
     <span class='ocr_line' id='line_1_53' title="bbox 139 2583 874 2622; baseline 0.007 -12"><span class='ocrx_word' id='word_1_352' title='bbox 139 2583 241 2622; x_wconf 79' lang='lat' dir='ltr'><strong>excepti</strong></span> <span class='ocrx_word' id='word_1_353' title='bbox 254 2583 343 2619; x_wconf 86' lang='lat' dir='ltr'><strong>suere;</strong></span> <span class='ocrx_word' id='word_1_354' title='bbox 354 2583 438 2611; x_wconf 84' lang='lat' dir='ltr'><strong>alium</strong></span> <span class='ocrx_word' id='word_1_355' title='bbox 452 2583 522 2611; x_wconf 90' lang='lat' dir='ltr'><strong>enim</strong></span> <span class='ocrx_word' id='word_1_356' title='bbox 538 2584 694 2613; x_wconf 84' lang='lat' dir='ltr'><strong>verberibus</strong></span> <span class='ocrx_word' id='word_1_357' title='bbox 706 2586 852 2615; x_wconf 69' lang='lat' dir='ltr'><strong>affecerant</strong></span> <span class='ocrx_word' id='word_1_358' title='bbox 867 2609 874 2622; x_wconf 89' lang='lat'>‚</span> 
     </span>
     <span class='ocr_line' id='line_1_54' title="bbox 138 2628 878 2668; baseline 0.005 -11"><span class='ocrx_word' id='word_1_359' title='bbox 138 2628 246 2658; x_wconf 83' lang='lat' dir='ltr'><strong>alterius</strong></span> <span class='ocrx_word' id='word_1_360' title='bbox 258 2636 343 2658; x_wconf 73' lang='lat' dir='ltr'><strong>vestes</strong></span> <span class='ocrx_word' id='word_1_361' title='bbox 353 2628 560 2668; x_wconf 76' lang='lat' dir='ltr'><strong>discerpserunt,</strong></span> <span class='ocrx_word' id='word_1_362' title='bbox 572 2629 647 2659; x_wconf 76' lang='lat' dir='ltr'><strong>alteri</strong></span> <span class='ocrx_word' id='word_1_363' title='bbox 666 2638 770 2660; x_wconf 79' lang='lat' dir='ltr'><strong>catenas</strong></span> <span class='ocrx_word' id='word_1_364' title='bbox 781 2631 878 2661; x_wconf 78' lang='lat' dir='ltr'><strong>ferreas</strong></span> 
     </span>
    </p>
   </div>
   <div class='ocr_carea' id='block_1_4' title="bbox 1599 206 1661 249">
    <p class='ocr_par' dir='ltr' id='par_1_8' title="bbox 1599 206 1661 249">
     <span class='ocr_line' id='line_1_55' title="bbox 1599 206 1661 249; baseline 0.016 -9"><span class='ocrx_word' id='word_1_365' title='bbox 1599 206 1661 249; x_wconf 86' lang='lat'><strong>175</strong></span> 
     </span>
    </p>
   </div>
   <div class='ocr_carea' id='block_1_5' title="bbox 919 277 1828 2669">
    <p class='ocr_par' dir='ltr' id='par_1_9' title="bbox 919 277 1667 409">
     <span class='ocr_line' id='line_1_56' title="bbox 919 277 1663 320; baseline -0.001 -12"><span class='ocrx_word' id='word_1_366' title='bbox 919 280 988 309; x_wconf 90' lang='lat' dir='ltr'><strong>collo</strong></span> <span class='ocrx_word' id='word_1_367' title='bbox 1001 280 1217 320; x_wconf 85' lang='lat' dir='ltr'><strong>circumposuere</strong></span> <span class='ocrx_word' id='word_1_368' title='bbox 1227 301 1236 314; x_wconf 95' lang='lat'><em>‚</em></span> <span class='ocrx_word' id='word_1_369' title='bbox 1252 288 1318 318; x_wconf 85' lang='lat' dir='ltr'><strong>quas</strong></span> <span class='ocrx_word' id='word_1_370' title='bbox 1334 284 1425 308; x_wconf 80' lang='lat' dir='ltr'><strong>sancto</strong></span> <span class='ocrx_word' id='word_1_371' title='bbox 1438 277 1535 308; x_wconf 67' lang='lat' dir='ltr'><strong>,Ioanni</strong></span> <span class='ocrx_word' id='word_1_372' title='bbox 1550 289 1663 318; x_wconf 85' lang='lat' dir='ltr'><strong>parave-</strong></span> 
     </span>
     <span class='ocr_line' id='line_1_57' title="bbox 920 324 1667 364; baseline -0.003 -10"><span class='ocrx_word' id='word_1_373' title='bbox 920 333 999 363; x_wconf 85' lang='lat' dir='ltr'><strong>rant,</strong></span> <span class='ocrx_word' id='word_1_374' title='bbox 1012 333 1042 354; x_wconf 84' lang='lat' dir='ltr'><strong>ut</strong></span> <span class='ocrx_word' id='word_1_375' title='bbox 1055 326 1094 354; x_wconf 89' lang='lat' dir='ltr'><strong>sic</strong></span> <span class='ocrx_word' id='word_1_376' title='bbox 1113 326 1247 364; x_wconf 85' lang='lat' dir='ltr'><strong>conjectus</strong></span> <span class='ocrx_word' id='word_1_377' title='bbox 1269 325 1296 353; x_wconf 91' lang='lat' dir='ltr'><strong>in</strong></span> <span class='ocrx_word' id='word_1_378' title='bbox 1315 324 1469 354; x_wconf 80' lang='lat' dir='ltr'><strong>naviculam</strong></span> <span class='ocrx_word' id='word_1_379' title='bbox 1492 325 1519 353; x_wconf 89' lang='lat' dir='ltr'><strong>iu</strong></span> <span class='ocrx_word' id='word_1_380' title='bbox 1544 324 1667 363; x_wconf 81' lang='lat' dir='ltr'><strong>ignotum</strong></span> 
     </span>
     <span class='ocr_line' id='line_1_58' title="bbox 921 371 1666 409; baseline -0.001 -9"><span class='ocrx_word' id='word_1_381' title='bbox 921 372 1010 401; x_wconf 86' lang='lat' dir='ltr'><strong>locum</strong></span> <span class='ocrx_word' id='word_1_382' title='bbox 1025 371 1212 400; x_wconf 79' lang='lat' dir='ltr'><strong>amaudaretur</strong></span> <span class='ocrx_word' id='word_1_383' title='bbox 1222 394 1229 405; x_wconf 89' lang='lat'><strong>,</strong></span> <span class='ocrx_word' id='word_1_384' title='bbox 1242 371 1362 400; x_wconf 79' lang='lat' dir='ltr'><strong>daemone</strong></span> <span class='ocrx_word' id='word_1_385' title='bbox 1376 371 1437 400; x_wconf 86' lang='lat' dir='ltr'><strong>illos</strong></span> <span class='ocrx_word' id='word_1_386' title='bbox 1451 393 1458 408; x_wconf 85' lang='lat'><strong>,</strong></span> <span class='ocrx_word' id='word_1_387' title='bbox 1478 371 1666 409; x_wconf 67' lang='grc' dir='ltr'>11111011Ρο110-</span> 
     </span>
    </p>

    <p class='ocr_par' dir='ltr' id='par_1_10' title="bbox 920 417 1821 548">
     <span class='ocr_line' id='line_1_59' title="bbox 920 417 1821 455; baseline -0.001 -10"><span class='ocrx_word' id='word_1_388' title='bbox 920 418 982 446; x_wconf 87' lang='lat' dir='ltr'><strong>dius</strong></span> <span class='ocrx_word' id='word_1_389' title='bbox 994 441 1003 455; x_wconf 84' lang='lat'><strong>,</strong></span> <span class='ocrx_word' id='word_1_390' title='bbox 1017 419 1100 447; x_wconf 87' lang='lat' dir='ltr'><strong>veluti</strong></span> <span class='ocrx_word' id='word_1_391' title='bbox 1122 418 1209 446; x_wconf 82' lang='lat' dir='ltr'><strong>leones</strong></span> <span class='ocrx_word' id='word_1_392' title='bbox 1221 417 1357 448; x_wconf 73' lang='lat' dir='ltr'><strong>essm-aute.</strong></span> <span class='ocrx_word' id='word_1_393' title='bbox 1372 417 1492 453; x_wconf 77' lang='lat' dir='ltr'><strong>Quidam</strong></span> <span class='ocrx_word' id='word_1_394' title='bbox 1507 428 1571 446; x_wconf 81' lang='lat' dir='ltr'><strong>vero</strong></span> <span class='ocrx_word' id='word_1_395' title='bbox 1583 428 1617 445; x_wconf 79' lang='lat' dir='ltr'><strong>ex</strong></span> <span class='ocrx_word' id='word_1_396' title='bbox 1632 417 1666 446; x_wconf 85' lang='lat' dir='ltr'><strong>iis</strong></span> <span class='ocrx_word' id='word_1_397' title='bbox 1679 423 1766 444; x_wconf 80' lang='lat' dir='ltr'><strong>Sozom.</strong></span> <span class='ocrx_word' id='word_1_398' title='bbox 1777 421 1821 444; x_wconf 77' lang='lat' dir='ltr'><strong>LS.</strong></span> 
     </span>
     <span class='ocr_line' id='line_1_60' title="bbox 920 459 1754 503; baseline -0.001 -11"><span class='ocrx_word' id='word_1_399' title='bbox 920 464 966 502; x_wconf 92' lang='lat' dir='ltr'><strong>qui</strong></span> <span class='ocrx_word' id='word_1_400' title='bbox 982 465 1054 492; x_wconf 89' lang='lat' dir='ltr'><strong>missi</strong></span> <span class='ocrx_word' id='word_1_401' title='bbox 1072 465 1176 492; x_wconf 83' lang='lat' dir='ltr'><strong>fuerant</strong></span> <span class='ocrx_word' id='word_1_402' title='bbox 1194 463 1327 503; x_wconf 82' lang='lat' dir='ltr'><strong>perterriti</strong></span> <span class='ocrx_word' id='word_1_403' title='bbox 1346 463 1380 491; x_wconf 81' lang='lat' dir='ltr'><strong>ad</strong></span> <span class='ocrx_word' id='word_1_404' title='bbox 1399 464 1530 493; x_wconf 78' lang='lat' dir='ltr'><strong>Joannem</strong></span> <span class='ocrx_word' id='word_1_405' title='bbox 1551 473 1603 491; x_wconf 88' lang='lat' dir='ltr'><strong>non</strong></span> <span class='ocrx_word' id='word_1_406' title='bbox 1625 473 1668 491; x_wconf 86' lang='lat' dir='ltr'><strong>re·</strong></span> <span class='ocrx_word' id='word_1_407' title='bbox 1680 461 1700 474; x_wconf 54' lang='grc' dir='ltr'><strong>ς·</strong></span> <span class='ocrx_word' id='word_1_408' title='bbox 1719 459 1754 482; x_wconf 84' lang='lat'><strong>¹7¹</strong></span> 
     </span>
     <span class='ocr_line' id='line_1_61' title="bbox 921 510 1668 548; baseline -0.003 -8"><span class='ocrx_word' id='word_1_409' title='bbox 921 517 1057 540; x_wconf 82' lang='lat' dir='ltr'><strong>verterunt</strong></span> <span class='ocrx_word' id='word_1_410' title='bbox 1073 522 1079 538; x_wconf 89' lang='lat'><strong>:</strong></span> <span class='ocrx_word' id='word_1_411' title='bbox 1094 510 1246 539; x_wconf 87' lang='lat' dir='ltr'><strong>Demetrius</strong></span> <span class='ocrx_word' id='word_1_412' title='bbox 1261 517 1348 538; x_wconf 82' lang='lat' dir='ltr'><strong>autem</strong></span> <span class='ocrx_word' id='word_1_413' title='bbox 1359 531 1366 544; x_wconf 88' lang='lat'><strong>,</strong></span> <span class='ocrx_word' id='word_1_414' title='bbox 1377 516 1401 537; x_wconf 91' lang='lat' dir='ltr'><strong>et</strong></span> <span class='ocrx_word' id='word_1_415' title='bbox 1412 510 1574 548; x_wconf 83' lang='lat' dir='ltr'><strong>quicumque</strong></span> <span class='ocrx_word' id='word_1_416' title='bbox 1585 511 1668 539; x_wconf 76' lang='lat' dir='ltr'><strong>Joun-</strong></span> 
     </span>
    </p>

    <p class='ocr_par' dir='ltr' id='par_1_11' title="bbox 921 555 1670 690">
     <span class='ocr_line' id='line_1_62' title="bbox 921 555 1669 596; baseline -0.003 -10"><span class='ocrx_word' id='word_1_417' title='bbox 921 558 962 586; x_wconf 89' lang='lat' dir='ltr'><strong>nis</strong></span> <span class='ocrx_word' id='word_1_418' title='bbox 985 559 1148 587; x_wconf 84' lang='lat' dir='ltr'><strong>consortium</strong></span> <span class='ocrx_word' id='word_1_419' title='bbox 1173 557 1276 586; x_wconf 87' lang='lat' dir='ltr'><strong>cunctis</strong></span> <span class='ocrx_word' id='word_1_420' title='bbox 1299 557 1379 585; x_wconf 84' lang='lat' dir='ltr'><strong>rebus</strong></span> <span class='ocrx_word' id='word_1_421' title='bbox 1403 557 1612 596; x_wconf 82' lang='lat' dir='ltr'><strong>anteponebant,</strong></span> <span class='ocrx_word' id='word_1_422' title='bbox 1632 555 1669 585; x_wconf 81' lang='lat' dir='ltr'><strong>ad</strong></span> 
     </span>
     <span class='ocr_line' id='line_1_63' title="bbox 921 603 1670 643; baseline -0.001 -11"><span class='ocrx_word' id='word_1_423' title='bbox 921 604 1000 633; x_wconf 85' lang='lat' dir='ltr'><strong>illum</strong></span> <span class='ocrx_word' id='word_1_424' title='bbox 1016 603 1127 633; x_wconf 59' lang='lat' dir='ltr'><strong>rediere</strong></span> <span class='ocrx_word' id='word_1_425' title='bbox 1142 603 1245 633; x_wconf 87' lang='lat' dir='ltr'><strong>Eodem</strong></span> <span class='ocrx_word' id='word_1_426' title='bbox 1259 603 1303 631; x_wconf 87' lang='lat' dir='ltr'><strong>die</strong></span> <span class='ocrx_word' id='word_1_427' title='bbox 1311 614 1402 631; x_wconf 89' lang='lat' dir='ltr'><strong>cursor</strong></span> <span class='ocrx_word' id='word_1_428' title='bbox 1410 610 1435 632; x_wconf 88' lang='lat' dir='ltr'><strong>et</strong></span> <span class='ocrx_word' id='word_1_429' title='bbox 1447 603 1576 637; x_wconf 81' lang='lat' dir='ltr'><strong>notarius,</strong></span> <span class='ocrx_word' id='word_1_430' title='bbox 1588 615 1670 643; x_wconf 75' lang='grc' dir='ltr'>ταχυ-</span> 
     </span>
     <span class='ocr_line' id='line_1_64' title="bbox 927 649 1669 690; baseline -0.003 -10"><span class='ocrx_word' id='word_1_431' title='bbox 927 651 1022 690; x_wconf 85' lang='grc' dir='ltr'>δρόμος</span> <span class='ocrx_word' id='word_1_432' title='bbox 1037 651 1082 679; x_wconf 85' lang='grc' dir='ltr'><strong>καὶ</strong></span> <span class='ocrx_word' id='word_1_433' title='bbox 1094 649 1273 689; x_wconf 66' lang='grc' dir='ltr'>ταχυγράφος,</span> <span class='ocrx_word' id='word_1_434' title='bbox 1282 660 1316 678; x_wconf 75' lang='lat' dir='ltr'><strong>ex</strong></span> <span class='ocrx_word' id='word_1_435' title='bbox 1328 650 1430 678; x_wconf 78' lang='lat' dir='ltr'><strong>Palatio</strong></span> <span class='ocrx_word' id='word_1_436' title='bbox 1443 650 1576 679; x_wconf 87' lang='lat' dir='ltr'><strong>venientes</strong></span> <span class='ocrx_word' id='word_1_437' title='bbox 1588 651 1669 679; x_wconf 71' lang='grc'>,10311-</span> 
     </span>
    </p>

    <p class='ocr_par' dir='ltr' id='par_1_12' title="bbox 924 695 1671 864">
     <span class='ocr_line' id='line_1_65' title="bbox 925 695 1670 734; baseline 0 -10"><span class='ocrx_word' id='word_1_438' title='bbox 925 707 986 724; x_wconf 89' lang='lat' dir='ltr'><strong>nem</strong></span> <span class='ocrx_word' id='word_1_439' title='bbox 1010 696 1141 734; x_wconf 76' lang='lat' dir='ltr'><strong>urgebant</strong></span> <span class='ocrx_word' id='word_1_440' title='bbox 1160 702 1188 723; x_wconf 87' lang='lat' dir='ltr'><strong>ut</strong></span> <span class='ocrx_word' id='word_1_441' title='bbox 1212 695 1245 723; x_wconf 85' lang='lat' dir='ltr'><strong>ad</strong></span> <span class='ocrx_word' id='word_1_442' title='bbox 1267 695 1402 734; x_wconf 82' lang='lat' dir='ltr'><strong>episcopos</strong></span> <span class='ocrx_word' id='word_1_443' title='bbox 1428 695 1563 724; x_wconf 81' lang='lat' dir='ltr'><strong>accederet</strong></span> <span class='ocrx_word' id='word_1_444' title='bbox 1581 708 1588 723; x_wconf 87' lang='lat'>:</span> <span class='ocrx_word' id='word_1_445' title='bbox 1608 696 1670 724; x_wconf 84' lang='lat' dir='ltr'><strong>illos</strong></span> 
     </span>
     <span class='ocr_line' id='line_1_66' title="bbox 926 741 1668 779; baseline 0 -9"><span class='ocrx_word' id='word_1_446' title='bbox 926 752 989 771; x_wconf 87' lang='lat' dir='ltr'><strong>vero</strong></span> <span class='ocrx_word' id='word_1_447' title='bbox 1008 742 1106 770; x_wconf 78' lang='lat' dir='ltr'><strong>hortati</strong></span> <span class='ocrx_word' id='word_1_448' title='bbox 1120 748 1198 775; x_wconf 86' lang='lat' dir='ltr'><strong>sunt,</strong></span> <span class='ocrx_word' id='word_1_449' title='bbox 1212 748 1241 769; x_wconf 86' lang='lat' dir='ltr'><strong>ut</strong></span> <span class='ocrx_word' id='word_1_450' title='bbox 1253 741 1389 779; x_wconf 87' lang='lat' dir='ltr'><strong>judicium</strong></span> <span class='ocrx_word' id='word_1_451' title='bbox 1400 742 1588 771; x_wconf 81' lang='lat' dir='ltr'><strong>accelerarent.</strong></span> <span class='ocrx_word' id='word_1_452' title='bbox 1604 741 1668 770; x_wconf 82' lang='lat' dir='ltr'><strong>Haec</strong></span> 
     </span>
     <span class='ocr_line' id='line_1_67' title="bbox 924 787 1671 827; baseline -0.001 -11"><span class='ocrx_word' id='word_1_453' title='bbox 924 798 1005 827; x_wconf 89' lang='lat' dir='ltr'><strong>porro</strong></span> <span class='ocrx_word' id='word_1_454' title='bbox 1022 787 1112 815; x_wconf 87' lang='lat' dir='ltr'><strong>omnia</strong></span> <span class='ocrx_word' id='word_1_455' title='bbox 1126 810 1133 822; x_wconf 91' lang='lat'><strong><em>‚</em></strong></span> <span class='ocrx_word' id='word_1_456' title='bbox 1147 794 1176 815; x_wconf 88' lang='lat' dir='ltr'><strong>ut</strong></span> <span class='ocrx_word' id='word_1_457' title='bbox 1190 787 1297 816; x_wconf 87' lang='lat' dir='ltr'><strong>credere</strong></span> <span class='ocrx_word' id='word_1_458' title='bbox 1308 794 1356 823; x_wconf 87' lang='lat' dir='ltr'><strong>est,</strong></span> <span class='ocrx_word' id='word_1_459' title='bbox 1369 787 1530 815; x_wconf 78' lang='lat' dir='ltr'><strong>moliebatur</strong></span> <span class='ocrx_word' id='word_1_460' title='bbox 1542 787 1671 816; x_wconf 75' lang='lat' dir='ltr'><strong>Eudoxia</strong></span> 
     </span>
     <span class='ocr_line' id='line_1_68' title="bbox 924 833 1250 864; baseline -0.006 -2"><span class='ocrx_word' id='word_1_461' title='bbox 924 833 1021 864; x_wconf 68' lang='grc' dir='ltr'><strong>ι10311111</strong></span> <span class='ocrx_word' id='word_1_462' title='bbox 1034 840 1123 861; x_wconf 88' lang='lat' dir='ltr'><strong>nostro</strong></span> <span class='ocrx_word' id='word_1_463' title='bbox 1139 833 1250 862; x_wconf 80' lang='lat' dir='ltr'><strong>infensa.</strong></span> 
     </span>
    </p>

    <p class='ocr_par' dir='ltr' id='par_1_13' title="bbox 925 877 1827 1425">
     <span class='ocr_line' id='line_1_69' title="bbox 959 877 1826 917; baseline -0.001 -11"><span class='ocrx_word' id='word_1_464' title='bbox 959 879 1028 907; x_wconf 84' lang='lat' dir='ltr'><strong>Aliis</strong></span> <span class='ocrx_word' id='word_1_465' title='bbox 1042 889 1105 907; x_wconf 88' lang='lat' dir='ltr'><strong>vero</strong></span> <span class='ocrx_word' id='word_1_466' title='bbox 1123 878 1307 912; x_wconf 75' lang='lat' dir='ltr'><strong>instantibus,</strong></span> <span class='ocrx_word' id='word_1_467' title='bbox 1326 878 1426 906; x_wconf 81' lang='lat' dir='ltr'><strong>Paulus</strong></span> <span class='ocrx_word' id='word_1_468' title='bbox 1442 877 1597 906; x_wconf 61' lang='lat' dir='ltr'><strong>Heracleon-1</strong></span> <span class='ocrx_word' id='word_1_469' title='bbox 1614 878 1671 917; x_wconf 80' lang='lat' dir='ltr'><strong>pri-</strong></span> <span class='ocrx_word' id='word_1_470' title='bbox 1695 882 1826 911; x_wconf 63' lang='grc'>6111130510-</span> 
     </span>
     <span class='ocr_line' id='line_1_70' title="bbox 925 901 1827 965; baseline -0.002 -12"><span class='ocrx_word' id='word_1_471' title='bbox 925 935 984 953; x_wconf 85' lang='grc'>111115</span> <span class='ocrx_word' id='word_1_472' title='bbox 1004 935 1096 953; x_wconf 83' lang='lat' dir='ltr'><strong>omnes</strong></span> <span class='ocrx_word' id='word_1_473' title='bbox 1112 925 1269 953; x_wconf 83' lang='lat' dir='ltr'><strong>sententiam</strong></span> <span class='ocrx_word' id='word_1_474' title='bbox 1288 901 1377 952; x_wconf 77' lang='lat' dir='ltr'><strong>dicere</strong></span> <span class='ocrx_word' id='word_1_475' title='bbox 1393 924 1504 962; x_wconf 73' lang='lat' dir='ltr'><strong>rogavit</strong></span> <span class='ocrx_word' id='word_1_476' title='bbox 1523 925 1672 952; x_wconf 73' lang='lat' dir='ltr'><strong>statutum·</strong></span> <span class='ocrx_word' id='word_1_477' title='bbox 1684 913 1827 965; x_wconf 50' lang='grc' dir='ltr'><strong>ζ’(ζῗῠῈᾱΞΫ</strong></span> 
     </span>
     <span class='ocr_line' id='line_1_71' title="bbox 925 971 1797 1010; baseline -0.001 -10"><span class='ocrx_word' id='word_1_478' title='bbox 925 983 976 1010; x_wconf 82' lang='lat' dir='ltr'><strong>que</strong></span> <span class='ocrx_word' id='word_1_479' title='bbox 998 972 1048 1000; x_wconf 87' lang='lat' dir='ltr'><strong>fuit</strong></span> <span class='ocrx_word' id='word_1_480' title='bbox 1073 973 1202 1002; x_wconf 84' lang='lat' dir='ltr'><strong>Joanuem</strong></span> <span class='ocrx_word' id='word_1_481' title='bbox 1217 983 1231 1000; x_wconf 81' lang='lat' dir='ltr'><strong>a</strong></span> <span class='ocrx_word' id='word_1_482' title='bbox 1251 971 1312 1000; x_wconf 84' lang='lat' dir='ltr'><strong>sede</strong></span> <span class='ocrx_word' id='word_1_483' title='bbox 1330 971 1484 1010; x_wconf 80' lang='lat' dir='ltr'><strong>pellendum</strong></span> <span class='ocrx_word' id='word_1_484' title='bbox 1503 981 1578 999; x_wconf 86' lang='lat' dir='ltr'><strong>esse:</strong></span> <span class='ocrx_word' id='word_1_485' title='bbox 1590 982 1672 1009; x_wconf 82' lang='lat' dir='ltr'><strong>quam</strong></span> <span class='ocrx_word' id='word_1_486' title='bbox 1684 975 1797 1002; x_wconf 80' lang='lat' dir='ltr'><strong>Quercum</strong></span> 
     </span>
     <span class='ocr_line' id='line_1_72' title="bbox 925 1008 1813 1067; baseline -0.003 -20"><span class='ocrx_word' id='word_1_487' title='bbox 925 1019 1082 1047; x_wconf 83' lang='lat' dir='ltr'><strong>sententiam</strong></span> <span class='ocrx_word' id='word_1_488' title='bbox 1095 1018 1209 1057; x_wconf 87' lang='lat' dir='ltr'><strong>protulit</strong></span> <span class='ocrx_word' id='word_1_489' title='bbox 1228 1018 1394 1057; x_wconf 81' lang='lat' dir='ltr'><strong>Gymnasius</strong></span> <span class='ocrx_word' id='word_1_490' title='bbox 1405 1018 1564 1067; x_wconf 79' lang='lat' dir='ltr'><strong>episcopus,</strong></span> <span class='ocrx_word' id='word_1_491' title='bbox 1580 1024 1605 1045; x_wconf 86' lang='lat' dir='ltr'><strong>et</strong></span> <span class='ocrx_word' id='word_1_492' title='bbox 1620 1027 1673 1056; x_wconf 83' lang='lat' dir='ltr'><strong>po-</strong></span> <span class='ocrx_word' id='word_1_493' title='bbox 1686 1008 1813 1065; x_wconf 50' lang='grc' dir='ltr'><strong>ἓῑᾞέἔὲὲῖ.</strong></span> 
     </span>
     <span class='ocr_line' id='line_1_73' title="bbox 926 1063 1732 1104; baseline -0.004 -11"><span class='ocrx_word' id='word_1_494' title='bbox 926 1072 1040 1093; x_wconf 81' lang='lat' dir='ltr'><strong>sti-emus</strong></span> <span class='ocrx_word' id='word_1_495' title='bbox 1061 1064 1243 1104; x_wconf 80' lang='lat' dir='ltr'><strong>Theophilus</strong></span> <span class='ocrx_word' id='word_1_496' title='bbox 1261 1064 1360 1092; x_wconf 82' lang='lat' dir='ltr'><strong>Omnes</strong></span> <span class='ocrx_word' id='word_1_497' title='bbox 1383 1070 1472 1091; x_wconf 80' lang='lat' dir='ltr'><strong>autem</strong></span> <span class='ocrx_word' id='word_1_498' title='bbox 1488 1063 1606 1102; x_wconf 80' lang='lat' dir='ltr'><strong>episcopi</strong></span> <span class='ocrx_word' id='word_1_499' title='bbox 1623 1074 1673 1091; x_wconf 90' lang='lat' dir='ltr'><strong>nu·</strong></span> <span class='ocrx_word' id='word_1_500' title='bbox 1686 1073 1732 1090; x_wconf 80' lang='lat' dir='ltr'><strong>tur.</strong></span> 
     </span>
     <span class='ocr_line' id='line_1_74' title="bbox 926 1109 1673 1149; baseline -0.001 -10"><span class='ocrx_word' id='word_1_501' title='bbox 926 1121 999 1139; x_wconf 86' lang='grc'>111010</span> <span class='ocrx_word' id='word_1_502' title='bbox 1011 1111 1189 1149; x_wconf 74' lang='lat' dir='ltr'><strong>quadraginta</strong></span> <span class='ocrx_word' id='word_1_503' title='bbox 1207 1110 1325 1148; x_wconf 85' lang='lat' dir='ltr'><strong>quinque</strong></span> <span class='ocrx_word' id='word_1_504' title='bbox 1338 1117 1429 1146; x_wconf 87' lang='lat' dir='ltr'><strong>erant,</strong></span> <span class='ocrx_word' id='word_1_505' title='bbox 1439 1110 1461 1138; x_wconf 90' lang='lat' dir='ltr'><strong>si</strong></span> <span class='ocrx_word' id='word_1_506' title='bbox 1473 1109 1539 1137; x_wconf 82' lang='lat' dir='ltr'><strong>fides</strong></span> <span class='ocrx_word' id='word_1_507' title='bbox 1557 1110 1592 1138; x_wconf 87' lang='lat' dir='ltr'><strong>sit</strong></span> <span class='ocrx_word' id='word_1_508' title='bbox 1606 1109 1673 1138; x_wconf 86' lang='lat' dir='ltr'><strong>actis</strong></span> 
     </span>
     <span class='ocr_line' id='line_1_75' title="bbox 927 1156 1671 1196; baseline -0.003 -10"><span class='ocrx_word' id='word_1_509' title='bbox 927 1168 941 1186; x_wconf 86' lang='lat' dir='ltr'><strong>a</strong></span> <span class='ocrx_word' id='word_1_510' title='bbox 956 1158 1053 1186; x_wconf 81' lang='lat' dir='ltr'><strong>Photio</strong></span> <span class='ocrx_word' id='word_1_511' title='bbox 1062 1157 1162 1185; x_wconf 73' lang='lat' dir='ltr'><strong>allatis.</strong></span> <span class='ocrx_word' id='word_1_512' title='bbox 1179 1157 1241 1185; x_wconf 84' lang='lat' dir='ltr'><strong>Haec</strong></span> <span class='ocrx_word' id='word_1_513' title='bbox 1255 1167 1334 1196; x_wconf 85' lang='lat' dir='ltr'><strong>porro</strong></span> <span class='ocrx_word' id='word_1_514' title='bbox 1350 1164 1406 1185; x_wconf 88' lang='lat' dir='ltr'><strong>acta</strong></span> <span class='ocrx_word' id='word_1_515' title='bbox 1420 1156 1511 1195; x_wconf 87' lang='lat' dir='ltr'><strong>rejecit</strong></span> <span class='ocrx_word' id='word_1_516' title='bbox 1527 1156 1671 1191; x_wconf 85' lang='lat' dir='ltr'><strong>Barouius,</strong></span> 
     </span>
     <span class='ocr_line' id='line_1_76' title="bbox 927 1202 1673 1242; baseline -0.001 -11"><span class='ocrx_word' id='word_1_517' title='bbox 927 1204 973 1242; x_wconf 88' lang='lat' dir='ltr'><strong>qui</strong></span> <span class='ocrx_word' id='word_1_518' title='bbox 989 1215 1002 1232; x_wconf 89' lang='lat' dir='ltr'><strong>a</strong></span> <span class='ocrx_word' id='word_1_519' title='bbox 1018 1204 1105 1232; x_wconf 88' lang='lat' dir='ltr'><strong>doctis</strong></span> <span class='ocrx_word' id='word_1_520' title='bbox 1121 1203 1187 1231; x_wconf 86' lang='lat' dir='ltr'><strong>viris</strong></span> <span class='ocrx_word' id='word_1_521' title='bbox 1206 1203 1265 1242; x_wconf 88' lang='lat' dir='ltr'><strong>jure</strong></span> <span class='ocrx_word' id='word_1_522' title='bbox 1280 1202 1444 1242; x_wconf 71' lang='lat' dir='ltr'><strong>exploditur.</strong></span> <span class='ocrx_word' id='word_1_523' title='bbox 1463 1204 1532 1231; x_wconf 79' lang='lat' dir='ltr'><strong>Nam</strong></span> <span class='ocrx_word' id='word_1_524' title='bbox 1547 1209 1607 1230; x_wconf 77' lang='lat' dir='ltr'><strong>acta</strong></span> <span class='ocrx_word' id='word_1_525' title='bbox 1626 1202 1673 1231; x_wconf 84' lang='lat' dir='ltr'><strong>illa</strong></span> 
     </span>
     <span class='ocr_line' id='line_1_77' title="bbox 928 1249 1674 1288; baseline -0.003 -10"><span class='ocrx_word' id='word_1_526' title='bbox 928 1260 991 1278; x_wconf 80' lang='lat' dir='ltr'><strong>vera</strong></span> <span class='ocrx_word' id='word_1_527' title='bbox 1005 1260 1061 1278; x_wconf 83' lang='lat' dir='ltr'><strong>esse</strong></span> <span class='ocrx_word' id='word_1_528' title='bbox 1074 1256 1167 1288; x_wconf 74' lang='lat' dir='ltr'><strong>putant</strong></span> <span class='ocrx_word' id='word_1_529' title='bbox 1178 1256 1234 1277; x_wconf 88' lang='lat' dir='ltr'><strong>tum</strong></span> <span class='ocrx_word' id='word_1_530' title='bbox 1247 1249 1292 1277; x_wconf 81' lang='lat' dir='ltr'><strong>alii</strong></span> <span class='ocrx_word' id='word_1_531' title='bbox 1308 1249 1378 1277; x_wconf 88' lang='lat' dir='ltr'><strong>docti</strong></span> <span class='ocrx_word' id='word_1_532' title='bbox 1393 1249 1454 1284; x_wconf 82' lang='lat' dir='ltr'><strong>viri,</strong></span> <span class='ocrx_word' id='word_1_533' title='bbox 1466 1255 1524 1276; x_wconf 85' lang='lat' dir='ltr'><strong>tum</strong></span> <span class='ocrx_word' id='word_1_534' title='bbox 1536 1249 1674 1287; x_wconf 73' lang='lat' dir='ltr'><strong>sagacissi-</strong></span> 
     </span>
     <span class='ocr_line' id='line_1_78' title="bbox 929 1294 1675 1333; baseline -0.001 -10"><span class='ocrx_word' id='word_1_535' title='bbox 929 1305 988 1323; x_wconf 86' lang='lat' dir='ltr'><strong>mus</strong></span> <span class='ocrx_word' id='word_1_536' title='bbox 1005 1294 1204 1323; x_wconf 81' lang='lat' dir='ltr'><strong>Tillemontius.</strong></span> <span class='ocrx_word' id='word_1_537' title='bbox 1218 1295 1424 1322; x_wconf 76' lang='lat' dir='ltr'><strong>Criminationes</strong></span> <span class='ocrx_word' id='word_1_538' title='bbox 1439 1304 1518 1333; x_wconf 86' lang='lat' dir='ltr'><strong>porro</strong></span> <span class='ocrx_word' id='word_1_539' title='bbox 1536 1294 1596 1322; x_wconf 81' lang='lat' dir='ltr'><strong>illas</strong></span> <span class='ocrx_word' id='word_1_540' title='bbox 1609 1317 1616 1330; x_wconf 86' lang='lat'>‚</span> <span class='ocrx_word' id='word_1_541' title='bbox 1630 1294 1675 1323; x_wconf 75' lang='lat' dir='ltr'><strong>vel</strong></span> 
     </span>
     <span class='ocr_line' id='line_1_79' title="bbox 930 1340 1674 1379; baseline 0 -10"><span class='ocrx_word' id='word_1_542' title='bbox 930 1341 1028 1376; x_wconf 83' lang='lat' dir='ltr'><strong>nullas,</strong></span> <span class='ocrx_word' id='word_1_543' title='bbox 1039 1341 1081 1369; x_wconf 73' lang='lat' dir='ltr'><strong>vel</strong></span> <span class='ocrx_word' id='word_1_544' title='bbox 1093 1347 1238 1375; x_wconf 82' lang='lat' dir='ltr'><strong>contortas,</strong></span> <span class='ocrx_word' id='word_1_545' title='bbox 1247 1341 1289 1368; x_wconf 75' lang='lat' dir='ltr'><strong>vel</strong></span> <span class='ocrx_word' id='word_1_546' title='bbox 1300 1341 1408 1369; x_wconf 88' lang='lat' dir='ltr'><strong>omnino</strong></span> <span class='ocrx_word' id='word_1_547' title='bbox 1420 1340 1500 1368; x_wconf 81' lang='lat' dir='ltr'><strong>salsas</strong></span> <span class='ocrx_word' id='word_1_548' title='bbox 1513 1351 1567 1369; x_wconf 84' lang='lat' dir='ltr'><strong>esse</strong></span> <span class='ocrx_word' id='word_1_549' title='bbox 1578 1347 1674 1379; x_wconf 87' lang='lat' dir='ltr'><strong>putant</strong></span> 
     </span>
     <span class='ocr_line' id='line_1_80' title="bbox 930 1387 1672 1425; baseline -0.001 -10"><span class='ocrx_word' id='word_1_550' title='bbox 930 1394 989 1416; x_wconf 85' lang='lat' dir='ltr'><strong>tum</strong></span> <span class='ocrx_word' id='word_1_551' title='bbox 1008 1387 1120 1415; x_wconf 86' lang='lat' dir='ltr'><strong>Photius</strong></span> <span class='ocrx_word' id='word_1_552' title='bbox 1133 1409 1140 1422; x_wconf 82' lang='lat'><strong>,</strong></span> <span class='ocrx_word' id='word_1_553' title='bbox 1153 1393 1210 1414; x_wconf 88' lang='lat' dir='ltr'><strong>tum</strong></span> <span class='ocrx_word' id='word_1_554' title='bbox 1222 1393 1354 1425; x_wconf 86' lang='lat' dir='ltr'><strong>quotquot</strong></span> <span class='ocrx_word' id='word_1_555' title='bbox 1366 1387 1423 1414; x_wconf 85' lang='lat' dir='ltr'><strong>veri</strong></span> <span class='ocrx_word' id='word_1_556' title='bbox 1437 1397 1527 1414; x_wconf 83' lang='lat' dir='ltr'><strong>amore</strong></span> <span class='ocrx_word' id='word_1_557' title='bbox 1542 1393 1672 1415; x_wconf 86' lang='lat' dir='ltr'><strong>tenentur.</strong></span> 
     </span>
    </p>

    <p class='ocr_par' dir='ltr' id='par_1_14' title="bbox 930 1432 1674 1518">
     <span class='ocr_line' id='line_1_81' title="bbox 930 1432 1674 1462; baseline -0.003 0"><span class='ocrx_word' id='word_1_558' title='bbox 930 1434 960 1462; x_wconf 86' lang='lat' dir='ltr'><strong>In</strong></span> <span class='ocrx_word' id='word_1_559' title='bbox 977 1433 1158 1462; x_wconf 72' lang='lat' dir='ltr'><strong>damnationis</strong></span> <span class='ocrx_word' id='word_1_560' title='bbox 1178 1443 1240 1461; x_wconf 72' lang='lat' dir='ltr'><strong>vero</strong></span> <span class='ocrx_word' id='word_1_561' title='bbox 1255 1433 1382 1461; x_wconf 84' lang='lat' dir='ltr'><strong>sententia</strong></span> <span class='ocrx_word' id='word_1_562' title='bbox 1397 1432 1463 1460; x_wconf 86' lang='lat' dir='ltr'><strong>nihil</strong></span> <span class='ocrx_word' id='word_1_563' title='bbox 1479 1432 1554 1460; x_wconf 81' lang='lat' dir='ltr'><strong>aliud</strong></span> <span class='ocrx_word' id='word_1_564' title='bbox 1571 1432 1674 1460; x_wconf 84' lang='lat' dir='ltr'><strong>fereba-</strong></span> 
     </span>
     <span class='ocr_line' id='line_1_82' title="bbox 930 1478 1671 1518; baseline -0.001 -11"><span class='ocrx_word' id='word_1_565' title='bbox 930 1486 974 1508; x_wconf 86' lang='lat' dir='ltr'><strong>tur</strong></span> <span class='ocrx_word' id='word_1_566' title='bbox 988 1502 994 1513; x_wconf 77' lang='grc'><em>,</em></span> <span class='ocrx_word' id='word_1_567' title='bbox 1006 1490 1090 1518; x_wconf 82' lang='lat' dir='ltr'><strong>quam</strong></span> <span class='ocrx_word' id='word_1_568' title='bbox 1113 1479 1185 1517; x_wconf 84' lang='lat' dir='ltr'><strong>quod</strong></span> <span class='ocrx_word' id='word_1_569' title='bbox 1201 1479 1226 1506; x_wconf 89' lang='lat' dir='ltr'><strong>in</strong></span> <span class='ocrx_word' id='word_1_570' title='bbox 1243 1478 1353 1518; x_wconf 80' lang='lat' dir='ltr'><strong>Synodo</strong></span> <span class='ocrx_word' id='word_1_571' title='bbox 1369 1489 1523 1517; x_wconf 85' lang='lat' dir='ltr'><strong>comparere</strong></span> <span class='ocrx_word' id='word_1_572' title='bbox 1534 1478 1671 1506; x_wconf 78' lang='lat' dir='ltr'><strong>noluisset.</strong></span> 
     </span>
    </p>

    <p class='ocr_par' dir='ltr' id='par_1_15' title="bbox 928 1524 1826 2253">
     <span class='ocr_line' id='line_1_83' title="bbox 969 1524 1826 1563; baseline -0.007 -8"><span class='ocrx_word' id='word_1_573' title='bbox 969 1528 1062 1555; x_wconf 75' lang='lat' dir='ltr'><strong>Postea</strong></span> <span class='ocrx_word' id='word_1_574' title='bbox 1084 1525 1202 1554; x_wconf 85' lang='lat' dir='ltr'><strong>mittitur</strong></span> <span class='ocrx_word' id='word_1_575' title='bbox 1223 1525 1259 1553; x_wconf 86' lang='lat' dir='ltr'><strong>ad</strong></span> <span class='ocrx_word' id='word_1_576' title='bbox 1272 1525 1380 1554; x_wconf 85' lang='lat' dir='ltr'><strong>Clerum</strong></span> <span class='ocrx_word' id='word_1_577' title='bbox 1396 1524 1673 1563; x_wconf 82' lang='lat' dir='ltr'><strong>Constantinopolita-</strong></span> <span class='ocrx_word' id='word_1_578' title='bbox 1685 1527 1752 1549; x_wconf 74' lang='lat' dir='ltr'><strong>Phor.</strong></span> <span class='ocrx_word' id='word_1_579' title='bbox 1768 1527 1826 1550; x_wconf 77' lang='lat' dir='ltr'><strong>cod.</strong></span> 
     </span>
     <span class='ocr_line' id='line_1_84' title="bbox 929 1567 1733 1611; baseline -0.002 -11"><span class='ocrx_word' id='word_1_580' title='bbox 929 1583 994 1600; x_wconf 87' lang='lat' dir='ltr'><strong>num</strong></span> <span class='ocrx_word' id='word_1_581' title='bbox 1011 1572 1121 1611; x_wconf 84' lang='lat' dir='ltr'><strong>epistola</strong></span> <span class='ocrx_word' id='word_1_582' title='bbox 1134 1594 1141 1607; x_wconf 84' lang='lat'>‚</span> <span class='ocrx_word' id='word_1_583' title='bbox 1163 1582 1215 1609; x_wconf 81' lang='lat' dir='ltr'><strong>qua</strong></span> <span class='ocrx_word' id='word_1_584' title='bbox 1235 1571 1410 1599; x_wconf 82' lang='lat' dir='ltr'><strong>nuntiabatur</strong></span> <span class='ocrx_word' id='word_1_585' title='bbox 1431 1572 1559 1599; x_wconf 79' lang='lat' dir='ltr'><strong>Joaunem</strong></span> <span class='ocrx_word' id='word_1_586' title='bbox 1580 1581 1595 1598; x_wconf 81' lang='lat' dir='ltr'><strong>a</strong></span> <span class='ocrx_word' id='word_1_587' title='bbox 1614 1570 1675 1599; x_wconf 88' lang='lat' dir='ltr'><strong>sede</strong></span> <span class='ocrx_word' id='word_1_588' title='bbox 1686 1567 1733 1581; x_wconf 61' lang='lat'><strong>¹¹¹⁸·</strong></span> 
     </span>
     <span class='ocr_line' id='line_1_85' title="bbox 928 1616 1673 1657; baseline -0.003 -11"><span class='ocrx_word' id='word_1_589' title='bbox 928 1618 1062 1657; x_wconf 81' lang='lat' dir='ltr'><strong>dejectum</strong></span> <span class='ocrx_word' id='word_1_590' title='bbox 1085 1618 1166 1646; x_wconf 80' lang='lat' dir='ltr'><strong>fuisse</strong></span> <span class='ocrx_word' id='word_1_591' title='bbox 1177 1640 1184 1653; x_wconf 90' lang='lat'>‚</span> <span class='ocrx_word' id='word_1_592' title='bbox 1200 1617 1370 1656; x_wconf 87' lang='lat' dir='ltr'><strong>idipsumque</strong></span> <span class='ocrx_word' id='word_1_593' title='bbox 1385 1616 1542 1655; x_wconf 83' lang='lat' dir='ltr'><strong>Imperatori</strong></span> <span class='ocrx_word' id='word_1_594' title='bbox 1564 1617 1673 1644; x_wconf 82' lang='lat' dir='ltr'><strong>nuntia-</strong></span> 
     </span>
     <span class='ocr_line' id='line_1_86' title="bbox 929 1663 1673 1700; baseline -0.005 -7"><span class='ocrx_word' id='word_1_595' title='bbox 929 1671 972 1693; x_wconf 90' lang='lat' dir='ltr'><strong>tur</strong></span> <span class='ocrx_word' id='word_1_596' title='bbox 989 1664 1156 1693; x_wconf 80' lang='lat' dir='ltr'><strong>:addebatur</strong></span> <span class='ocrx_word' id='word_1_597' title='bbox 1167 1664 1246 1692; x_wconf 74' lang='lat' dir='ltr'><strong>etiam</strong></span> <span class='ocrx_word' id='word_1_598' title='bbox 1258 1663 1333 1691; x_wconf 89' lang='lat' dir='ltr'><strong>illum</strong></span> <span class='ocrx_word' id='word_1_599' title='bbox 1350 1663 1416 1691; x_wconf 51' lang='lat' dir='ltr'><strong>ltesce</strong></span> <span class='ocrx_word' id='word_1_600' title='bbox 1433 1663 1578 1700; x_wconf 78' lang='lat' dir='ltr'><strong>majestatis</strong></span> <span class='ocrx_word' id='word_1_601' title='bbox 1596 1673 1673 1690; x_wconf 88' lang='lat' dir='ltr'><strong>reum</strong></span> 
     </span>
     <span class='ocr_line' id='line_1_87' title="bbox 928 1708 1675 1747; baseline -0.005 -8"><span class='ocrx_word' id='word_1_602' title='bbox 928 1711 1069 1739; x_wconf 82' lang='lat' dir='ltr'><strong>declarari.</strong></span> <span class='ocrx_word' id='word_1_603' title='bbox 1084 1710 1248 1738; x_wconf 82' lang='lat' dir='ltr'><strong>llortabatur</strong></span> <span class='ocrx_word' id='word_1_604' title='bbox 1268 1716 1357 1737; x_wconf 86' lang='lat' dir='ltr'><strong>autem</strong></span> <span class='ocrx_word' id='word_1_605' title='bbox 1374 1709 1565 1747; x_wconf 82' lang='lat' dir='ltr'><strong>Imperatorem</strong></span> <span class='ocrx_word' id='word_1_606' title='bbox 1585 1708 1675 1747; x_wconf 88' lang='lat' dir='ltr'><strong>Syno-</strong></span> 
     </span>
     <span class='ocr_line' id='line_1_88' title="bbox 928 1754 1676 1796; baseline -0.005 -11"><span class='ocrx_word' id='word_1_607' title='bbox 928 1757 979 1786; x_wconf 87' lang='lat' dir='ltr'><strong>dus</strong></span> <span class='ocrx_word' id='word_1_608' title='bbox 989 1780 997 1791; x_wconf 87' lang='lat'><strong>,</strong></span> <span class='ocrx_word' id='word_1_609' title='bbox 1014 1757 1156 1796; x_wconf 84' lang='lat' dir='ltr'><strong>utjuberet</strong></span> <span class='ocrx_word' id='word_1_610' title='bbox 1172 1755 1249 1784; x_wconf 90' lang='lat' dir='ltr'><strong>illum</strong></span> <span class='ocrx_word' id='word_1_611' title='bbox 1265 1754 1340 1794; x_wconf 85' lang='lat' dir='ltr'><strong>ejici,</strong></span> <span class='ocrx_word' id='word_1_612' title='bbox 1353 1761 1379 1783; x_wconf 89' lang='lat' dir='ltr'><strong>et</strong></span> <span class='ocrx_word' id='word_1_613' title='bbox 1393 1764 1483 1792; x_wconf 81' lang='lat' dir='ltr'><strong>poenas</strong></span> <span class='ocrx_word' id='word_1_614' title='bbox 1497 1754 1566 1782; x_wconf 79' lang='lat' dir='ltr'><strong>laesae</strong></span> <span class='ocrx_word' id='word_1_615' title='bbox 1586 1754 1676 1792; x_wconf 85' lang='lat' dir='ltr'><strong>maje-</strong></span> 
     </span>
     <span class='ocr_line' id='line_1_89' title="bbox 928 1799 1677 1839; baseline -0.007 -7"><span class='ocrx_word' id='word_1_616' title='bbox 928 1804 1004 1832; x_wconf 85' lang='lat' dir='ltr'><strong>statis</strong></span> <span class='ocrx_word' id='word_1_617' title='bbox 1030 1803 1104 1832; x_wconf 87' lang='lat' dir='ltr'><strong>dare.</strong></span> <span class='ocrx_word' id='word_1_618' title='bbox 1125 1803 1228 1830; x_wconf 73' lang='lat' dir='ltr'><strong>Laesam</strong></span> <span class='ocrx_word' id='word_1_619' title='bbox 1250 1808 1339 1829; x_wconf 85' lang='lat' dir='ltr'><strong>autem</strong></span> <span class='ocrx_word' id='word_1_620' title='bbox 1362 1801 1526 1839; x_wconf 82' lang='lat' dir='ltr'><strong>majestatem</strong></span> <span class='ocrx_word' id='word_1_621' title='bbox 1550 1799 1677 1828; x_wconf 84' lang='lat' dir='ltr'><strong>dicebaut</strong></span> 
     </span>
     <span class='ocr_line' id='line_1_90' title="bbox 928 1845 1676 1887; baseline -0.005 -10"><span class='ocrx_word' id='word_1_622' title='bbox 928 1849 1001 1887; x_wconf 89' lang='lat' dir='ltr'><strong>quod</strong></span> <span class='ocrx_word' id='word_1_623' title='bbox 1013 1848 1214 1887; x_wconf 68' lang='lat' dir='ltr'><strong>imperatricem</strong></span> <span class='ocrx_word' id='word_1_624' title='bbox 1226 1846 1375 1876; x_wconf 82' lang='lat' dir='ltr'><strong>J&#39;ezabelem</strong></span> <span class='ocrx_word' id='word_1_625' title='bbox 1388 1846 1555 1884; x_wconf 72' lang='lat' dir='ltr'><strong>appellassetz</strong></span> <span class='ocrx_word' id='word_1_626' title='bbox 1566 1845 1607 1873; x_wconf 85' lang='lat' dir='ltr'><strong>Ad</strong></span> <span class='ocrx_word' id='word_1_627' title='bbox 1618 1845 1676 1873; x_wconf 79' lang='lat' dir='ltr'><strong>haec</strong></span> 
     </span>
     <span class='ocr_line' id='line_1_91' title="bbox 928 1891 1676 1930; baseline -0.005 -6"><span class='ocrx_word' id='word_1_628' title='bbox 928 1896 1011 1924; x_wconf 83' lang='lat' dir='ltr'><strong>oblati</strong></span> <span class='ocrx_word' id='word_1_629' title='bbox 1025 1895 1111 1924; x_wconf 85' lang='lat' dir='ltr'><strong>libelli</strong></span> <span class='ocrx_word' id='word_1_630' title='bbox 1127 1901 1187 1922; x_wconf 90' lang='lat' dir='ltr'><strong>sunt</strong></span> <span class='ocrx_word' id='word_1_631' title='bbox 1209 1905 1223 1922; x_wconf 85' lang='lat' dir='ltr'><strong>a</strong></span> <span class='ocrx_word' id='word_1_632' title='bbox 1240 1893 1380 1928; x_wconf 84' lang='lat' dir='ltr'><strong>Gerontio,</strong></span> <span class='ocrx_word' id='word_1_633' title='bbox 1393 1891 1505 1920; x_wconf 83' lang='lat' dir='ltr'><strong>Paulino</strong></span> <span class='ocrx_word' id='word_1_634' title='bbox 1523 1898 1547 1919; x_wconf 88' lang='lat' dir='ltr'><strong>et</strong></span> <span class='ocrx_word' id='word_1_635' title='bbox 1565 1891 1676 1930; x_wconf 80' lang='lat' dir='ltr'><strong>Eugno—</strong></span> 
     </span>
     <span class='ocr_line' id='line_1_92' title="bbox 929 1937 1674 1979; baseline -0.005 -9"><span class='ocrx_word' id='word_1_636' title='bbox 929 1942 1018 1970; x_wconf 79' lang='lat' dir='ltr'><strong>monio</strong></span> <span class='ocrx_word' id='word_1_637' title='bbox 1028 1964 1037 1977; x_wconf 89' lang='lat'><em>‚</em></span> <span class='ocrx_word' id='word_1_638' title='bbox 1052 1941 1098 1979; x_wconf 90' lang='lat' dir='ltr'><strong>qui</strong></span> <span class='ocrx_word' id='word_1_639' title='bbox 1114 1951 1141 1969; x_wconf 85' lang='lat' dir='ltr'><strong>se</strong></span> <span class='ocrx_word' id='word_1_640' title='bbox 1155 1940 1251 1978; x_wconf 86' lang='lat' dir='ltr'><strong>injuste</strong></span> <span class='ocrx_word' id='word_1_641' title='bbox 1262 1950 1275 1967; x_wconf 79' lang='lat' dir='ltr'><strong>a</strong></span> <span class='ocrx_word' id='word_1_642' title='bbox 1292 1940 1394 1968; x_wconf 88' lang='lat' dir='ltr'><strong>Joauue</strong></span> <span class='ocrx_word' id='word_1_643' title='bbox 1406 1937 1561 1976; x_wconf 69' lang='lat' dir='ltr'><strong>episcopatu</strong></span> <span class='ocrx_word' id='word_1_644' title='bbox 1582 1937 1674 1976; x_wconf 87' lang='lat' dir='ltr'><strong>pulsos</strong></span> 
     </span>
     <span class='ocr_line' id='line_1_93' title="bbox 929 1983 1675 2026; baseline -0.007 -10"><span class='ocrx_word' id='word_1_645' title='bbox 929 1987 1120 2026; x_wconf 80' lang='lat' dir='ltr'><strong>querebantur.</strong></span> <span class='ocrx_word' id='word_1_646' title='bbox 1137 1987 1239 2015; x_wconf 72' lang='lat' dir='ltr'><strong>Verum</strong></span> <span class='ocrx_word' id='word_1_647' title='bbox 1263 1984 1308 2023; x_wconf 89' lang='lat' dir='ltr'><strong>qui</strong></span> <span class='ocrx_word' id='word_1_648' title='bbox 1327 1984 1481 2023; x_wconf 83' lang='lat' dir='ltr'><strong>episcopatu</strong></span> <span class='ocrx_word' id='word_1_649' title='bbox 1501 1983 1535 2011; x_wconf 82' lang='lat' dir='ltr'><strong>ab</strong></span> <span class='ocrx_word' id='word_1_650' title='bbox 1554 1994 1583 2011; x_wconf 88' lang='lat' dir='ltr'><strong>eo</strong></span> <span class='ocrx_word' id='word_1_651' title='bbox 1599 1984 1675 2022; x_wconf 86' lang='lat' dir='ltr'><strong>ejecti</strong></span> 
     </span>
     <span class='ocr_line' id='line_1_94' title="bbox 930 2029 1676 2070; baseline -0.009 -8"><span class='ocrx_word' id='word_1_652' title='bbox 930 2034 1035 2062; x_wconf 80' lang='lat' dir='ltr'><strong>fuerant</strong></span> <span class='ocrx_word' id='word_1_653' title='bbox 1047 2055 1054 2068; x_wconf 89' lang='lat'><strong>,</strong></span> <span class='ocrx_word' id='word_1_654' title='bbox 1067 2031 1171 2060; x_wconf 85' lang='lat' dir='ltr'><strong>nonnisi</strong></span> <span class='ocrx_word' id='word_1_655' title='bbox 1188 2039 1247 2070; x_wconf 81' lang='lat' dir='ltr'><strong>post</strong></span> <span class='ocrx_word' id='word_1_656' title='bbox 1263 2029 1409 2058; x_wconf 86' lang='lat' dir='ltr'><strong>secundum</strong></span> <span class='ocrx_word' id='word_1_657' title='bbox 1422 2029 1548 2057; x_wconf 75' lang='lat' dir='ltr'><strong>exsilium</strong></span> <span class='ocrx_word' id='word_1_658' title='bbox 1560 2030 1616 2068; x_wconf 79' lang='lat' dir='ltr'><strong>ejus</strong></span> <span class='ocrx_word' id='word_1_659' title='bbox 1629 2039 1676 2057; x_wconf 82' lang='lat' dir='ltr'><strong>re-</strong></span> 
     </span>
     <span class='ocr_line' id='line_1_95' title="bbox 930 2075 1675 2111; baseline -0.005 -3"><span class='ocrx_word' id='word_1_660' title='bbox 930 2080 1017 2108; x_wconf 88' lang='lat' dir='ltr'><strong>stituti</strong></span> <span class='ocrx_word' id='word_1_661' title='bbox 1029 2085 1100 2111; x_wconf 84' lang='lat' dir='ltr'><strong>sunt,</strong></span> <span class='ocrx_word' id='word_1_662' title='bbox 1114 2084 1177 2105; x_wconf 86' lang='lat' dir='ltr'><strong>teste</strong></span> <span class='ocrx_word' id='word_1_663' title='bbox 1193 2075 1321 2105; x_wconf 80' lang='lat' dir='ltr'><strong>Palladio.</strong></span> <span class='ocrx_word' id='word_1_664' title='bbox 1337 2076 1399 2103; x_wconf 85' lang='lat' dir='ltr'><strong>Post</strong></span> <span class='ocrx_word' id='word_1_665' title='bbox 1410 2075 1467 2103; x_wconf 69' lang='lat' dir='ltr'><strong>lime</strong></span> <span class='ocrx_word' id='word_1_666' title='bbox 1479 2082 1568 2103; x_wconf 80' lang='lat' dir='ltr'><strong>autem</strong></span> <span class='ocrx_word' id='word_1_667' title='bbox 1584 2076 1675 2104; x_wconf 87' lang='lat' dir='ltr'><strong>Theo-</strong></span> 
     </span>
     <span class='ocr_line' id='line_1_96' title="bbox 930 2121 1671 2165; baseline -0.005 -11"><span class='ocrx_word' id='word_1_668' title='bbox 930 2126 1021 2165; x_wconf 85' lang='lat' dir='ltr'><strong>philus</strong></span> <span class='ocrx_word' id='word_1_669' title='bbox 1032 2135 1092 2153; x_wconf 88' lang='lat' dir='ltr'><strong>eum</strong></span> <span class='ocrx_word' id='word_1_670' title='bbox 1108 2123 1247 2151; x_wconf 78' lang='lat' dir='ltr'><strong>Fratribus</strong></span> <span class='ocrx_word' id='word_1_671' title='bbox 1259 2121 1356 2160; x_wconf 77' lang='lat' dir='ltr'><strong>Longis</strong></span> <span class='ocrx_word' id='word_1_672' title='bbox 1374 2121 1500 2149; x_wconf 74' lang='lat' dir='ltr'><strong>facillime</strong></span> <span class='ocrx_word' id='word_1_673' title='bbox 1512 2122 1671 2150; x_wconf 81' lang='lat' dir='ltr'><strong>reconcilia-</strong></span> 
     </span>
     <span class='ocr_line' id='line_1_97' title="bbox 931 2167 1672 2207; baseline -0.007 -6"><span class='ocrx_word' id='word_1_674' title='bbox 931 2180 973 2201; x_wconf 84' lang='lat' dir='ltr'><strong>tus</strong></span> <span class='ocrx_word' id='word_1_675' title='bbox 986 2178 1042 2205; x_wconf 85' lang='lat' dir='ltr'><strong>est;</strong></span> <span class='ocrx_word' id='word_1_676' title='bbox 1058 2177 1129 2199; x_wconf 84' lang='lat' dir='ltr'><strong>tanta</strong></span> <span class='ocrx_word' id='word_1_677' title='bbox 1145 2171 1216 2198; x_wconf 88' lang='lat' dir='ltr'><strong>enim</strong></span> <span class='ocrx_word' id='word_1_678' title='bbox 1237 2167 1393 2196; x_wconf 78' lang='lat' dir='ltr'><strong>eliminandi</strong></span> <span class='ocrx_word' id='word_1_679' title='bbox 1414 2168 1524 2197; x_wconf 83' lang='lat' dir='ltr'><strong>Joannis</strong></span> <span class='ocrx_word' id='word_1_680' title='bbox 1545 2168 1672 2207; x_wconf 87' lang='lat' dir='ltr'><strong>cupidine</strong></span> 
     </span>
     <span class='ocr_line' id='line_1_98' title="bbox 929 2215 1551 2253; baseline -0.01 -6"><span class='ocrx_word' id='word_1_681' title='bbox 929 2218 1113 2253; x_wconf 79' lang='lat' dir='ltr'><strong>tenebatur,ut</strong></span> <span class='ocrx_word' id='word_1_682' title='bbox 1125 2223 1217 2244; x_wconf 74' lang='lat' dir='ltr'><strong>caetera</strong></span> <span class='ocrx_word' id='word_1_683' title='bbox 1230 2215 1318 2242; x_wconf 79' lang='lat' dir='ltr'><strong>omnia</strong></span> <span class='ocrx_word' id='word_1_684' title='bbox 1330 2224 1426 2253; x_wconf 85' lang='lat' dir='ltr'><strong>parum</strong></span> <span class='ocrx_word' id='word_1_685' title='bbox 1437 2221 1551 2242; x_wconf 78' lang='lat' dir='ltr'><strong>curaret.</strong></span> 
     </span>
    </p>

    <p class='ocr_par' dir='ltr' id='par_1_16' title="bbox 929 2260 1827 2669">
     <span class='ocr_line' id='line_1_99' title="bbox 969 2260 1827 2301; baseline -0.003 -10"><span class='ocrx_word' id='word_1_686' title='bbox 969 2263 1100 2292; x_wconf 85' lang='lat' dir='ltr'><strong>Arcadius</strong></span> <span class='ocrx_word' id='word_1_687' title='bbox 1119 2261 1229 2301; x_wconf 83' lang='lat' dir='ltr'><strong>Synodo</strong></span> <span class='ocrx_word' id='word_1_688' title='bbox 1253 2260 1386 2299; x_wconf 86' lang='lat' dir='ltr'><strong>rescripsit</strong></span> <span class='ocrx_word' id='word_1_689' title='bbox 1400 2267 1425 2288; x_wconf 86' lang='lat' dir='ltr'><strong>et</strong></span> <span class='ocrx_word' id='word_1_690' title='bbox 1440 2261 1549 2289; x_wconf 85' lang='lat' dir='ltr'><strong>Joannis</strong></span> <span class='ocrx_word' id='word_1_691' title='bbox 1564 2260 1671 2299; x_wconf 89' lang='lat' dir='ltr'><strong>deposi-</strong></span> <span class='ocrx_word' id='word_1_692' title='bbox 1700 2271 1765 2292; x_wconf 63' lang='lat' dir='ltr'><strong>prm..</strong></span> <span class='ocrx_word' id='word_1_693' title='bbox 1779 2277 1790 2291; x_wconf 70' lang='lat' dir='ltr'><strong>r</strong></span> <span class='ocrx_word' id='word_1_694' title='bbox 1803 2279 1827 2292; x_wconf 63' lang='lat' dir='ltr'><strong>x.</strong></span> 
     </span>
     <span class='ocr_line' id='line_1_100' title="bbox 930 2305 1721 2345; baseline -0.006 -6"><span class='ocrx_word' id='word_1_695' title='bbox 930 2311 1028 2339; x_wconf 88' lang='lat' dir='ltr'><strong>tionem</strong></span> <span class='ocrx_word' id='word_1_696' title='bbox 1044 2308 1222 2338; x_wconf 68' lang='lat' dir='ltr'><strong>consiimaxit.</strong></span> <span class='ocrx_word' id='word_1_697' title='bbox 1239 2308 1261 2336; x_wconf 80' lang='lat' dir='ltr'>V</span> <span class='ocrx_word' id='word_1_698' title='bbox 1266 2317 1342 2335; x_wconf 75' lang='lat' dir='ltr'><strong>etum</strong></span> <span class='ocrx_word' id='word_1_699' title='bbox 1355 2305 1502 2344; x_wconf 74' lang='lat' dir='ltr'><strong>quodlaesoe</strong></span> <span class='ocrx_word' id='word_1_700' title='bbox 1518 2307 1664 2345; x_wconf 80' lang='lat' dir='ltr'><strong>majestatis</strong></span> <span class='ocrx_word' id='word_1_701' title='bbox 1684 2309 1721 2323; x_wconf 58' lang='grc' dir='ltr'><strong>’Λ-</strong></span> 
     </span>
     <span class='ocr_line' id='line_1_101' title="bbox 929 2352 1828 2394; baseline -0.009 -9"><span class='ocrx_word' id='word_1_702' title='bbox 929 2357 1028 2385; x_wconf 84' lang='grc'>01111101]</span> <span class='ocrx_word' id='word_1_703' title='bbox 1044 2361 1153 2394; x_wconf 79' lang='lat' dir='ltr'><strong>spectat,</strong></span> <span class='ocrx_word' id='word_1_704' title='bbox 1165 2364 1216 2382; x_wconf 90' lang='lat' dir='ltr'><strong>non</strong></span> <span class='ocrx_word' id='word_1_705' title='bbox 1229 2353 1371 2381; x_wconf 79' lang='lat' dir='ltr'><strong>attendisse</strong></span> <span class='ocrx_word' id='word_1_706' title='bbox 1385 2352 1492 2381; x_wconf 82' lang='lat' dir='ltr'><strong>videtur</strong></span> <span class='ocrx_word' id='word_1_707' title='bbox 1504 2353 1669 2391; x_wconf 79' lang='lat' dir='ltr'><strong>Imperator·</strong></span> <span class='ocrx_word' id='word_1_708' title='bbox 1661 2376 1669 2391; x_wconf 87' lang='lat'><strong>,</strong></span> <span class='ocrx_word' id='word_1_709' title='bbox 1704 2358 1786 2378; x_wconf 65' lang='lat' dir='ltr'><strong>Pallii</strong></span> <span class='ocrx_word' id='word_1_710' title='bbox 1803 2364 1828 2386; x_wconf 64' lang='grc' dir='ltr'><strong>ρ)</strong></span> 
     </span>
     <span class='ocr_line' id='line_1_102' title="bbox 929 2389 1770 2439; baseline -0.005 -8"><span class='ocrx_word' id='word_1_711' title='bbox 929 2402 984 2438; x_wconf 84' lang='grc'>5011,</span> <span class='ocrx_word' id='word_1_712' title='bbox 995 2402 1082 2439; x_wconf 83' lang='lat' dir='ltr'><strong>inquit</strong></span> <span class='ocrx_word' id='word_1_713' title='bbox 1097 2399 1243 2432; x_wconf 58' lang='lat' dir='ltr'><strong>Palladius,</strong></span> <span class='ocrx_word' id='word_1_714' title='bbox 1258 2400 1330 2427; x_wconf 87' lang='lat' dir='ltr'><strong>Deus</strong></span> <span class='ocrx_word' id='word_1_715' title='bbox 1341 2409 1386 2427; x_wconf 87' lang='lat' dir='ltr'><strong>cor</strong></span> <span class='ocrx_word' id='word_1_716' title='bbox 1399 2399 1455 2438; x_wconf 86' lang='lat' dir='ltr'><strong>ejus</strong></span> <span class='ocrx_word' id='word_1_717' title='bbox 1467 2399 1621 2435; x_wconf 67' lang='lat' dir='ltr'><strong>emolluit,</strong></span> <span class='ocrx_word' id='word_1_718' title='bbox 1640 2407 1669 2427; x_wconf 89' lang='lat' dir='ltr'><strong>ut</strong></span> <span class='ocrx_word' id='word_1_719' title='bbox 1686 2389 1723 2417; x_wconf 65' lang='lat'><strong>7⁴</strong></span> <span class='ocrx_word' id='word_1_720' title='bbox 1742 2389 1770 2412; x_wconf 60' lang='lat'><strong>⁷3</strong></span> 
     </span>
     <span class='ocr_line' id='line_1_103' title="bbox 930 2421 1671 2483; baseline -0.004 -7"><span class='ocrx_word' id='word_1_721' title='bbox 930 2459 976 2477; x_wconf 87' lang='lat' dir='ltr'><strong>cor</strong></span> <span class='ocrx_word' id='word_1_722' title='bbox 1006 2448 1112 2476; x_wconf 88' lang='lat' dir='ltr'><strong>leonum</strong></span> <span class='ocrx_word' id='word_1_723' title='bbox 1138 2445 1306 2474; x_wconf 73' lang='lat' dir='ltr'><strong>emollixciat</strong></span> <span class='ocrx_word' id='word_1_724' title='bbox 1332 2456 1394 2483; x_wconf 75' lang='lat' dir='ltr'><strong>erga</strong></span> <span class='ocrx_word' id='word_1_725' title='bbox 1425 2445 1574 2473; x_wconf 75' lang='lat' dir='ltr'><strong>Danielem.</strong></span> <span class='ocrx_word' id='word_1_726' title='bbox 1607 2421 1671 2474; x_wconf 58' lang='lat' dir='ltr'><strong>falec</strong></span> 
     </span>
     <span class='ocr_line' id='line_1_104' title="bbox 930 2491 1669 2531; baseline -0.004 -9"><span class='ocrx_word' id='word_1_727' title='bbox 930 2493 1041 2522; x_wconf 79' lang='lat' dir='ltr'><strong>Joannis</strong></span> <span class='ocrx_word' id='word_1_728' title='bbox 1056 2491 1187 2531; x_wconf 88' lang='lat' dir='ltr'><strong>depositio</strong></span> <span class='ocrx_word' id='word_1_729' title='bbox 1202 2491 1253 2519; x_wconf 87' lang='lat' dir='ltr'><strong>sub</strong></span> <span class='ocrx_word' id='word_1_730' title='bbox 1273 2502 1411 2530; x_wconf 79' lang='lat' dir='ltr'><strong>vesperam</strong></span> <span class='ocrx_word' id='word_1_731' title='bbox 1430 2491 1550 2519; x_wconf 79' lang='lat' dir='ltr'><strong>nuntiata</strong></span> <span class='ocrx_word' id='word_1_732' title='bbox 1565 2492 1650 2520; x_wconf 84' lang='lat' dir='ltr'><strong>fuerat</strong></span> <span class='ocrx_word' id='word_1_733' title='bbox 1663 2504 1669 2519; x_wconf 71' lang='grc' dir='ltr'><strong><em>ε</em></strong></span> 
     </span>
     <span class='ocr_line' id='line_1_105' title="bbox 931 2537 1672 2578; baseline -0.003 -11"><span class='ocrx_word' id='word_1_734' title='bbox 931 2550 983 2577; x_wconf 83' lang='grc'>(1110</span> <span class='ocrx_word' id='word_1_735' title='bbox 995 2545 1129 2578; x_wconf 87' lang='lat' dir='ltr'><strong>comperto</strong></span> <span class='ocrx_word' id='word_1_736' title='bbox 1142 2537 1257 2577; x_wconf 88' lang='lat' dir='ltr'><strong>populus</strong></span> <span class='ocrx_word' id='word_1_737' title='bbox 1269 2538 1302 2565; x_wconf 80' lang='lat' dir='ltr'><strong>ad</strong></span> <span class='ocrx_word' id='word_1_738' title='bbox 1314 2537 1501 2576; x_wconf 71' lang='lat' dir='ltr'><strong>gravissimam</strong></span> <span class='ocrx_word' id='word_1_739' title='bbox 1515 2537 1672 2566; x_wconf 80' lang='lat' dir='ltr'><strong>seditionem</strong></span> 
     </span>
     <span class='ocr_line' id='line_1_106' title="bbox 931 2583 1672 2622; baseline -0.001 -9"><span class='ocrx_word' id='word_1_740' title='bbox 931 2585 1061 2614; x_wconf 77' lang='lat' dir='ltr'><strong>excitatus</strong></span> <span class='ocrx_word' id='word_1_741' title='bbox 1076 2591 1114 2613; x_wconf 86' lang='lat' dir='ltr'><strong>est</strong></span> <span class='ocrx_word' id='word_1_742' title='bbox 1129 2596 1135 2612; x_wconf 74' lang='grc' dir='ltr'>ι</span> <span class='ocrx_word' id='word_1_743' title='bbox 1153 2591 1258 2622; x_wconf 76' lang='lat' dir='ltr'><strong>totaque</strong></span> <span class='ocrx_word' id='word_1_744' title='bbox 1279 2590 1355 2612; x_wconf 89' lang='lat' dir='ltr'><strong>nocte</strong></span> <span class='ocrx_word' id='word_1_745' title='bbox 1369 2583 1531 2612; x_wconf 71' lang='lat' dir='ltr'><strong>excubantes</strong></span> <span class='ocrx_word' id='word_1_746' title='bbox 1542 2605 1550 2620; x_wconf 88' lang='lat'><strong>,</strong></span> <span class='ocrx_word' id='word_1_747' title='bbox 1566 2594 1626 2612; x_wconf 91' lang='lat' dir='ltr'><strong>eum</strong></span> <span class='ocrx_word' id='word_1_748' title='bbox 1638 2584 1672 2612; x_wconf 80' lang='lat' dir='ltr'><strong>ab</strong></span> 
     </span>
     <span class='ocr_line' id='line_1_107' title="bbox 934 2628 1720 2669; baseline -0.004 -9"><span class='ocrx_word' id='word_1_749' title='bbox 934 2631 1043 2660; x_wconf 82' lang='lat' dir='ltr'><strong>ecclesia</strong></span> <span class='ocrx_word' id='word_1_750' title='bbox 1056 2630 1153 2659; x_wconf 83' lang='lat' dir='ltr'><strong>abduci</strong></span> <span class='ocrx_word' id='word_1_751' title='bbox 1167 2640 1218 2659; x_wconf 89' lang='lat' dir='ltr'><strong>non</strong></span> <span class='ocrx_word' id='word_1_752' title='bbox 1234 2629 1304 2669; x_wconf 78' lang='lat' dir='ltr'><strong>passi</strong></span> <span class='ocrx_word' id='word_1_753' title='bbox 1314 2636 1385 2666; x_wconf 84' lang='lat' dir='ltr'><strong>sunt,</strong></span> <span class='ocrx_word' id='word_1_754' title='bbox 1395 2628 1441 2658; x_wconf 86' lang='lat' dir='ltr'><strong>sed</strong></span> <span class='ocrx_word' id='word_1_755' title='bbox 1456 2639 1562 2658; x_wconf 78' lang='lat' dir='ltr'><strong>causam</strong></span> <span class='ocrx_word' id='word_1_756' title='bbox 1576 2629 1633 2669; x_wconf 85' lang='lat' dir='ltr'><strong>ejus</strong></span> <span class='ocrx_word' id='word_1_757' title='bbox 1644 2629 1671 2658; x_wconf 90' lang='lat' dir='ltr'><strong>in</strong></span> <span class='ocrx_word' id='word_1_758' title='bbox 1686 2642 1720 2662; x_wconf 62' lang='grc' dir='ltr'>ω</span> 
     </span>
    </p>
   </div>
  </div>
 </body>
</html>
