1884 2922
723 213 826 237 Inntix
854 213 980 236 RERUM.

70 277 167 314 faisse,
183 276 337 316 φάντασμα.
353 282 398 305 III.
409 279 454 304 28.
468 282 502 304 Χ.
520 280 583 304 [111.
602 274 739 304 Christum
754 275 816 304 alie-

72 332 136 349 num
154 333 168 350 a
181 321 303 349 Creatore
319 320 454 349 dicebant.
470 326 526 348 VII.
545 324 608 348 569.
622 330 646 347 13.
664 326 734 348 VIII.
752 323 816 347 565.

70 377 95 392 Α.
107 364 232 392 Christus
245 363 389 392 Manichaei
406 372 506 392 necnon
524 362 669 391 Marcionis
685 362 770 390 furori
784 371 817 389 nc

70 407 188 445 praebeat
209 407 391 442 occasionem,
413 405 484 444 quod
505 406 627 434 futurum
643 412 680 433 est
699 405 821 444 praedicit

71 458 100 479 ut
120 452 194 480 Deus
205 474 212 488 ,
240 458 268 480 et
289 461 382 479 rursus
396 457 425 479 ut
439 450 520 479 homo
536 456 648 478 recusat.
671 456 692 477 I.
709 453 774 477 625.
790 458 819 476 ι).

73 495 192 523 Homilia
205 496 232 524 in
246 495 326 532 illud,
336 496 437 531 Pater,
452 494 620 533 sipossibile
631 499 742 529 est‚etc.
756 502 820 520 con-

72 549 112 570 tra
128 539 290 568 Manichacus
305 538 593 568 etMai-cionistas.u1.
610 541 653 565 19.
667 549 692 565 Λ.
714 536 819 564 Passio-

72 595 134 612 nem
145 583 246 622 adponi
261 583 400 620 Uuigeniti
412 581 504 610 deitati
526 580 706 619 imaginantur
721 581 821 614 Manes,

74 628 154 655 Arius
183 633 208 655 et
237 626 411 665 Apollinaris.
442 633 488 654 III.
505 630 568 653 896.
596 625 688 653 Manes
705 635 720 652 a
739 623 821 652 Paulo

74 671 224 699 confutatus
243 670 312 698 circa
328 668 502 698 oeconomiam
518 668 628 697 Christi.
643 675 676 695 V.
694 671 758 695 302.
773 677 798 696 c.

114 713 267 749 Mansthaei,
279 723 356 741 canes
367 712 467 750 rabidi,
481 713 595 752 speciem
609 710 717 749 quidem
729 721 783 750 prae
794 721 822 740 se

72 758 159 786 serunt
177 757 323 794 modestiae,
340 758 412 785 intus
431 767 495 785 vero
516 766 612 785 canum
630 755 761 784 insaniam
779 755 822 782 fo-

73 808 145 831 vent.
165 807 211 829 IV.
228 806 293 829 788.
311 812 337 828 c.
358 800 498 838 Negabant
518 799 748 828 resurrectionem.
773 800 819 828 Ib.

75 845 170 873 Exhis
183 844 285 880 verbisy
295 845 379 872 hodie
392 854 502 872 mecum
513 845 568 872 eris
582 845 612 870 in
621 843 772 880 paradiso,
783 841 823 869 in-

75 889 195 917 ferebant
207 889 262 927 jam
280 889 375 916 factam
390 898 445 916 esse
464 887 669 916 retributionem
687 892 712 914 et
727 896 825 924 super-

76 942 197 960 vacuam
212 932 267 959 fore
281 930 511 958 resurrectionem.
530 930 575 957 lb.
594 928 728 957 Dicebant
746 937 823 956 mor-

77 983 130 1004 tem
158 975 258 1003 Christi
273 974 347 1013 apud
362 973 477 1001 Paulum
502 973 570 1001 nihil
583 971 658 1000 aliud
674 972 825 1011 significare

76 1029 157 1057 quam
169 1018 251 1046 fuisse
261 1018 288 1046 in
303 1018 427 1056 peccatis,
447 1023 471 1045 et
486 1015 705 1045 resurrectionem
719 1026 774 1044 esse
788 1016 823 1044 li-

77 1062 240 1091 hei-ationem
255 1072 270 1089 a
286 1061 411 1100 peccatis.
430 1068 463 1090 x.
483 1065 546 1089 410.
569 1071 596 1089 E.
621 1063 685 1087 422.
708 1070 735 1087 c.
760 1061 824 1088 Ma-

78 1107 173 1136 nichaei
188 1113 313 1145 negantes
326 1106 545 1135 resurrectionem
562 1115 609 1144 per
623 1104 704 1133 verba
718 1126 726 1141 ,
742 1105 825 1133 Dixit

78 1151 222 1179 Dominus
250 1151 377 1178 Domino
391 1160 471 1186 meo,
484 1155 548 1183 etc..
574 1149 756 1177 confutantur.
787 1156 819 1176 V.

78 1199 142 1224 299.
171 1194 296 1222 Dicentes
326 1193 547 1221 resurrectionem
573 1202 628 1220 esse
656 1203 670 1220 a
712 1192 827 1230 peccatis

78 1238 275 1271 liberationem,
295 1237 474 1265 confutantur.
489 1243 521 1264 x.
537 1240 601 1264 413.
617 1246 645 1265 A.

117 1280 329 1309 Manichaeorum
343 1290 372 1308 os
390 1279 541 1318 putridum.
562 1286 594 1307 Χ.
613 1283 658 1306 66.
678 1289 703 1307 Β,
733 1278 826 1306 Mani-

80 1324 168 1351 chaeus
182 1323 260 1351 Pauli
273 1322 350 1350 libris
363 1332 427 1350 usus
439 1328 486 1355 est,
502 1320 547 1349 sed
564 1321 667 1350 concise
679 1327 703 1349 et
719 1327 825 1350 trunca-

79 1367 181 1397 tim.x.
195 1372 260 1395 694.
277 1377 300 1395 Β.
316 1366 391 1394 Nihil
406 1375 453 1393 nos
467 1375 501 1393 ex
517 1365 592 1393 nobis
610 1375 687 1404 posse
703 1365 825 1394 affirma-

78 1411 151 1439 bant.
165 1418 235 1439 VIII.
251 1415 315 1439 310.
330 1421 358 1438 Ε.
372 1409 449 1437 Circa
466 1408 583 1437 Davidis
602 1416 707 1448 peecata
732 1409 824 1438 Mani-

81 1455 217 1483 chaeorum
231 1452 333 1492 opiniO.
351 1459 409 1481 VII.
421 1456 486 1480 365.
497 1462 525 1480 E.
539 1452 686 1480 Manichaei
698 1452 824 1492 blasphe-

81 1505 164 1526 mant.
181 1504 226 1526 XI.
242 1501 308 1525 157.

119 1541 281 1570 Manichaei
295 1550 312 1568 a
328 1540 456 1568 illanete.
471 1546 542 1568 vm.
560 1544 623 1568 901.
639 1551 663 1568 Λ.
679 1539 751 1568 Sunt
764 1541 821 1568 Izoe-

81 1587 174 1613 retici.
190 1591 221 1612 V.
244 1587 309 1612 872.
333 1595 360 1611 A.
376 1587 440 1611 885.
457 1583 563 1610 Manes
579 1583 712 1611 veritatis
724 1583 827 1611 adver-

80 1630 186 1657 sarius.
207 1634 278 1656 VIII.
302 1631 367 1655 709.
395 1637 422 1654 A.
449 1627 552 1655 Manes
572 1636 642 1654 vere
657 1627 757 1663 μανείς,
773 1628 828 1656 Izoc

81 1679 123 1701 est
143 1673 303 1700 insaniens.
322 1677 367 1698 III.
386 1674 449 1698 980.
464 1680 492 1698 D.
508 1670 632 1697 Dicebat
644 1679 674 1697 se
688 1671 828 1698 Paracle-

83 1723 143 1744 tum
157 1715 294 1753 etlilium
320 1714 374 1742 Dei
399 1723 468 1742 esse.
494 1713 534 1742 lb.
563 1713 613 1742 vel
637 1723 666 1741 se
683 1715 827 1752 Spiritum

79 1766 215 1787 sanctum
236 1759 351 1786 habere.
377 1757 418 1785 Ib.
446 1767 473 1785 c.
497 1757 586 1785 solem
608 1763 635 1785 et
652 1757 754 1786 lunam.
768 1760 829 1797 opi-

73 1803 151 1840 fices
167 1812 239 1836 esse,
261 1807 288 1829 ec
303 1801 420 1829 haurire
435 1801 551 1828 animas
567 1810 602 1827 ac
617 1801 754 1829 reducere
767 1811 827 1830 eas.

81 1846 123 1874 lb.
144 1856 173 1874 E.
194 1845 267 1874 Vide
286 1851 375 1872 notam
390 1843 417 1871 d.
437 1844 477 1871 lb.
508 1844 619 1871 Dicunt
633 1844 741 1872 malam
768 1855 827 1873 esso

82 1891 176 1928 ipsam
190 1895 353 1917 creaturam
369 1888 435 1915 Dei.
449 1894 496 1916 VI.
514 1892 577 1915 819.
592 1897 618 1915 c.

118 1935 395 1961 Mnrrssmmoxen
412 1930 529 1969 Spiritus
538 1931 612 1969 signa
628 1937 708 1959 vocat
721 1931 832 1967 Paulus,

83 1976 188 2004 merito.
209 1983 245 2006 X.
262 1979 325 2003 307.
342 1987 368 2003 Δ.

122 2021 229 2048 Mas-m
254 2017 346 2046 differt
360 2028 373 2045 a
387 2028 456 2057 pane
468 2027 532 2047 vero
548 2024 572 2046 et
588 2017 661 2056 vivo,
680 2018 830 2047 secundum

82 2063 174 2092 finem.
195 2069 267 2091 VIII.
283 2067 348 2090 311.
364 2071 390 2089 Ε.

123 2107 293 2134 lum-smus
306 2105 440 2134 itinerum.
456 2111 476 2134 I.
489 2109 553 2133 232.
572 2115 597 2133 c.

123 2151 319 2178 mim-muno
334 2159 396 2177 vera
412 2159 482 2186 quae.
498 2153 614 2177 IV.587.
631 2159 656 2178 1³.
672 2150 767 2179 Omnis
777 2151 834 2180 vir-

83 2200 127 2221 tus
138 2193 221 2229 bona,
247 2192 367 2221 maxime
393 2203 456 2220 vero
478 2192 655 2221 mansuetudo
677 2200 702 2222 et
716 2194 831 2222 clemen-

85 2237 130 2265 tia.
143 2243 214 2264 VIII.
226 2241 326 2266 MRB.
345 2235 422 2264 Nihil
436 2236 634 2264 mansuetudini
648 2247 696 2275 par
709 2244 756 2269 est,
773 2248 832 2275 qnae

85 2287 110 2308 et
125 2279 322 2319 possidentibus
336 2286 361 2307 et
376 2280 512 2307 utentibus
526 2280 673 2308 admodum
689 2281 764 2310 utilis
780 2287 828 2308 est.

86 2331 133 2353 IX.
158 2327 222 2351 255.
237 2334 263 2351 Α.
282 2322 358 2350 Nihil
374 2323 485 2350 suavius
505 2330 531 2350 et
545 2323 607 2351 aliis
626 2323 730 2357 utilius,
746 2334 830 2361 quam

85 2366 166 2394 homo
182 2365 233 2393 hac
246 2365 346 2394 virtute
367 2365 505 2403 praeditus.
529 2372 576 2394 Ix.
592 2370 638 2394 63.
655 2377 680 2393 A.
695 2366 831 2400 Quantum

85 2410 119 2438 sit
144 2408 320 2438 mansuetudo
341 2408 453 2436 bonum.
473 2415 520 2436 IV.
541 2413 607 2436 834.
625 2419 652 2438 1).
672 2416 718 2437 Ix.
737 2414 783 2437 65.
800 2420 826 2438 11.

88 2451 323 2481 Mansuetudinem
339 2457 446 2489 agentes
460 2461 522 2488 erga
544 2461 588 2479 eos
602 2451 648 2489 qui
664 2451 691 2479 in
706 2462 754 2480 nos
769 2463 830 2491 pec·

87 2502 226 2532 caverunt,
241 2495 354 2523 multam
369 2493 445 2522 nobis
459 2504 473 2522 a
486 2494 543 2522 Deo
559 2494 731 2524 conciliemus
747 2496 827 2525 mise-

88 2539 241 2569 ricordiam.
260 2546 316 2567 VII.
335 2543 441 2567 2911.

130 2582 344 2612 Mansuetudinis
369 2588 500 2620 quantum
527 2580 619 2610 robur.
647 2589 692 2610 tv.
717 2587 778 2611 590.
801 2595 825 2611 A.

1547 202 1615 250 309

874 276 945 304 Vere
963 274 1031 303 nihil
1050 273 1256 302 mausuetudine
1272 272 1410 311 validius,
1429 273 1497 301 nihil
1518 280 1615 312 poten-

872 318 934 346 tius.
952 325 998 347 IV.
1024 322 1088 346 634.
1108 328 1136 346 n.
1163 317 1232 345 nihil
1253 317 1407 345 violentius.
1433 325 1478 347 IV.
1498 322 1563 346 658.
1584 328 1613 346 D.

873 363 977 399 Magnae
993 361 1157 389 fortitudinis
1171 368 1210 390 est
1228 361 1378 395 indicium,
1399 368 1425 389 et
1445 371 1570 399 generosa
1591 367 1616 389 et

872 405 945 432 virili
964 403 1165 442 admodumque
1181 403 1292 432 sublimi
1309 404 1399 432 anima
1413 404 1616 433 mansuetudini

873 458 940 486 opus
953 454 999 475 est.
1020 454 1066 475 lx.
1084 451 1148 474 406.
1167 457 1193 474 c.
1210 447 1389 475 Mansuetudo
1402 448 1474 476 omni
1490 448 1616 477 violentia

873 491 1061 530 potentiorest.
1079 497 1136 518 VII.
1152 495 1219 521 391.
1237 503 1263 519 Λ,

913 534 1119 563 Mansuetudinc
1140 534 1179 562 ira
1200 534 1323 562 solvitur.
1346 542 1393 563 tx.
1418 540 1479 563 145.
1499 547 1527 565 r..
1552 535 1612 564 Cito

874 579 947 606 sedat
962 578 1083 606 iracundi
1103 578 1232 606 furorem.
1257 585 1303 607 [x.
1325 583 1369 607 63.
1388 589 1415 608 1-2.
1434 579 1522 607 Furor
1543 589 1615 608 mor-

874 622 939 650 bum
952 628 1040 660 auget,
1058 621 1233 649 mansuetudo
1250 621 1380 650 eliminat.
1399 629 1446 652 IX.
1461 627 1506 651 65.
1523 633 1548 650 B.

914 665 1092 693 Mansuetudo
1111 664 1324 693 commendatur.
1345 671 1392 693 IV.
1413 669 1477 693 39⁷4.
1496 675 1523 695 Ε.
1544 677 1569 694 Α.
1590 677 1614 694 B.

875 713 939 737 455.
965 719 992 738 1).
1015 715 1061 738 Ix.
1084 712 1148 736 406.
1170 718 1197 735 ,1.
1223 709 1301 736 Illam
1324 708 1401 736 docet
1422 709 1545 738 Christus
1566 719 1618 738 non

873 759 975 780 tantum
991 751 1090 786 verbis,
1105 751 1244 779 sedetiam
1263 752 1398 790 operibus.
1414 759 1458 781 III.
1478 758 1522 782 28.
1537 766 1563 783 Α.
1584 754 1616 783 ΙΙ-

874 794 926 823 lius
933 795 1082 834 benignitas
1089 801 1115 822 et
1127 794 1303 823 mansuetudo
1314 795 1450 823 imitandae
1462 803 1534 824 sunt.
1546 804 1617 826 VIII.

877 843 940 867 329.
967 850 992 867 B.
1024 838 1075 866 Dei
1092 837 1239 866 imitatores
1266 838 1442 866 mansuetudo
1462 839 1538 868 facit.
1558 848 1617 869 XII.

878 887 942 912 582.
965 895 991 911 A.
1015 893 1040 912 B.
1056 882 1083 910 Si
1100 881 1273 910 recordamur
1288 882 1522 911 mansuetudinem
1533 884 1617 912 Chri-

875 926 919 959 sti,
949 926 1038 954 statim
1065 925 1195 953 mansueti
1217 932 1242 953 et
1266 925 1407 954 clementes
1427 926 1537 956 erimus.
1555 935 1614 957 XII.

881 974 944 998 583.

917 1017 1096 1046 Mansuetudo
1113 1024 1176 1046 tunc
1193 1017 1310 1046 maxime
1321 1017 1495 1053 ostendenda,
1510 1020 1620 1058 quando

878 1072 918 1089 res
938 1061 1014 1089 nobis
1030 1061 1109 1090 suerit
1132 1072 1193 1090 cum
1216 1061 1293 1090 saevis
1311 1068 1336 1090 et
1366 1063 1517 1102 agrestibus
1534 1064 1621 1093 homi-

878 1104 965 1132 nibus.
979 1112 1010 1134 V.
1026 1109 1088 1134 200.
1101 1116 1125 1133 B.
1139 1106 1198 1135 Non
1211 1105 1282 1133 enim
1294 1105 1394 1144 ubique
1407 1107 1482 1135 illam
1494 1107 1621 1136 adhibere

878 1155 990 1187 oportet.
1013 1155 1070 1177 VII.
1096 1154 1160 1178 610.
1184 1161 1208 1178 B.
1230 1150 1442 1179 Percutientibus
1464 1159 1619 1180 mansuetu-

878 1191 951 1228 dine,
970 1192 1075 1220 silentio
1089 1199 1113 1220 et
1125 1193 1253 1231 patientia
1267 1193 1352 1221 vicem
1366 1194 1553 1232 rependamus.
1569 1203 1615 1224 IX.

880 1239 934 1262 3:32
965 1241 989 1262 ct
1003 1242 1101 1272 quanto
1116 1235 1223 1273 gravior
1239 1237 1398 1264 contumelia
1411 1237 1535 1272 insertur,
1548 1246 1621 1268 tanto

879 1278 974 1317 majori
988 1278 1191 1307 mansuetudine
1203 1289 1269 1318 opus
1284 1287 1330 1308 est.
1344 1288 1389 1309 IX.
1409 1285 1474 1309 270.
1490 1293 1518 1310 E.
1533 1283 1621 1322 Opor-

880 1329 915 1350 tet
930 1323 1029 1350 monita
1045 1323 1249 1351 mansuetudine
1263 1323 1355 1351 lenire.
1373 1331 1422 1355 XI.
1435 1329 1511 1353 672³.
1529 1336 1554 1355 Β.
1572 1326 1621 1354 Li-

880 1372 919 1394 cet
931 1376 992 1394 eum
1006 1366 1209 1394 mansuetudine
1224 1366 1311 1405 magis
1324 1377 1447 1405 carpere,
1464 1379 1544 1405 quam
1560 1380 1622 1398 cum

879 1409 974 1437 ferocia
990 1410 1134 1438 confutare.
1153 1417 1198 1439 XI.
1214 1415 1283 1439 7'29.
1300 1422 1326 1439 A.
1347 1412 1388 1438 De
1402 1411 1623 1449 mansuetudine,

879 1460 904 1482 et
924 1453 1059 1482 Malorum
1074 1453 1201 1492 patientia
1220 1476 1228 1488 ,
1260 1461 1286 1482 et
1309 1454 1474 1492 Injuriarum
1496 1457 1623 1485 memoria

880 1497 990 1536 Ecloga.
1014 1505 1074 1526 XII.
1093 1502 1156 1526 853.
1174 1497 1353 1526 Mansuetudo
1372 1499 1476 1537 Moysis
1491 1500 1622 1528 miranda.

882 1548 914 1571 v.
931 1546 995 1570 MS.
1006 1552 1033 1571 ,1,
1048 1542 1220 1569 ῘΙῘαηςιιετιις
1237 1544 1322 1580 quis?
1338 1548 1458 1572 x⁴1.789.
1475 1554 1501 1572 c.
1523 1549 1552 1572 2¹²
1563 1545 1621 1575 col.

920 1587 1020 1614 MANus
1034 1585 1083 1613 Dei
1097 1592 1135 1613 est
1149 1585 1282 1614 auxilium
1296 1587 1363 1625 ejus.
1381 1593 1414 1614 V.
1433 1591 1495 1615 558.
1511 1598 1537 1616 c.

921 1629 1017 1656 Manus
1029 1639 1077 1657 cur
1090 1628 1211 1657 levanda:
1228 1629 1255 1657 iu
1270 1629 1397 1658 oratione.
1418 1638 1451 1659 V.
1469 1636 1532 1659 520.
1551 1633 1623 1660 Pur—

881 1672 973 1711 gandae
988 1679 1049 1700 sunt
1066 1672 1242 1711 eleemosynis
1255 1679 1280 1700 et
1293 1672 1442 1703 clementia.
1460 1682 1494 1702 V.
1512 1679 1576 1703 520.
1592 1687 1620 1706 Ε.

881 1717 1038 1744 Fructuosae
1061 1715 1138 1744 reddi
1154 1716 1252 1744 debent
1273 1727 1322 1754 per
1339 1717 1544 1756 eleemosynam.
1565 1727 1622 1748 XII.

883 1764 947 1787 331.
961 1770 988 1788 c.
1005 1761 1103 1787 Manus
1114 1759 1210 1787 dextra
1228 1760 1253 1787 in
1269 1759 1416 1798 Evangelio
1433 1761 1624 1800 quidjsignifi-

882 1809 932 1831 eet.
952 1809 972 1830 1.
992 1806 1053 1831 156,
1073 1812 1104 1832 D.
1116 1802 1256 1830 Lavabant
1275 1813 1368 1832 manus
1380 1814 1439 1831 cum
1451 1804 1580 1834 intrarent
1595 1806 1623 1835 in

881 1846 1030 1875 ecclesiam.
1049 1853 1118 1875 VIII.
1129 1850 1193 1875 496.
1209 1857 1233 1874 c.
1247 1847 1394 1875 Mulierum
1410 1858 1504 1876 manus
1519 1850 1623 1878 extrin-

883 1900 958 1917 secus
971 1890 1109 1918 inauratae.
1128 1896 1158 1918 v.
1170 1894 1234 1918 616.
1250 1901 1276 1919 Ε.
1291 1890 1418 1929 Liturgiae
1433 1898 1551 1931 tempore
1564 1895 1622 1922 uni-

882 1944 976 1962 versus
987 1934 1105 1972 populus
1113 1940 1165 1961 stat
1176 1934 1300 1972 expansis
1312 1935 1446 1966 manibus.
1460 1938 1570 1974 ΚΕΖ-251
1579 1960 1585 1966 .
1595 1950 1622 1967 Λ.

924 1978 1047 2005 Mirmm
1075 1979 1105 2004 ιἰι
1131 1980 1206 2005 circo
1231 1988 1330 2006 omnes
1352 1978 1528 2016 adspiciunt.
1554 1988 1624 2010 VIII.

884 2025 951 2049 723.

923 2065 1105 2092 MARANATIIA
1120 2065 1185 2103 quid
1200 2065 1343 2104 significet.
1360 2073 1393 2096 X.
1411 2072 1475 2095 477.
1494 2078 1522 2096 1).

926 2109 1135 2148 ΜΑΠΔτΠοΜυε
1147 2110 1308 2138 hoereticus.
1328 2117 1398 2139 VIII.
1416 2116 1480 2142 722,
1495 2123 1524 2141 n.

925 2151 1083 2180 MARCELLO
1096 2152 1121 2180 in
1130 2152 1287 2181 Macedonia
1300 2154 1424 2193 episcopo
1435 2155 1527 2184 scribit
1540 2156 1626 2195 Chry-

885 2201 1026 2223 sostomus.
1044 2202 1087 2222 111.
1104 2200 1169 2223 836.
1186 2206 1215 2224 A.

927 2239 1110 2274 mimmius,
1126 2239 1257 2267 Photinus
1269 2247 1293 2268 et
1308 2240 1485 2279 Sophronius,
1499 2242 1624 2280 inquiunt

885 2281 1006 2310 Verbum
1019 2282 1107 2320 ipsum
1119 2284 1253 2321 energiam
1266 2290 1291 2312 et
1303 2285 1449 2313 efficaciam
1460 2287 1623 2325 operationis

886 2335 941 2353 esse
953 2347 961 2359 ,
977 2332 1055 2363 atque
1070 2326 1138 2354 hanc
1156 2327 1290 2365 energiam
1307 2328 1457 2357 inhabitare
1472 2331 1498 2357 in
1515 2330 1562 2358 illo
1577 2331 1624 2368 qui

885 2378 920 2396 ex
933 2367 1032 2396 semine
1049 2369 1137 2398 David
1152 2392 1159 2405 ,
1173 2370 1282 2399 minime
1297 2381 1361 2400 vero
1383 2373 1559 2401 substantiam
1574 2374 1626 2412 hy-

886 2411 1054 2450 postaticam.
1069 2420 1114 2441 XI.
1131 2418 1198 2445 270.
1213 2425 1239 2444 n.
1254 2415 1415 2444 Marcellum
1431 2416 1554 2445 Galatam
1566 2428 1626 2456 pro-

885 2455 978 2482 sternit
1001 2456 1111 2484 Paulus.
1139 2464 1186 2485 XI.
1209 2462 1272 2486 269.
1295 2471 1322 2488 Α.
1350 2459 1481 2487 Dicebant
1507 2471 1623 2498 quoque,

888 2498 1022 2537 Splendor
1038 2510 1088 2528 non
1100 2507 1138 2529 est
1152 2501 1215 2530 inse
1228 2503 1383 2539 consistens,
1399 2503 1444 2531 sed
1457 2503 1483 2532 id
1495 2504 1570 2542 quod
1589 2511 1627 2533 est

889 2541 969 2570 habet
985 2542 1011 2570 in
1021 2543 1083 2571 alio.
1101 2551 1160 2574 XII.
1180 2550 1221 2573 19.
1234 2557 1260 2573 A.
1278 2546 1377 2574 Filium
1391 2556 1446 2575 esse
1458 2547 1627 2586 splendorem

891 2587 978 2615 Patris
1001 2587 1142 2625 negabant.
1162 2596 1218 2617 XII.
1241 2593 1285 2618 22.
1308 2600 1333 2618 D.
1349 2601 1373 2620 B.
1402 2591 1583 2620 Cousuntatur
1613 2602 1626 2620 a
