1884 2922
989 204 1019 236 iv

237 292 304 311 inus
319 288 353 311 ut
370 282 483 310 veritati
499 280 599 309 cedere
615 286 642 308 et
657 278 693 307 de
709 277 972 306 Benedictinorum
982 277 1040 306 fide
1053 279 1084 306 in
1098 279 1188 307 veteri
1198 279 1342 317 scriptura
1352 285 1404 307 aut
1418 278 1508 307 relata
1519 285 1571 307 aut
1591 281 1675 308 tacita
1688 291 1766 309 non-

236 340 405 368 numquam
418 328 554 357 dubitare
564 336 746 365 cogeremur.
762 328 795 352 At
810 324 957 354 Savilium
970 325 1053 354 haud
1067 336 1196 364 usquam
1222 326 1415 355 meminimus
1437 336 1489 355 sua
1503 325 1634 355 subsidia
1649 327 1695 356 vel
1713 338 1766 356 su·-

235 380 304 417 pine
324 378 480 416 neglexisse
495 376 541 404 vel
556 376 618 403 sine
636 374 748 413 judicio
764 373 944 402 adhibuisse.
962 374 1030 411 Quo
1042 375 1183 412 majorem
1195 374 1234 410 ei,
1247 373 1424 413 procedente
1435 384 1534 412 opere,
1549 376 1766 412 auctoritatem,

234 425 422 455 evidentibus
442 423 629 452 documentis
643 421 763 451 tandem
777 420 923 457 cedentes,
941 421 1122 461 debebamus
1136 422 1274 451 tribuere.
1288 421 1346 450 Sed
1360 421 1435 450 illud
1446 421 1502 450 hoe
1516 421 1581 451 loco
1599 423 1697 451 testari
1712 433 1766 452 vo-

236 474 337 502 lumus
349 495 356 508 ‚
373 472 439 500 licet
460 482 520 500 non
547 471 647 499 onmia
672 469 885 508 Chrysostomo
901 469 985 498 utilia
996 469 1033 498 ab
1048 469 1134 498 nobis
1148 479 1182 498 ex
1194 469 1304 499 Savilio
1325 469 1440 507 excerpi
1461 470 1625 507 potuerint,
1639 471 1668 498 in
1685 469 1768 499 nulla

236 529 334 551 tamen
348 522 442 559 operis
455 527 537 559 parte
551 519 699 559 neglectus
714 525 767 555 est,
784 526 812 547 et
826 525 993 548 constanter
1008 516 1092 547 nobis
1104 517 1143 546 ad
1158 528 1264 546 manus
1275 518 1341 547 fuit,

276 613 373 641 Altera
385 623 467 647 cura,
480 622 545 651 quae
561 622 614 641 nos
629 612 659 640 in
674 610 728 640 hac
741 621 819 641 nova
841 610 972 639 editione
992 610 1030 639 ab
1045 610 1130 638 initio
1146 609 1184 638 ad
1197 610 1286 638 finem
1310 611 1547 640 constantissime
1561 611 1694 640 exercuit
1706 633 1713 647 ‚
1725 619 1768 640 est

235 662 269 688 de
283 661 353 688 locis
368 661 540 688 Bibliorum.
558 661 615 690 Eos
629 671 698 689 cum
712 659 1025 689 animadvertissemus
1046 657 1129 686 haud
1142 658 1210 686 satis
1229 664 1365 686 accurate
1379 657 1523 687 indicatos
1538 668 1598 687 esse
1610 681 1617 694 ,
1635 669 1706 687 usus
1722 665 1769 687 ta-

235 719 304 737 men
316 708 626 747 Chrysostomicorum
635 708 813 746 scriptorum
824 707 934 736 bonam
945 712 1060 745 partem
1072 706 1142 735 inde
1152 705 1292 745 pendere,
1303 707 1454 744 ingentem
1480 713 1509 735 et
1526 706 1675 735 taediosam
1692 717 1768 736 airu-

235 767 337 785 mnam
352 767 472 795 prorsus
489 757 589 785 onmia
606 756 712 785 nostris
727 755 819 784 oculis
831 766 900 783 cum
921 764 1001 783 sacra
1017 753 1168 792 Scriptura
1189 753 1361 783 conserendi
1386 764 1447 782 non
1471 754 1716 793 subterfugimus.
1733 755 1767 783 In

234 804 343 833 Graecis
357 804 412 833 loci
425 804 529 833 Biblici
544 805 689 842 cujusque
704 804 825 832 initium
838 802 922 831 litera
938 802 1060 838 unciali,
1075 803 1105 831 in
1131 803 1264 841 margine
1278 803 1373 841 capita
1387 809 1415 831 et
1431 813 1531 831 versus
1547 803 1576 831 in
1594 802 1696 832 Bibliis
1705 802 1769 832 Va-

235 852 338 881 ticanis
351 852 514 890 recognitos
526 851 734 881 indicavimus.
752 851 892 879 Romana:
900 861 972 889 quas
980 849 1129 889 appellant
1138 850 1229 879 literae
1240 860 1288 879 eos
1301 849 1379 879 locos
1392 856 1498 879 notant
1509 872 1516 886 ‚
1533 851 1585 889 qui
1597 851 1627 878 in
1640 850 1769 889 Vulgata

234 899 326 928 latina
339 910 400 928 non
413 900 567 939 leguntur,
580 900 631 929 sed
645 911 680 929 ex
692 899 885 938 Septuaginta
900 899 1098 936 interpretum
1111 898 1244 927 versione
1256 897 1381 926 indicari
1390 896 1548 927 debebant.
1563 898 1643 928 Vitia
1653 907 1707 936 pro
1721 897 1765 926 lo-

235 958 338 977 corum
349 948 547 978 multitudine
559 949 734 987 paucissima
749 948 779 976 in
795 946 950 976 Indicibus
964 946 1065 975 denuo
1075 945 1201 975 conditis
1214 945 1417 983 corriguntur.

274 1039 430 1069 Difficilior
441 1046 471 1068 et
484 1039 582 1068 multo
595 1040 715 1078 majoris
729 1039 874 1068 momenti
888 1044 951 1067 erat
961 1037 1046 1066 tertia
1061 1047 1127 1075 pars
1141 1037 1273 1065 muneris
1283 1058 1291 1072 ‚
1303 1035 1387 1075 quod
1402 1036 1488 1066 nobis
1502 1037 1746 1075 imposueranms
1756 1061 1763 1074 ‚

234 1095 318 1116 πτοία.»
329 1088 523 1115 distinctionis
538 1097 617 1114 cura.
634 1086 713 1115 Nam
728 1086 890 1116 verborum
904 1086 934 1113 in
949 1083 1083 1113 membra
1097 1084 1253 1122 descriptio
1265 1084 1416 1113 sementim
1428 1083 1567 1113 decursui
1586 1086 1765 1114 examussim

233 1135 453 1165 accommodata
463 1145 532 1163 cum
544 1135 575 1163 in
586 1134 734 1173 plerisque
745 1133 937 1172 scriptoribus
949 1130 1116 1161 sitdifficilis
1129 1140 1210 1168 :eque
1224 1136 1315 1167 atque
1329 1129 1422 1166 utilis,
1435 1136 1501 1158 tum
1515 1130 1546 1158 in
1554 1128 1766 1169 Chrysostomo

235 1192 294 1214 tam
311 1183 469 1221 multiplici
480 1182 652 1212 difficultate
666 1188 723 1218 est‚'
736 1189 770 1211 ut
791 1192 865 1220 saepe
888 1182 1041 1219 signorum
1067 1176 1284 1215 distinguendae
1305 1177 1432 1205 orationi
1455 1187 1552 1216 graecae
1572 1178 1765 1207 inventorum

234 1232 413 1271 paucitatem
433 1241 649 1260 accusaremus.
666 1230 820 1259 Nimirum
837 1228 868 1260 S.
884 1228 972 1258 Pater
983 1236 1101 1266 prorsus
1111 1224 1204 1263 (quod
1222 1224 1308 1252 hodie
1332 1223 1508 1260 diceremus)
1524 1235 1559 1253 ex
1577 1224 1767 1254 abundantia

232 1279 358 1318 pectoris
379 1278 529 1318 loquitur,
551 1278 624 1306 serie
635 1288 742 1316 parum
756 1276 972 1316 praemeditata,
984 1274 1032 1304 sed
1049 1272 1242 1302 affluentibus
1257 1272 1393 1311 undique
1405 1273 1559 1302 sententiis
1585 1272 1747 1312 indulgens
1757 1295 1765 1309 ‚

233 1327 389 1365 saepissime
402 1326 450 1361 iis,
463 1335 529 1364 qua?
543 1326 574 1354 in
586 1332 718 1355 mentem
732 1324 871 1354 incidunt
891 1322 1080 1353 auditoribus
1099 1320 1201 1356 utilia,
1216 1331 1251 1350 ex
1276 1320 1419 1349 orationis
1438 1327 1541 1349 tenore
1568 1321 1601 1350 in
1629 1321 1767 1360 ambages

233 1375 349 1404 illectus
360 1386 367 1408 ;
392 1383 465 1412 saepe
488 1374 578 1402 etiam
605 1384 650 1403 res
674 1373 838 1402 dramatico
862 1382 944 1400 more
971 1380 1150 1409 persequens
1161 1391 1170 1403 ,
1195 1380 1229 1398 ex
1253 1368 1311 1398 alia
1338 1379 1464 1407 persona
1497 1369 1681 1409 interrogans
1713 1377 1767 1400 aut

233 1421 418 1461 respondens
431 1434 437 1456 3
450 1422 533 1450 omni
544 1421 672 1459 denique
683 1421 817 1450 libertate
832 1419 963 1450 hominis
974 1418 1074 1447 diserti
1085 1424 1113 1446 et
1123 1417 1233 1456 copiosi
1245 1439 1252 1453 ,
1267 1426 1358 1455 quem
1370 1424 1472 1455 pectus
1482 1416 1674 1456 eloquentem
1684 1418 1767 1454 facit,

234 1469 354 1499 abunde
369 1476 466 1498 utens.
478 1469 559 1498 Talis
572 1476 674 1498 autem
688 1470 789 1498 oratio·
798 1479 890 1507 quam
906 1468 943 1496 sit
954 1465 1080 1495 difficilis
1092 1464 1129 1494 ad
1139 1463 1386 1503 distinguendum
1400 1465 1441 1493 ita
1455 1471 1489 1493 ut
1504 1464 1605 1493 lectori
1615 1465 1766 1494 sententiae

234 1518 327 1548 flexus
338 1528 440 1547 omnes
451 1524 613 1556 patescant,
622 1524 725 1556 sponte
736 1514 1067 1556 apparet;ll1atthaeiu1n
1079 1512 1164 1548 adeo,
1172 1513 1226 1550 qui
1241 1513 1439 1541 recentiorum
1450 1512 1589 1541 omnium
1601 1513 1766 1542 maximam

234 1565 464 1595 familiaritatem
479 1575 548 1593 cum
565 1564 775 1603 Chrysostomo
796 1569 993 1599 contraxerat,
1007 1559 1165 1599 aliquoties
1183 1557 1269 1586 filum
1289 1558 1320 1586 in
1335 1557 1452 1596 periodi
1465 1557 1708 1596 Chrysostomicae
1721 1558 1766 1587 la-

234 1613 380 1652 byrintho
394 1612 523 1641 deseruit
533 1635 540 1649 ,
564 1619 598 1641 ut
616 1612 655 1641 ad
670 1612 828 1642 Vaticanas
840 1610 985 1641 Homilias
999 1607 1280 1638 demonstravimus.
1294 1605 1384 1643 Quod
1395 1605 1567 1644 exemplum
1576 1606 1657 1645 apud
1665 1617 1766 1645 aequos

234 1661 356 1690 lectores
366 1660 451 1689 nobis
466 1660 648 1689 excusationi
656 1660 723 1697 erit,
736 1660 758 1689 si
770 1661 800 1688 in
814 1667 875 1689 tam
888 1659 978 1697 longo
991 1667 1091 1696 opere,
1103 1654 1186 1694 quod
1194 1654 1302 1683 conscii
1312 1653 1398 1682 nobis
1406 1664 1510 1683 sumus
1520 1655 1684 1684 innumeris
1696 1654 1766 1684 locis

238 1708 355 1737 meliori
370 1707 560 1737 distinctione
571 1707 717 1746 adjuvisse
729 1730 736 1743 ‚
750 1707 846 1736 multa
865 1717 968 1736 curam
980 1711 1124 1739 nostram,
1148 1703 1178 1731 in
1195 1702 1252 1732 hoc
1265 1713 1362 1741 usque
1386 1703 1532 1732 intentam
1545 1725 1552 1738 ‚
1568 1702 1766 1733 nihilominus

234 1754 401 1792 effugerint.
419 1752 497 1782 Nam
508 1753 537 1781 in
549 1753 762 1791 posterioribus
773 1755 933 1792 praesertim
946 1751 1152 1783 voluminibus
1161 1750 1344 1780 Benedictini
1353 1749 1430 1779 hanc
1441 1760 1504 1779 rem
1518 1750 1767 1790 negligentissime

235 1801 526 1837 administraverant,
542 1800 625 1839 quod
639 1810 674 1829 eo
697 1802 798 1830 minus
812 1801 1066 1830 dissimulandum
1086 1808 1139 1836 est,
1166 1810 1227 1837 quo
1239 1798 1394 1828 meliorem
1405 1799 1526 1835 ducem,
1546 1798 1693 1829 Savilium
1716 1801 1765 1829 in-

235 1859 341 1887 quam,
358 1849 446 1877 etiam
457 1849 488 1876 in
502 1847 557 1877 hac
571 1855 653 1887 parte
665 1849 761 1887 operis
773 1856 970 1887 praestantem,
982 1860 1031 1878 sus
1043 1848 1139 1888 deque
1153 1847 1330 1877 habuerant.

275 1896 379 1935 Neque
400 1895 457 1924 hoc
470 1895 711 1934 praetereundum
725 1903 778 1932 est,
793 1897 864 1926 vitia
881 1897 1012 1936 plurima
1033 1898 1065 1926 in
1092 1895 1309 1925 vocabulorum
1324 1895 1494 1924 Graecorum
1510 1894 1721 1935 orthographia
1735 1903 1765 1925 et

236 1945 422 1979 formatione,
447 1950 476 1972 et
491 1944 520 1972 in
534 1944 703 1983 syntacticis
718 1944 834 1983 legibus
856 1945 901 1981 iis,
914 1955 988 1983 quas
1005 1945 1097 1974 Graeci
1117 1944 1319 1974 communiter
1344 1954 1447 1973 omnes
1468 1951 1599 1980 servant,
1613 1944 1650 1974 ab
1677 1944 1764 1974 nobis

235 1993 319 2021 tacite
333 2002 393 2021 esse
407 1997 546 2020 correcta.

272 2094 342 2122 Post
356 2094 427 2131 haec,
444 2105 510 2133 quae
525 2096 555 2123 in
572 2095 712 2125 universo
726 2106 813 2134 opere
827 2102 996 2126 constanter
1017 2098 1229 2136 spectavimus,
1255 2097 1418 2126 dicendum
1441 2104 1486 2126 est
1508 2097 1544 2126 de
1567 2096 1692 2135 singulis
1708 2107 1763 2126 vo-

235 2141 419 2177 luminibus,
445 2150 473 2172 et
498 2143 626 2172 breviter
648 2144 876 2183 significandum
900 2145 975 2183 quid
989 2146 1019 2174 in
1040 2155 1224 2184 unoquoque
1246 2146 1316 2174 novi
1341 2151 1476 2184 praestare
1497 2144 1583 2174 nobis
1597 2146 1763 2184 contigerit,

235 2187 317 2225 huic,
341 2196 375 2218 ut
388 2200 476 2228 supra
491 2190 634 2226 diximus,
650 2190 707 2229 legi
720 2191 877 2227 adstrictis,
894 2202 930 2221 ne
945 2193 1169 2232 typothetarum
1184 2205 1293 2223 manus
1307 2204 1454 2232 umquam
1468 2201 1627 2225 cessarent.

273 2236 307 2264 In
322 2237 474 2267 volumine
486 2239 583 2276 primo
596 2239 677 2268 libris
688 2239 887 2269 celeberrimis
912 2240 948 2268 de
960 2241 1127 2269 sacerdotio
1151 2241 1314 2278 adjecimus
1337 2241 1511 2270 varietatem
1534 2241 1668 2270 lectionis
1687 2242 1763 2271 inte-

234 2294 329 2321 gram,
351 2295 384 2313 ex
411 2285 530 2314 duobus
554 2286 704 2316 codicibus
725 2288 972 2326 praestantissimis
994 2288 1182 2318 Bibliothecae
1200 2290 1310 2328 Regiv,
1325 2289 1423 2318 saeculi
1446 2300 1477 2325 x,
1498 2289 1636 2319 nondum
1655 2301 1671 2319 a
1685 2301 1763 2329 quo-

235 2342 326 2370 quam
338 2331 461 2369 collatis‚
478 2340 505 2362 et
519 2344 553 2362 ex
571 2344 633 2363 uno
647 2334 829 2363 Giacomellii
842 2335 972 2366 ductam.
991 2336 1083 2375 Cujus
1096 2338 1282 2376 frequentem
1295 2349 1383 2367 usum
1395 2337 1517 2367 fecimus
1529 2339 1560 2366 in
1571 2338 1766 2368 emendandis

238 2379 297 2408 illis
314 2379 407 2414 libris,
421 2391 489 2409 cum
503 2389 568 2419 post
580 2382 752 2411 incendium
769 2384 846 2422 typis
855 2391 1068 2422 repeterentur.
1085 2386 1161 2415 Yide
1171 2396 1237 2425 quae
1252 2386 1383 2415 diximus
1393 2395 1460 2424 pag.
1477 2386 1551 2417 1065
1563 2387 1690 2425 repetitae
1703 2386 1764 2415 edi-

235 2429 331 2457 tionis.
348 2427 381 2456 In
392 2428 521 2457 Ilomilia
533 2430 567 2457 de
583 2432 664 2458 heato
674 2432 854 2469 Philogono,
870 2443 937 2471 pag.
950 2433 1081 2462 608-‹513
1095 2433 1186 2472 hujus
1200 2434 1349 2469 editionis,
1364 2432 1615 2472 deprehendimus
1627 2433 1677 2462 illa
1689 2434 1763 2472 ipsa,

235 2487 301 2515 quae
316 2476 487 2505 Matthaeius
499 2488 533 2505 ex
552 2478 650 2507 codice
675 2481 878 2519 manuscripto
893 2480 965 2509 olim
985 2488 1129 2520 tanquam
1143 2481 1284 2511 ineditam
1299 2480 1459 2510 Homiliam
1473 2480 1673 2520 Chrysostomi
1693 2492 1763 2519 pro-

237 2524 352 2554 tulerat.
369 2524 555 2564 Suhjecimus
569 2528 740 2556 varietatem
755 2528 988 2558 ll'latthaeianam.

280 2604 309 2631 lu
327 2603 418 2633 altero
434 2603 587 2633 volumine
602 2605 798 2635 llomiliarum
813 2608 902 2637 trium
917 2609 946 2636 in
955 2608 981 2636 S.
1002 2608 1127 2636 Paulum
1142 2608 1363 2638 translationem
1380 2608 1484 2637 Auiani
1507 2606 1643 2637 dedimus
1659 2607 1760 2636 talcm.
