<?xml version="1.0" encoding="UTF-8"?>
<!DOCTYPE html PUBLIC "-//W3C//DTD XHTML 1.0 Transitional//EN"
    "http://www.w3.org/TR/xhtml1/DTD/xhtml1-transitional.dtd">
<html xmlns="http://www.w3.org/1999/xhtml" xml:lang="en" lang="en">
 <head>
  <title>
</title>
<meta http-equiv="Content-Type" content="text/html;charset=utf-8" />
  <meta name='ocr-system' content='tesseract 3.04.00' />
  <meta name='ocr-capabilities' content='ocr_page ocr_carea ocr_par ocr_line ocrx_word'/>
</head>
<body>
  <div class='ocr_page' id='page_1' title='image "./operaomniaquaeex13johnuoft_0178.png"; bbox 0 0 1950 2922; ppageno 0'>
   <div class='ocr_carea' id='block_1_1' title="bbox 122 369 260 397">
    <p class='ocr_par' dir='ltr' id='par_1_1' title="bbox 122 369 260 397">
     <span class='ocr_line' id='line_1_1' title="bbox 122 369 260 397; baseline 0 -8"><span class='ocrx_word' id='word_1_1' title='bbox 122 369 260 397; x_wconf 69' lang='lat' dir='ltr'>T.2.p.t570.</span> 
     </span>
    </p>
   </div>
   <div class='ocr_carea' id='block_1_2' title="bbox 124 867 260 898">
    <p class='ocr_par' dir='ltr' id='par_1_2' title="bbox 124 867 260 898">
     <span class='ocr_line' id='line_1_2' title="bbox 124 867 260 898; baseline -0.007 -8"><span class='ocrx_word' id='word_1_2' title='bbox 124 870 150 890; x_wconf 90' lang='lat' dir='ltr'>T.</span> <span class='ocrx_word' id='word_1_3' title='bbox 157 867 260 898; x_wconf 67' lang='lat' dir='ltr'>2.p.680.</span> 
     </span>
    </p>
   </div>
   <div class='ocr_carea' id='block_1_3' title="bbox 125 1277 263 1306">
    <p class='ocr_par' dir='ltr' id='par_1_3' title="bbox 125 1277 263 1306">
     <span class='ocr_line' id='line_1_3' title="bbox 125 1277 263 1306; baseline 0 -8"><span class='ocrx_word' id='word_1_4' title='bbox 125 1277 263 1306; x_wconf 78' lang='lat' dir='ltr'>T.3.p.223.</span> 
     </span>
    </p>
   </div>
   <div class='ocr_carea' id='block_1_4' title="bbox 141 2342 278 2373">
    <p class='ocr_par' dir='ltr' id='par_1_4' title="bbox 141 2342 278 2373">
     <span class='ocr_line' id='line_1_4' title="bbox 141 2342 278 2373; baseline -0.007 -8"><span class='ocrx_word' id='word_1_5' title='bbox 141 2342 278 2373; x_wconf 81' lang='lat' dir='ltr'>T.3.p.228.</span> 
     </span>
    </p>
   </div>
   <div class='ocr_carea' id='block_1_5' title="bbox 278 190 801 235">
    <p class='ocr_par' dir='ltr' id='par_1_5' title="bbox 278 190 801 235">
     <span class='ocr_line' id='line_1_5' title="bbox 278 190 801 235; baseline -0.011 -11"><span class='ocrx_word' id='word_1_6' title='bbox 278 190 342 235; x_wconf 74' lang='lat'>146</span> <span class='ocrx_word' id='word_1_7' title='bbox 771 197 801 218; x_wconf 82' lang='lat' dir='ltr'>s.</span> 
     </span>
    </p>
   </div>
   <div class='ocr_carea' id='block_1_6' title="bbox 272 254 1032 2637">
    <p class='ocr_par' dir='ltr' id='par_1_6' title="bbox 272 254 1011 347">
     <span class='ocr_line' id='line_1_6' title="bbox 272 254 1011 303; baseline -0.016 -10"><span class='ocrx_word' id='word_1_8' title='bbox 272 264 410 303; x_wconf 79' lang='lat' dir='ltr'>gitionem¹</span> <span class='ocrx_word' id='word_1_9' title='bbox 419 262 507 291; x_wconf 88' lang='lat' dir='ltr'>virum</span> <span class='ocrx_word' id='word_1_10' title='bbox 518 267 563 289; x_wconf 87' lang='lat' dir='ltr'>aut</span> <span class='ocrx_word' id='word_1_11' title='bbox 573 260 711 289; x_wconf 88' lang='lat' dir='ltr'>mulierem</span> <span class='ocrx_word' id='word_1_12' title='bbox 720 266 787 287; x_wconf 86' lang='lat' dir='ltr'>totos</span> <span class='ocrx_word' id='word_1_13' title='bbox 798 256 892 285; x_wconf 87' lang='lat' dir='ltr'>diesin</span> <span class='ocrx_word' id='word_1_14' title='bbox 905 254 1011 294; x_wconf 84' lang='lat' dir='ltr'>popinis</span> 
     </span>
     <span class='ocr_line' id='line_1_7' title="bbox 272 307 573 347; baseline -0.013 -9"><span class='ocrx_word' id='word_1_15' title='bbox 272 309 446 347; x_wconf 79' lang='lat' dir='ltr'>transigentes</span> <span class='ocrx_word' id='word_1_16' title='bbox 458 307 573 336; x_wconf 78' lang='lat' dir='ltr'>videri.»</span> 
     </span>
    </p>

    <p class='ocr_par' dir='ltr' id='par_1_7' title="bbox 272 346 1017 849">
     <span class='ocr_line' id='line_1_8' title="bbox 313 346 1010 387; baseline -0.017 -2"><span class='ocrx_word' id='word_1_17' title='bbox 313 355 458 384; x_wconf 84' lang='lat' dir='ltr'>Homiliatn</span> <span class='ocrx_word' id='word_1_18' title='bbox 473 353 499 381; x_wconf 92' lang='lat' dir='ltr'>in</span> <span class='ocrx_word' id='word_1_19' title='bbox 513 354 541 381; x_wconf 86' lang='lat' dir='ltr'>S.</span> <span class='ocrx_word' id='word_1_20' title='bbox 558 351 697 380; x_wconf 83' lang='lat' dir='ltr'>Julianum</span> <span class='ocrx_word' id='word_1_21' title='bbox 711 355 857 387; x_wconf 77' lang='lat' dir='ltr'>martyrem</span> <span class='ocrx_word' id='word_1_22' title='bbox 879 346 989 375; x_wconf 77' lang='lat' dir='ltr'><strong>Cilicem</strong></span> <span class='ocrx_word' id='word_1_23' title='bbox 1002 368 1010 383; x_wconf 82' lang='lat'>‚</span> 
     </span>
     <span class='ocr_line' id='line_1_9' title="bbox 272 393 1012 440; baseline -0.014 -10"><span class='ocrx_word' id='word_1_24' title='bbox 272 401 318 439; x_wconf 91' lang='lat' dir='ltr'>qui</span> <span class='ocrx_word' id='word_1_25' title='bbox 329 412 376 440; x_wconf 86' lang='lat' dir='ltr'>pro</span> <span class='ocrx_word' id='word_1_26' title='bbox 391 400 497 429; x_wconf 84' lang='lat' dir='ltr'>Christo</span> <span class='ocrx_word' id='word_1_27' title='bbox 514 397 629 425; x_wconf 84' lang='lat' dir='ltr'>cervices</span> <span class='ocrx_word' id='word_1_28' title='bbox 642 395 760 430; x_wconf 88' lang='lat' dir='ltr'>dederat,</span> <span class='ocrx_word' id='word_1_29' title='bbox 778 393 874 422; x_wconf 88' lang='lat' dir='ltr'>habuit</span> <span class='ocrx_word' id='word_1_30' title='bbox 888 393 1012 432; x_wconf 81' lang='lat' dir='ltr'>Chryso-</span> 
     </span>
     <span class='ocr_line' id='line_1_10' title="bbox 272 438 1013 481; baseline -0.013 -5"><span class='ocrx_word' id='word_1_31' title='bbox 272 454 373 476; x_wconf 90' lang='lat' dir='ltr'>stomus</span> <span class='ocrx_word' id='word_1_32' title='bbox 388 443 546 478; x_wconf 76' lang='lat' dir='ltr'>Antioehiae,</span> <span class='ocrx_word' id='word_1_33' title='bbox 558 449 587 470; x_wconf 85' lang='lat' dir='ltr'>ut</span> <span class='ocrx_word' id='word_1_34' title='bbox 601 442 770 481; x_wconf 82' lang='lat' dir='ltr'>exploratum</span> <span class='ocrx_word' id='word_1_35' title='bbox 789 447 840 475; x_wconf 89' lang='lat' dir='ltr'>est,</span> <span class='ocrx_word' id='word_1_36' title='bbox 853 447 911 468; x_wconf 91' lang='lat' dir='ltr'>tum</span> <span class='ocrx_word' id='word_1_37' title='bbox 931 449 965 467; x_wconf 78' lang='lat' dir='ltr'>ex</span> <span class='ocrx_word' id='word_1_38' title='bbox 981 438 1013 466; x_wconf 87' lang='lat' dir='ltr'>iis</span> 
     </span>
     <span class='ocr_line' id='line_1_11' title="bbox 274 484 1014 531; baseline -0.012 -10"><span class='ocrx_word' id='word_1_39' title='bbox 274 504 332 531; x_wconf 61' lang='lat' dir='ltr'>qua„¹</span> <span class='ocrx_word' id='word_1_40' title='bbox 352 492 385 520; x_wconf 91' lang='lat' dir='ltr'>de</span> <span class='ocrx_word' id='word_1_41' title='bbox 401 490 527 529; x_wconf 84' lang='lat' dir='ltr'>Daphnes</span> <span class='ocrx_word' id='word_1_42' title='bbox 548 487 679 516; x_wconf 89' lang='lat' dir='ltr'>suburbio</span> <span class='ocrx_word' id='word_1_43' title='bbox 690 509 697 520; x_wconf 88' lang='lat'>,</span> <span class='ocrx_word' id='word_1_44' title='bbox 714 487 801 524; x_wconf 84' lang='lat' dir='ltr'>deque</span> <span class='ocrx_word' id='word_1_45' title='bbox 815 484 1014 514; x_wconf 79' lang='lat' dir='ltr'>comessationi-</span> 
     </span>
     <span class='ocr_line' id='line_1_12' title="bbox 272 532 1014 576; baseline -0.013 -9"><span class='ocrx_word' id='word_1_46' title='bbox 272 539 323 567; x_wconf 78' lang='lat' dir='ltr'>hus</span> <span class='ocrx_word' id='word_1_47' title='bbox 340 545 418 576; x_wconf 87' lang='lat' dir='ltr'>atque</span> <span class='ocrx_word' id='word_1_48' title='bbox 433 534 559 574; x_wconf 81' lang='lat' dir='ltr'>tripudiis</span> <span class='ocrx_word' id='word_1_49' title='bbox 569 534 671 562; x_wconf 85' lang='lat' dir='ltr'>ibidem</span> <span class='ocrx_word' id='word_1_50' title='bbox 683 532 777 561; x_wconf 83' lang='lat' dir='ltr'>haberi</span> <span class='ocrx_word' id='word_1_51' title='bbox 790 532 876 560; x_wconf 87' lang='lat' dir='ltr'>solitis</span> <span class='ocrx_word' id='word_1_52' title='bbox 899 540 1014 559; x_wconf 87' lang='lat' dir='ltr'>comme-</span> 
     </span>
     <span class='ocr_line' id='line_1_13' title="bbox 272 576 1014 618; baseline -0.012 -6"><span class='ocrx_word' id='word_1_53' title='bbox 272 590 375 618; x_wconf 86' lang='lat' dir='ltr'>morat;</span> <span class='ocrx_word' id='word_1_54' title='bbox 390 589 446 610; x_wconf 88' lang='lat' dir='ltr'>tum</span> <span class='ocrx_word' id='word_1_55' title='bbox 460 581 538 609; x_wconf 86' lang='lat' dir='ltr'>etiam</span> <span class='ocrx_word' id='word_1_56' title='bbox 559 580 622 617; x_wconf 86' lang='lat' dir='ltr'>quia</span> <span class='ocrx_word' id='word_1_57' title='bbox 642 578 761 618; x_wconf 86' lang='lat' dir='ltr'>ejusdem</span> <span class='ocrx_word' id='word_1_58' title='bbox 777 577 862 606; x_wconf 84' lang='lat' dir='ltr'>sancti</span> <span class='ocrx_word' id='word_1_59' title='bbox 883 576 1014 614; x_wconf 79' lang='lat' dir='ltr'>Reliquiae</span> 
     </span>
     <span class='ocr_line' id='line_1_14' title="bbox 273 619 1014 659; baseline -0.011 -4"><span class='ocrx_word' id='word_1_60' title='bbox 273 626 444 655; x_wconf 73' lang='lat' dir='ltr'>Antiochiam</span> <span class='ocrx_word' id='word_1_61' title='bbox 465 624 600 653; x_wconf 83' lang='lat' dir='ltr'>translatae</span> <span class='ocrx_word' id='word_1_62' title='bbox 621 623 743 651; x_wconf 84' lang='lat' dir='ltr'>fuerant:</span> <span class='ocrx_word' id='word_1_63' title='bbox 760 628 868 659; x_wconf 83' lang='lat' dir='ltr'>eratque</span> <span class='ocrx_word' id='word_1_64' title='bbox 883 620 975 648; x_wconf 90' lang='lat' dir='ltr'>eadem</span> <span class='ocrx_word' id='word_1_65' title='bbox 988 619 1014 647; x_wconf 89' lang='lat' dir='ltr'>in</span> 
     </span>
     <span class='ocr_line' id='line_1_15' title="bbox 275 668 1015 708; baseline -0.008 -8"><span class='ocrx_word' id='word_1_66' title='bbox 275 672 339 700; x_wconf 90' lang='lat' dir='ltr'>urbe</span> <span class='ocrx_word' id='word_1_67' title='bbox 354 671 475 707; x_wconf 84' lang='lat' dir='ltr'>ecelesia,</span> <span class='ocrx_word' id='word_1_68' title='bbox 494 669 613 708; x_wconf 84' lang='lat' dir='ltr'>ejusdem</span> <span class='ocrx_word' id='word_1_69' title='bbox 628 668 712 697; x_wconf 81' lang='lat' dir='ltr'>sancti</span> <span class='ocrx_word' id='word_1_70' title='bbox 726 668 832 696; x_wconf 87' lang='lat' dir='ltr'>nomine</span> <span class='ocrx_word' id='word_1_71' title='bbox 845 672 996 696; x_wconf 85' lang='lat' dir='ltr'>consecrata</span> <span class='ocrx_word' id='word_1_72' title='bbox 1007 687 1015 700; x_wconf 93' lang='lat'>‚</span> 
     </span>
     <span class='ocr_line' id='line_1_16' title="bbox 273 715 1014 758; baseline -0.009 -10"><span class='ocrx_word' id='word_1_73' title='bbox 273 730 332 758; x_wconf 81' lang='lat' dir='ltr'>quae</span> <span class='ocrx_word' id='word_1_74' title='bbox 347 719 373 747; x_wconf 94' lang='lat' dir='ltr'>in</span> <span class='ocrx_word' id='word_1_75' title='bbox 383 718 496 747; x_wconf 89' lang='lat' dir='ltr'>historia</span> <span class='ocrx_word' id='word_1_76' title='bbox 509 716 694 746; x_wconf 86' lang='lat' dir='ltr'>Ecclesiastica</span> <span class='ocrx_word' id='word_1_77' title='bbox 703 726 754 744; x_wconf 91' lang='lat' dir='ltr'>non</span> <span class='ocrx_word' id='word_1_78' title='bbox 767 715 945 753; x_wconf 67' lang='lat' dir='ltr'>infrequenter</span> <span class='ocrx_word' id='word_1_79' title='bbox 957 724 1014 742; x_wconf 86' lang='lat' dir='ltr'>me-</span> 
     </span>
     <span class='ocr_line' id='line_1_17' title="bbox 273 760 1017 800; baseline -0.008 -6"><span class='ocrx_word' id='word_1_80' title='bbox 273 772 401 794; x_wconf 87' lang='lat' dir='ltr'>moratur.</span> <span class='ocrx_word' id='word_1_81' title='bbox 422 765 462 793; x_wconf 88' lang='lat' dir='ltr'>De</span> <span class='ocrx_word' id='word_1_82' title='bbox 476 773 544 792; x_wconf 85' lang='lat' dir='ltr'>anno</span> <span class='ocrx_word' id='word_1_83' title='bbox 566 769 655 791; x_wconf 84' lang='lat' dir='ltr'>autem</span> <span class='ocrx_word' id='word_1_84' title='bbox 674 772 728 800; x_wconf 87' lang='lat' dir='ltr'>quo</span> <span class='ocrx_word' id='word_1_85' title='bbox 740 761 809 790; x_wconf 86' lang='lat' dir='ltr'>hanc</span> <span class='ocrx_word' id='word_1_86' title='bbox 822 760 895 789; x_wconf 82' lang='lat' dir='ltr'>dixit</span> <span class='ocrx_word' id='word_1_87' title='bbox 907 760 1017 790; x_wconf 88' lang='lat' dir='ltr'>concio·</span> 
     </span>
     <span class='ocr_line' id='line_1_18' title="bbox 273 808 732 849; baseline -0.007 -10"><span class='ocrx_word' id='word_1_88' title='bbox 273 821 342 845; x_wconf 87' lang='lat' dir='ltr'>nem,</span> <span class='ocrx_word' id='word_1_89' title='bbox 358 810 426 839; x_wconf 88' lang='lat' dir='ltr'>nihil</span> <span class='ocrx_word' id='word_1_90' title='bbox 437 809 569 849; x_wconf 79' lang='lat' dir='ltr'>expiscari</span> <span class='ocrx_word' id='word_1_91' title='bbox 585 808 732 848; x_wconf 82' lang='lat' dir='ltr'>potuimus.</span> 
     </span>
    </p>

    <p class='ocr_par' dir='ltr' id='par_1_8' title="bbox 273 852 1031 2315">
     <span class='ocr_line' id='line_1_19' title="bbox 314 852 1015 885; baseline -0.009 0"><span class='ocrx_word' id='word_1_92' title='bbox 314 856 390 885; x_wconf 86' lang='lat' dir='ltr'>Circa</span> <span class='ocrx_word' id='word_1_93' title='bbox 407 855 552 884; x_wconf 85' lang='lat' dir='ltr'>Homiliam</span> <span class='ocrx_word' id='word_1_94' title='bbox 567 854 593 882; x_wconf 94' lang='lat' dir='ltr'>in</span> <span class='ocrx_word' id='word_1_95' title='bbox 608 860 730 882; x_wconf 86' lang='lat' dir='ltr'>sanctum</span> <span class='ocrx_word' id='word_1_96' title='bbox 746 852 920 881; x_wconf 86' lang='lat' dir='ltr'>Barlaamum</span> <span class='ocrx_word' id='word_1_97' title='bbox 941 861 1015 879; x_wconf 88' lang='lat' dir='ltr'>mar-</span> 
     </span>
     <span class='ocr_line' id='line_1_20' title="bbox 274 898 1017 942; baseline -0.009 -11"><span class='ocrx_word' id='word_1_98' title='bbox 274 910 361 942; x_wconf 85' lang='lat' dir='ltr'>tyrem</span> <span class='ocrx_word' id='word_1_99' title='bbox 385 908 458 930; x_wconf 89' lang='lat' dir='ltr'>notat</span> <span class='ocrx_word' id='word_1_100' title='bbox 479 901 579 929; x_wconf 82' lang='lat' dir='ltr'>Fronto</span> <span class='ocrx_word' id='word_1_101' title='bbox 600 901 716 928; x_wconf 79' lang='lat' dir='ltr'>Ducaeus</span> <span class='ocrx_word' id='word_1_102' title='bbox 735 899 762 927; x_wconf 85' lang='lat' dir='ltr'>in</span> <span class='ocrx_word' id='word_1_103' title='bbox 776 898 930 936; x_wconf 84' lang='lat' dir='ltr'>Menologio</span> <span class='ocrx_word' id='word_1_104' title='bbox 953 907 1017 935; x_wconf 91' lang='lat' dir='ltr'>quo-</span> 
     </span>
     <span class='ocr_line' id='line_1_21' title="bbox 273 943 1017 984; baseline -0.008 -8"><span class='ocrx_word' id='word_1_105' title='bbox 273 948 337 976; x_wconf 88' lang='lat' dir='ltr'>dam</span> <span class='ocrx_word' id='word_1_106' title='bbox 358 947 515 976; x_wconf 78' lang='lat' dir='ltr'>Graecorum</span> <span class='ocrx_word' id='word_1_107' title='bbox 538 945 719 984; x_wconf 86' lang='lat' dir='ltr'>manuscripto</span> <span class='ocrx_word' id='word_1_108' title='bbox 743 944 779 972; x_wconf 89' lang='lat' dir='ltr'>ad</span> <span class='ocrx_word' id='word_1_109' title='bbox 798 943 871 972; x_wconf 93' lang='lat' dir='ltr'>diem</span> <span class='ocrx_word' id='word_1_110' title='bbox 898 944 933 971; x_wconf 75' lang='lat'>¹6</span> <span class='ocrx_word' id='word_1_111' title='bbox 960 943 1017 970; x_wconf 84' lang='lat' dir='ltr'>No-</span> 
     </span>
     <span class='ocr_line' id='line_1_22' title="bbox 274 989 1019 1026; baseline -0.009 -4"><span class='ocrx_word' id='word_1_112' title='bbox 274 993 392 1022; x_wconf 78' lang='lat' dir='ltr'>vembris</span> <span class='ocrx_word' id='word_1_113' title='bbox 413 991 567 1021; x_wconf 88' lang='lat' dir='ltr'>annuntiari</span> <span class='ocrx_word' id='word_1_114' title='bbox 579 991 679 1020; x_wconf 72' lang='lat' dir='ltr'>testum</span> <span class='ocrx_word' id='word_1_115' title='bbox 694 991 724 1019; x_wconf 92' lang='lat' dir='ltr'>S.</span> <span class='ocrx_word' id='word_1_116' title='bbox 753 989 888 1018; x_wconf 75' lang='lat' dir='ltr'>Barlaami</span> <span class='ocrx_word' id='word_1_117' title='bbox 912 995 1019 1026; x_wconf 81' lang='lat' dir='ltr'>marty-</span> 
     </span>
     <span class='ocr_line' id='line_1_23' title="bbox 276 1035 1018 1077; baseline -0.008 -10"><span class='ocrx_word' id='word_1_118' title='bbox 276 1039 332 1075; x_wconf 88' lang='lat' dir='ltr'>ris,</span> <span class='ocrx_word' id='word_1_119' title='bbox 347 1046 376 1067; x_wconf 87' lang='lat' dir='ltr'>ut</span> <span class='ocrx_word' id='word_1_120' title='bbox 400 1045 425 1067; x_wconf 89' lang='lat' dir='ltr'>et</span> <span class='ocrx_word' id='word_1_121' title='bbox 450 1039 476 1066; x_wconf 87' lang='lat' dir='ltr'>in</span> <span class='ocrx_word' id='word_1_122' title='bbox 503 1036 700 1077; x_wconf 79' lang='lat' dir='ltr'>Martyrologio</span> <span class='ocrx_word' id='word_1_123' title='bbox 715 1037 847 1066; x_wconf 82' lang='lat' dir='ltr'>Romano.</span> <span class='ocrx_word' id='word_1_124' title='bbox 874 1035 935 1063; x_wconf 84' lang='lat' dir='ltr'>Alia</span> <span class='ocrx_word' id='word_1_125' title='bbox 955 1044 1018 1063; x_wconf 87' lang='lat' dir='ltr'>vero</span> 
     </span>
     <span class='ocr_line' id='line_1_24' title="bbox 277 1080 1019 1121; baseline -0.009 -7"><span class='ocrx_word' id='word_1_126' title='bbox 277 1085 435 1114; x_wconf 73' lang='lat' dir='ltr'>Graecorum</span> <span class='ocrx_word' id='word_1_127' title='bbox 457 1083 608 1121; x_wconf 83' lang='lat' dir='ltr'>Menologia</span> <span class='ocrx_word' id='word_1_128' title='bbox 636 1082 687 1110; x_wconf 88' lang='lat' dir='ltr'>hoc</span> <span class='ocrx_word' id='word_1_129' title='bbox 710 1082 806 1110; x_wconf 85' lang='lat' dir='ltr'>festum</span> <span class='ocrx_word' id='word_1_130' title='bbox 830 1081 864 1109; x_wconf 85' lang='lat' dir='ltr'>ad</span> <span class='ocrx_word' id='word_1_131' title='bbox 886 1080 1019 1108; x_wconf 76' lang='lat' dir='ltr'>decimam</span> 
     </span>
     <span class='ocr_line' id='line_1_25' title="bbox 278 1126 1020 1165; baseline -0.007 -7"><span class='ocrx_word' id='word_1_132' title='bbox 278 1140 375 1158; x_wconf 89' lang='lat' dir='ltr'>nonam</span> <span class='ocrx_word' id='word_1_133' title='bbox 390 1129 553 1158; x_wconf 82' lang='lat' dir='ltr'>Novembris</span> <span class='ocrx_word' id='word_1_134' title='bbox 573 1129 700 1157; x_wconf 89' lang='lat' dir='ltr'>referunt.</span> <span class='ocrx_word' id='word_1_135' title='bbox 722 1126 774 1156; x_wconf 84' lang='lat' dir='ltr'>Sed</span> <span class='ocrx_word' id='word_1_136' title='bbox 792 1127 869 1165; x_wconf 80' lang='lat' dir='ltr'>longe</span> <span class='ocrx_word' id='word_1_137' title='bbox 883 1126 936 1154; x_wconf 85' lang='lat' dir='ltr'>alia</span> <span class='ocrx_word' id='word_1_138' title='bbox 957 1126 1020 1154; x_wconf 87' lang='lat' dir='ltr'>anui</span> 
     </span>
     <span class='ocr_line' id='line_1_26' title="bbox 275 1173 1020 1214; baseline -0.005 -11"><span class='ocrx_word' id='word_1_139' title='bbox 275 1182 430 1214; x_wconf 72' lang='lat' dir='ltr'>tempestate</span> <span class='ocrx_word' id='word_1_140' title='bbox 446 1185 473 1203; x_wconf 89' lang='lat' dir='ltr'>ea</span> <span class='ocrx_word' id='word_1_141' title='bbox 487 1174 639 1203; x_wconf 68' lang='lat' dir='ltr'>solemnitas</span> <span class='ocrx_word' id='word_1_142' title='bbox 650 1173 835 1213; x_wconf 80' lang='lat' dir='ltr'>Chrysostomi</span> <span class='ocrx_word' id='word_1_143' title='bbox 848 1180 966 1211; x_wconf 86' lang='lat' dir='ltr'>tempore</span> <span class='ocrx_word' id='word_1_144' title='bbox 979 1182 1020 1200; x_wconf 85' lang='lat' dir='ltr'>ee-</span> 
     </span>
     <span class='ocr_line' id='line_1_27' title="bbox 275 1217 1021 1257; baseline -0.005 -8"><span class='ocrx_word' id='word_1_145' title='bbox 275 1221 440 1249; x_wconf 88' lang='lat' dir='ltr'>lebrabatur.</span> <span class='ocrx_word' id='word_1_146' title='bbox 462 1222 530 1249; x_wconf 90' lang='lat' dir='ltr'>Nam</span> <span class='ocrx_word' id='word_1_147' title='bbox 553 1220 671 1248; x_wconf 86' lang='lat' dir='ltr'>Homilia</span> <span class='ocrx_word' id='word_1_148' title='bbox 695 1221 722 1247; x_wconf 94' lang='lat' dir='ltr'>in</span> <span class='ocrx_word' id='word_1_149' title='bbox 746 1219 815 1247; x_wconf 90' lang='lat' dir='ltr'>illud</span> <span class='ocrx_word' id='word_1_150' title='bbox 838 1218 952 1257; x_wconf 86' lang='lat' dir='ltr'>apostoli</span> <span class='ocrx_word' id='word_1_151' title='bbox 975 1217 1021 1245; x_wconf 84' lang='lat' dir='ltr'>di-</span> 
     </span>
     <span class='ocr_line' id='line_1_28' title="bbox 276 1265 1021 1303; baseline -0.005 -8"><span class='ocrx_word' id='word_1_152' title='bbox 276 1274 360 1298; x_wconf 76' lang='lat' dir='ltr'>ctum,</span> <span class='ocrx_word' id='word_1_153' title='bbox 377 1267 454 1295; x_wconf 81' lang='lat' dir='ltr'>Nolo</span> <span class='ocrx_word' id='word_1_154' title='bbox 478 1276 532 1294; x_wconf 82' lang='lat' dir='ltr'>vos</span> <span class='ocrx_word' id='word_1_155' title='bbox 552 1268 707 1303; x_wconf 76' lang='lat' dir='ltr'>ignorare,</span> <span class='ocrx_word' id='word_1_156' title='bbox 734 1266 854 1301; x_wconf 78' lang='lat' dir='ltr'>fratres,</span> <span class='ocrx_word' id='word_1_157' title='bbox 872 1265 949 1303; x_wconf 81' lang='lat' dir='ltr'>quod</span> <span class='ocrx_word' id='word_1_158' title='bbox 967 1274 1021 1302; x_wconf 84' lang='lat' dir='ltr'>pa-</span> 
     </span>
     <span class='ocr_line' id='line_1_29' title="bbox 277 1309 1022 1347; baseline -0.004 -7"><span class='ocrx_word' id='word_1_159' title='bbox 277 1319 333 1340; x_wconf 80' lang='lat' dir='ltr'>tres</span> <span class='ocrx_word' id='word_1_160' title='bbox 343 1313 433 1340; x_wconf 81' lang='lat' dir='ltr'>nostri</span> <span class='ocrx_word' id='word_1_161' title='bbox 443 1322 539 1340; x_wconf 81' lang='lat' dir='ltr'>omnes</span> <span class='ocrx_word' id='word_1_162' title='bbox 547 1313 599 1339; x_wconf 82' lang='lat' dir='ltr'>suh</span> <span class='ocrx_word' id='word_1_163' title='bbox 612 1311 822 1347; x_wconf 78' lang='lat' dir='ltr'>nubefuerunt,</span> <span class='ocrx_word' id='word_1_164' title='bbox 832 1317 896 1338; x_wconf 86' lang='lat' dir='ltr'>etc.:</span> <span class='ocrx_word' id='word_1_165' title='bbox 907 1320 966 1347; x_wconf 87' lang='lat' dir='ltr'>quae</span> <span class='ocrx_word' id='word_1_166' title='bbox 976 1309 1022 1337; x_wconf 90' lang='lat' dir='ltr'>ho-</span> 
     </span>
     <span class='ocr_line' id='line_1_30' title="bbox 277 1355 1022 1393; baseline -0.004 -7"><span class='ocrx_word' id='word_1_167' title='bbox 277 1358 351 1386; x_wconf 81' lang='lat' dir='ltr'>mitia</span> <span class='ocrx_word' id='word_1_168' title='bbox 363 1357 407 1386; x_wconf 92' lang='lat' dir='ltr'>die</span> <span class='ocrx_word' id='word_1_169' title='bbox 418 1357 512 1385; x_wconf 85' lang='lat' dir='ltr'>festum</span> <span class='ocrx_word' id='word_1_170' title='bbox 526 1358 554 1386; x_wconf 89' lang='lat' dir='ltr'>S.</span> <span class='ocrx_word' id='word_1_171' title='bbox 566 1357 700 1385; x_wconf 76' lang='lat' dir='ltr'>Barlaami</span> <span class='ocrx_word' id='word_1_172' title='bbox 713 1356 865 1393; x_wconf 77' lang='lat' dir='ltr'>insequente</span> <span class='ocrx_word' id='word_1_173' title='bbox 875 1355 966 1383; x_wconf 85' lang='lat' dir='ltr'>habita</span> <span class='ocrx_word' id='word_1_174' title='bbox 975 1362 1022 1390; x_wconf 85' lang='lat' dir='ltr'>est⁷</span> 
     </span>
     <span class='ocr_line' id='line_1_31' title="bbox 278 1401 1023 1442; baseline -0.003 -11"><span class='ocrx_word' id='word_1_175' title='bbox 278 1411 307 1432; x_wconf 90' lang='lat' dir='ltr'>ut</span> <span class='ocrx_word' id='word_1_176' title='bbox 321 1403 420 1432; x_wconf 84' lang='lat' dir='ltr'>ibidem</span> <span class='ocrx_word' id='word_1_177' title='bbox 436 1403 473 1431; x_wconf 85' lang='lat' dir='ltr'>ait</span> <span class='ocrx_word' id='word_1_178' title='bbox 485 1403 710 1442; x_wconf 74' lang='lat' dir='ltr'>Chrysostomus:</span> <span class='ocrx_word' id='word_1_179' title='bbox 726 1401 824 1430; x_wconf 85' lang='lat' dir='ltr'>diserte</span> <span class='ocrx_word' id='word_1_180' title='bbox 836 1401 901 1430; x_wconf 88' lang='lat' dir='ltr'>dicit</span> <span class='ocrx_word' id='word_1_181' title='bbox 914 1401 959 1429; x_wconf 85' lang='lat' dir='ltr'>itte</span> <span class='ocrx_word' id='word_1_182' title='bbox 969 1401 1023 1429; x_wconf 77' lang='lat' dir='ltr'>hie-</span> 
     </span>
     <span class='ocr_line' id='line_1_32' title="bbox 277 1447 1022 1488; baseline -0.004 -11"><span class='ocrx_word' id='word_1_183' title='bbox 277 1460 347 1477; x_wconf 87' lang='lat' dir='ltr'>mem</span> <span class='ocrx_word' id='word_1_184' title='bbox 359 1449 414 1488; x_wconf 84' lang='lat' dir='ltr'>jam</span> <span class='ocrx_word' id='word_1_185' title='bbox 428 1448 575 1488; x_wconf 68' lang='lat' dir='ltr'>prceterisse</span> <span class='ocrx_word' id='word_1_186' title='bbox 587 1455 756 1485; x_wconf 58' lang='lat' dir='ltr'>aestatemque</span> <span class='ocrx_word' id='word_1_187' title='bbox 768 1447 926 1475; x_wconf 81' lang='lat' dir='ltr'>advenisse:</span> <span class='ocrx_word' id='word_1_188' title='bbox 941 1448 1022 1475; x_wconf 82' lang='lat' dir='ltr'>Libe-</span> 
     </span>
     <span class='ocr_line' id='line_1_33' title="bbox 277 1493 1023 1532; baseline -0.001 -10"><span class='ocrx_word' id='word_1_189' title='bbox 277 1498 345 1530; x_wconf 74' lang='lat' dir='ltr'>rali,</span> <span class='ocrx_word' id='word_1_190' title='bbox 363 1494 466 1532; x_wconf 83' lang='lat' dir='ltr'>inquit,</span> <span class='ocrx_word' id='word_1_191' title='bbox 483 1505 580 1522; x_wconf 75' lang='lat' dir='ltr'>sumus</span> <span class='ocrx_word' id='word_1_192' title='bbox 602 1495 706 1528; x_wconf 78' lang='lat' dir='ltr'>hieme,</span> <span class='ocrx_word' id='word_1_193' title='bbox 722 1501 748 1521; x_wconf 75' lang='lat' dir='ltr'>et</span> <span class='ocrx_word' id='word_1_194' title='bbox 772 1500 873 1521; x_wconf 79' lang='lat' dir='ltr'>aesttzte</span> <span class='ocrx_word' id='word_1_195' title='bbox 893 1493 1023 1532; x_wconf 71' lang='lat' dir='ltr'>petfrui-</span> 
     </span>
     <span class='ocr_line' id='line_1_34' title="bbox 278 1539 1024 1580; baseline -0.001 -12"><span class='ocrx_word' id='word_1_196' title='bbox 278 1551 352 1574; x_wconf 83' lang='lat' dir='ltr'>mur,</span> <span class='ocrx_word' id='word_1_197' title='bbox 369 1541 477 1568; x_wconf 74' lang='lat' dir='ltr'>blande</span> <span class='ocrx_word' id='word_1_198' title='bbox 489 1539 614 1580; x_wconf 62' lang='lat' dir='ltr'>qtflante</span> <span class='ocrx_word' id='word_1_199' title='bbox 627 1541 775 1578; x_wconf 75' lang='lat' dir='ltr'>Zephyro.</span> <span class='ocrx_word' id='word_1_200' title='bbox 794 1540 863 1568; x_wconf 89' lang='lat' dir='ltr'>Hinc</span> <span class='ocrx_word' id='word_1_201' title='bbox 884 1550 946 1567; x_wconf 86' lang='lat' dir='ltr'>sane</span> <span class='ocrx_word' id='word_1_202' title='bbox 966 1550 1024 1568; x_wconf 88' lang='lat' dir='ltr'>eon-</span> 
     </span>
     <span class='ocr_line' id='line_1_35' title="bbox 278 1585 1024 1624; baseline -0.001 -10"><span class='ocrx_word' id='word_1_203' title='bbox 278 1586 399 1624; x_wconf 80' lang='lat' dir='ltr'>sequitur</span> <span class='ocrx_word' id='word_1_204' title='bbox 413 1586 492 1623; x_wconf 80' lang='lat' dir='ltr'>longe</span> <span class='ocrx_word' id='word_1_205' title='bbox 504 1585 610 1613; x_wconf 71' lang='lat' dir='ltr'>diverso</span> <span class='ocrx_word' id='word_1_206' title='bbox 626 1586 688 1614; x_wconf 90' lang='lat' dir='ltr'>anni</span> <span class='ocrx_word' id='word_1_207' title='bbox 702 1592 820 1624; x_wconf 84' lang='lat' dir='ltr'>tempore</span> <span class='ocrx_word' id='word_1_208' title='bbox 836 1592 900 1613; x_wconf 87' lang='lat' dir='ltr'>tunc</span> <span class='ocrx_word' id='word_1_209' title='bbox 910 1585 1024 1613; x_wconf 86' lang='lat' dir='ltr'>celebra-</span> 
     </span>
     <span class='ocr_line' id='line_1_36' title="bbox 280 1631 1024 1671; baseline 0 -12"><span class='ocrx_word' id='word_1_210' title='bbox 280 1639 337 1660; x_wconf 91' lang='lat' dir='ltr'>tum</span> <span class='ocrx_word' id='word_1_211' title='bbox 353 1631 433 1660; x_wconf 86' lang='lat' dir='ltr'>fuisse</span> <span class='ocrx_word' id='word_1_212' title='bbox 448 1632 478 1660; x_wconf 97' lang='lat' dir='ltr'>S.</span> <span class='ocrx_word' id='word_1_213' title='bbox 493 1631 626 1659; x_wconf 79' lang='lat' dir='ltr'>Barlaami</span> <span class='ocrx_word' id='word_1_214' title='bbox 642 1632 768 1671; x_wconf 83' lang='lat' dir='ltr'>martyris</span> <span class='ocrx_word' id='word_1_215' title='bbox 781 1631 879 1659; x_wconf 80' lang='lat' dir='ltr'>festum</span> <span class='ocrx_word' id='word_1_216' title='bbox 896 1643 902 1658; x_wconf 88' lang='lat'>:</span> <span class='ocrx_word' id='word_1_217' title='bbox 921 1642 983 1659; x_wconf 85' lang='lat' dir='ltr'>nam</span> <span class='ocrx_word' id='word_1_218' title='bbox 995 1642 1024 1660; x_wconf 91' lang='lat' dir='ltr'>ea</span> 
     </span>
     <span class='ocr_line' id='line_1_37' title="bbox 282 1677 1026 1716; baseline 0 -11"><span class='ocrx_word' id='word_1_219' title='bbox 282 1678 308 1705; x_wconf 94' lang='lat' dir='ltr'>in</span> <span class='ocrx_word' id='word_1_220' title='bbox 326 1677 390 1705; x_wconf 91' lang='lat' dir='ltr'>urbe</span> <span class='ocrx_word' id='word_1_221' title='bbox 405 1678 496 1705; x_wconf 89' lang='lat' dir='ltr'>concio</span> <span class='ocrx_word' id='word_1_222' title='bbox 512 1677 568 1705; x_wconf 74' lang='lat' dir='ltr'>liaec</span> <span class='ocrx_word' id='word_1_223' title='bbox 588 1677 679 1705; x_wconf 82' lang='lat' dir='ltr'>hahita</span> <span class='ocrx_word' id='word_1_224' title='bbox 694 1685 746 1713; x_wconf 88' lang='lat' dir='ltr'>est,</span> <span class='ocrx_word' id='word_1_225' title='bbox 764 1678 791 1706; x_wconf 87' lang='lat' dir='ltr'>in</span> <span class='ocrx_word' id='word_1_226' title='bbox 807 1678 883 1716; x_wconf 86' lang='lat' dir='ltr'>cujus</span> <span class='ocrx_word' id='word_1_227' title='bbox 899 1688 979 1715; x_wconf 81' lang='lat' dir='ltr'>agro,</span> <span class='ocrx_word' id='word_1_228' title='bbox 996 1685 1026 1706; x_wconf 91' lang='lat' dir='ltr'>ut</span> 
     </span>
     <span class='ocr_line' id='line_1_38' title="bbox 283 1723 1024 1762; baseline 0.001 -11"><span class='ocrx_word' id='word_1_229' title='bbox 283 1723 383 1751; x_wconf 88' lang='lat' dir='ltr'>ibidem</span> <span class='ocrx_word' id='word_1_230' title='bbox 394 1723 476 1751; x_wconf 88' lang='lat' dir='ltr'>dicitu</span> <span class='ocrx_word' id='word_1_231' title='bbox 483 1735 503 1758; x_wconf 91' lang='lat' dir='ltr'>r,</span> <span class='ocrx_word' id='word_1_232' title='bbox 515 1723 662 1761; x_wconf 86' lang='lat' dir='ltr'>frequentia</span> <span class='ocrx_word' id='word_1_233' title='bbox 674 1731 825 1762; x_wconf 86' lang='lat' dir='ltr'>martyrum</span> <span class='ocrx_word' id='word_1_234' title='bbox 842 1723 963 1762; x_wconf 88' lang='lat' dir='ltr'>sepulcra</span> <span class='ocrx_word' id='word_1_235' title='bbox 980 1734 1024 1752; x_wconf 80' lang='lat' dir='ltr'>ex-</span> 
     </span>
     <span class='ocr_line' id='line_1_39' title="bbox 284 1769 1025 1807; baseline 0 -10"><span class='ocrx_word' id='word_1_236' title='bbox 284 1769 419 1804; x_wconf 78' lang='lat' dir='ltr'>sistebant,</span> <span class='ocrx_word' id='word_1_237' title='bbox 432 1780 484 1807; x_wconf 91' lang='lat' dir='ltr'>quo</span> <span class='ocrx_word' id='word_1_238' title='bbox 495 1770 627 1797; x_wconf 85' lang='lat' dir='ltr'>confluere</span> <span class='ocrx_word' id='word_1_239' title='bbox 637 1769 757 1797; x_wconf 87' lang='lat' dir='ltr'>solebant</span> <span class='ocrx_word' id='word_1_240' title='bbox 768 1777 897 1807; x_wconf 86' lang='lat' dir='ltr'>quotquot</span> <span class='ocrx_word' id='word_1_241' title='bbox 909 1780 942 1797; x_wconf 84' lang='lat' dir='ltr'>ex</span> <span class='ocrx_word' id='word_1_242' title='bbox 955 1769 1025 1797; x_wconf 83' lang='lat' dir='ltr'>civi-</span> 
     </span>
     <span class='ocr_line' id='line_1_40' title="bbox 284 1815 1024 1854; baseline -0.001 -10"><span class='ocrx_word' id='word_1_243' title='bbox 284 1817 334 1844; x_wconf 85' lang='lat' dir='ltr'>bus</span> <span class='ocrx_word' id='word_1_244' title='bbox 358 1816 512 1843; x_wconf 85' lang='lat' dir='ltr'>eorumdem</span> <span class='ocrx_word' id='word_1_245' title='bbox 536 1822 686 1854; x_wconf 79' lang='lat' dir='ltr'>martyrum</span> <span class='ocrx_word' id='word_1_246' title='bbox 710 1815 866 1843; x_wconf 80' lang='lat' dir='ltr'>memoriam</span> <span class='ocrx_word' id='word_1_247' title='bbox 891 1815 1005 1843; x_wconf 86' lang='lat' dir='ltr'>recolere</span> <span class='ocrx_word' id='word_1_248' title='bbox 1017 1837 1024 1851; x_wconf 91' lang='lat'>,</span> 
     </span>
     <span class='ocr_line' id='line_1_41' title="bbox 285 1860 1028 1901; baseline -0.003 -11"><span class='ocrx_word' id='word_1_249' title='bbox 285 1863 458 1901; x_wconf 82' lang='lat' dir='ltr'>ipsorumque</span> <span class='ocrx_word' id='word_1_250' title='bbox 466 1861 581 1901; x_wconf 75' lang='lat' dir='ltr'>praesidii</span> <span class='ocrx_word' id='word_1_251' title='bbox 593 1868 727 1889; x_wconf 79' lang='lat' dir='ltr'>consortes</span> <span class='ocrx_word' id='word_1_252' title='bbox 738 1871 793 1890; x_wconf 88' lang='lat' dir='ltr'>esse</span> <span class='ocrx_word' id='word_1_253' title='bbox 801 1861 927 1890; x_wconf 86' lang='lat' dir='ltr'>volebant</span> <span class='ocrx_word' id='word_1_254' title='bbox 939 1860 1028 1898; x_wconf 90' lang='lat' dir='ltr'>:quod</span> 
     </span>
     <span class='ocr_line' id='line_1_42' title="bbox 285 1907 1028 1946; baseline -0.003 -10"><span class='ocrx_word' id='word_1_255' title='bbox 285 1920 347 1936; x_wconf 83' lang='lat' dir='ltr'>sane</span> <span class='ocrx_word' id='word_1_256' title='bbox 356 1908 502 1936; x_wconf 66' lang='lat' dir='ltr'>Antiochia¹</span> <span class='ocrx_word' id='word_1_257' title='bbox 513 1915 662 1946; x_wconf 80' lang='lat' dir='ltr'>competere</span> <span class='ocrx_word' id='word_1_258' title='bbox 673 1918 750 1935; x_wconf 90' lang='lat' dir='ltr'>nemo</span> <span class='ocrx_word' id='word_1_259' title='bbox 763 1907 910 1945; x_wconf 79' lang='lat' dir='ltr'>negaverit.</span> <span class='ocrx_word' id='word_1_260' title='bbox 921 1907 961 1935; x_wconf 86' lang='lat' dir='ltr'>Ad</span> <span class='ocrx_word' id='word_1_261' title='bbox 972 1907 1028 1934; x_wconf 81' lang='lat' dir='ltr'>haec</span> 
     </span>
     <span class='ocr_line' id='line_1_43' title="bbox 287 1952 1028 1993; baseline -0.004 -10"><span class='ocrx_word' id='word_1_262' title='bbox 287 1965 358 1990; x_wconf 84' lang='lat' dir='ltr'>vero,</span> <span class='ocrx_word' id='word_1_263' title='bbox 373 1954 422 1983; x_wconf 82' lang='lat' dir='ltr'>sub</span> <span class='ocrx_word' id='word_1_264' title='bbox 438 1954 518 1982; x_wconf 80' lang='lat' dir='ltr'>tinem</span> <span class='ocrx_word' id='word_1_265' title='bbox 535 1953 654 1993; x_wconf 78' lang='lat' dir='ltr'>ejusdem</span> <span class='ocrx_word' id='word_1_266' title='bbox 670 1964 749 1992; x_wconf 80' lang='lat' dir='ltr'>supra</span> <span class='ocrx_word' id='word_1_267' title='bbox 767 1959 919 1981; x_wconf 72' lang='lat' dir='ltr'>memoratae</span> <span class='ocrx_word' id='word_1_268' title='bbox 941 1952 1028 1980; x_wconf 90' lang='lat' dir='ltr'>homi·</span> 
     </span>
     <span class='ocr_line' id='line_1_44' title="bbox 286 1999 1029 2039; baseline -0.003 -11"><span class='ocrx_word' id='word_1_269' title='bbox 286 2000 328 2028; x_wconf 63' lang='lat' dir='ltr'>liae</span> <span class='ocrx_word' id='word_1_270' title='bbox 350 2003 400 2029; x_wconf 80' lang='grc' dir='ltr'>τῶν</span> <span class='ocrx_word' id='word_1_271' title='bbox 424 2001 557 2039; x_wconf 74' lang='grc' dir='ltr'>προέδρων</span> <span class='ocrx_word' id='word_1_272' title='bbox 574 2000 711 2034; x_wconf 77' lang='grc' dir='ltr'>ἁπάντων,</span> <span class='ocrx_word' id='word_1_273' title='bbox 737 1999 883 2038; x_wconf 83' lang='lat' dir='ltr'>praesulum</span> <span class='ocrx_word' id='word_1_274' title='bbox 898 1999 1029 2033; x_wconf 87' lang='lat' dir='ltr'>omnium,</span> 
     </span>
     <span class='ocr_line' id='line_1_45' title="bbox 290 2046 1029 2087; baseline -0.001 -12"><span class='ocrx_word' id='word_1_275' title='bbox 290 2058 377 2086; x_wconf 80' lang='lat' dir='ltr'>preces</span> <span class='ocrx_word' id='word_1_276' title='bbox 410 2048 537 2087; x_wconf 83' lang='lat' dir='ltr'>postulat.</span> <span class='ocrx_word' id='word_1_277' title='bbox 559 2049 593 2075; x_wconf 90' lang='lat' dir='ltr'>At</span> <span class='ocrx_word' id='word_1_278' title='bbox 621 2046 852 2086; x_wconf 79' lang='lat' dir='ltr'>Constantinopoli</span> <span class='ocrx_word' id='word_1_279' title='bbox 882 2046 1029 2086; x_wconf 61' lang='lat' dir='ltr'>praesulum</span> 
     </span>
     <span class='ocr_line' id='line_1_46' title="bbox 290 2092 1030 2132; baseline -0.001 -11"><span class='ocrx_word' id='word_1_280' title='bbox 290 2093 395 2121; x_wconf 86' lang='lat' dir='ltr'>nullum</span> <span class='ocrx_word' id='word_1_281' title='bbox 427 2093 638 2132; x_wconf 78' lang='lat' dir='ltr'>Chrysostomus</span> <span class='ocrx_word' id='word_1_282' title='bbox 658 2099 790 2130; x_wconf 85' lang='lat' dir='ltr'>noverat,</span> <span class='ocrx_word' id='word_1_283' title='bbox 813 2092 870 2131; x_wconf 87' lang='lat' dir='ltr'>ipse</span> <span class='ocrx_word' id='word_1_284' title='bbox 890 2103 1030 2131; x_wconf 87' lang='lat' dir='ltr'>supremus</span> 
     </span>
     <span class='ocr_line' id='line_1_47' title="bbox 289 2139 1030 2178; baseline 0.001 -13"><span class='ocrx_word' id='word_1_285' title='bbox 289 2140 408 2166; x_wconf 89' lang='lat' dir='ltr'>omnium</span> <span class='ocrx_word' id='word_1_286' title='bbox 425 2139 522 2178; x_wconf 77' lang='lat' dir='ltr'>praesul</span> <span class='ocrx_word' id='word_1_287' title='bbox 539 2151 545 2166; x_wconf 75' lang='grc' dir='ltr'><strong><em>ι</em></strong></span> <span class='ocrx_word' id='word_1_288' title='bbox 560 2139 706 2167; x_wconf 76' lang='lat' dir='ltr'>Antiochiae</span> <span class='ocrx_word' id='word_1_289' title='bbox 725 2149 788 2167; x_wconf 84' lang='lat' dir='ltr'>vero</span> <span class='ocrx_word' id='word_1_290' title='bbox 805 2139 930 2178; x_wconf 71' lang='lat' dir='ltr'>praesules</span> <span class='ocrx_word' id='word_1_291' title='bbox 948 2139 1030 2167; x_wconf 90' lang='lat' dir='ltr'>vicini</span> 
     </span>
     <span class='ocr_line' id='line_1_48' title="bbox 291 2184 1031 2223; baseline 0.001 -12"><span class='ocrx_word' id='word_1_292' title='bbox 291 2184 475 2223; x_wconf 82' lang='lat' dir='ltr'>Clirysostomi</span> <span class='ocrx_word' id='word_1_293' title='bbox 495 2184 668 2213; x_wconf 85' lang='lat' dir='ltr'>concionibus</span> <span class='ocrx_word' id='word_1_294' title='bbox 695 2184 830 2213; x_wconf 91' lang='lat' dir='ltr'>interdum</span> <span class='ocrx_word' id='word_1_295' title='bbox 858 2185 983 2219; x_wconf 82' lang='lat' dir='ltr'>aderant,</span> <span class='ocrx_word' id='word_1_296' title='bbox 1002 2193 1031 2213; x_wconf 88' lang='lat' dir='ltr'>ut</span> 
     </span>
     <span class='ocr_line' id='line_1_49' title="bbox 290 2229 1028 2268; baseline 0.005 -12"><span class='ocrx_word' id='word_1_297' title='bbox 290 2229 417 2258; x_wconf 88' lang='lat' dir='ltr'>vidimus.</span> <span class='ocrx_word' id='word_1_298' title='bbox 437 2232 542 2258; x_wconf 83' lang='lat' dir='ltr'>Annum</span> <span class='ocrx_word' id='word_1_299' title='bbox 558 2241 631 2267; x_wconf 84' lang='lat' dir='ltr'>vero,</span> <span class='ocrx_word' id='word_1_300' title='bbox 646 2241 699 2268; x_wconf 87' lang='lat' dir='ltr'>quo</span> <span class='ocrx_word' id='word_1_301' title='bbox 715 2230 762 2259; x_wconf 91' lang='lat' dir='ltr'>has</span> <span class='ocrx_word' id='word_1_302' title='bbox 782 2231 877 2259; x_wconf 85' lang='lat' dir='ltr'>habuit</span> <span class='ocrx_word' id='word_1_303' title='bbox 892 2231 1028 2266; x_wconf 83' lang='lat' dir='ltr'>homilias,</span> 
     </span>
     <span class='ocr_line' id='line_1_50' title="bbox 290 2275 890 2315; baseline 0.005 -13"><span class='ocrx_word' id='word_1_304' title='bbox 290 2285 322 2302; x_wconf 90' lang='lat' dir='ltr'>ne</span> <span class='ocrx_word' id='word_1_305' title='bbox 335 2276 484 2313; x_wconf 83' lang='lat' dir='ltr'>conjectura</span> <span class='ocrx_word' id='word_1_306' title='bbox 498 2275 606 2313; x_wconf 85' lang='lat' dir='ltr'>quidem</span> <span class='ocrx_word' id='word_1_307' title='bbox 622 2287 764 2315; x_wconf 87' lang='lat' dir='ltr'>possumus</span> <span class='ocrx_word' id='word_1_308' title='bbox 775 2277 890 2314; x_wconf 84' lang='lat' dir='ltr'>assequi.</span> 
     </span>
    </p>

    <p class='ocr_par' dir='ltr' id='par_1_9' title="bbox 287 2320 1032 2637">
     <span class='ocr_line' id='line_1_51' title="bbox 330 2320 1031 2360; baseline 0.006 -13"><span class='ocrx_word' id='word_1_309' title='bbox 330 2321 359 2348; x_wconf 83' lang='lat' dir='ltr'>In</span> <span class='ocrx_word' id='word_1_310' title='bbox 385 2320 493 2348; x_wconf 86' lang='lat' dir='ltr'>homilia</span> <span class='ocrx_word' id='word_1_311' title='bbox 516 2332 578 2349; x_wconf 82' lang='lat' dir='ltr'>vero</span> <span class='ocrx_word' id='word_1_312' title='bbox 599 2322 718 2360; x_wconf 83' lang='lat' dir='ltr'>sequenti</span> <span class='ocrx_word' id='word_1_313' title='bbox 740 2322 785 2350; x_wconf 86' lang='lat' dir='ltr'>die</span> <span class='ocrx_word' id='word_1_314' title='bbox 802 2322 893 2351; x_wconf 83' lang='lat' dir='ltr'>habita</span> <span class='ocrx_word' id='word_1_315' title='bbox 918 2322 944 2351; x_wconf 91' lang='lat' dir='ltr'>in</span> <span class='ocrx_word' id='word_1_316' title='bbox 962 2322 1031 2351; x_wconf 89' lang='lat' dir='ltr'>illud</span> 
     </span>
     <span class='ocr_line' id='line_1_52' title="bbox 290 2366 1032 2407; baseline 0.004 -13"><span class='ocrx_word' id='word_1_317' title='bbox 290 2366 421 2405; x_wconf 85' lang='lat' dir='ltr'>apostoli,</span> <span class='ocrx_word' id='word_1_318' title='bbox 434 2367 509 2394; x_wconf 83' lang='lat' dir='ltr'>Nolo</span> <span class='ocrx_word' id='word_1_319' title='bbox 522 2377 575 2395; x_wconf 71' lang='lat' dir='ltr'>‘vos</span> <span class='ocrx_word' id='word_1_320' title='bbox 590 2369 867 2407; x_wconf 66' lang='lat' dir='ltr'>igrzorar·e‚fi·atres,</span> <span class='ocrx_word' id='word_1_321' title='bbox 882 2369 961 2407; x_wconf 79' lang='lat' dir='ltr'>qaod</span> <span class='ocrx_word' id='word_1_322' title='bbox 979 2379 1032 2407; x_wconf 81' lang='lat' dir='ltr'>pa-</span> 
     </span>
     <span class='ocr_line' id='line_1_53' title="bbox 291 2415 1032 2451; baseline 0.005 -12"><span class='ocrx_word' id='word_1_323' title='bbox 291 2419 348 2440; x_wconf 82' lang='lat' dir='ltr'>tres</span> <span class='ocrx_word' id='word_1_324' title='bbox 363 2415 453 2440; x_wconf 80' lang='lat' dir='ltr'>nostri</span> <span class='ocrx_word' id='word_1_325' title='bbox 467 2423 564 2440; x_wconf 80' lang='lat' dir='ltr'>omnes</span> <span class='ocrx_word' id='word_1_326' title='bbox 575 2415 626 2441; x_wconf 69' lang='lat' dir='ltr'>sula</span> <span class='ocrx_word' id='word_1_327' title='bbox 649 2415 724 2442; x_wconf 75' lang='lat' dir='ltr'>nube</span> <span class='ocrx_word' id='word_1_328' title='bbox 746 2415 875 2451; x_wconf 78' lang='lat' dir='ltr'>fuerunt,</span> <span class='ocrx_word' id='word_1_329' title='bbox 891 2421 918 2443; x_wconf 80' lang='lat' dir='ltr'>et</span> <span class='ocrx_word' id='word_1_330' title='bbox 934 2425 1032 2443; x_wconf 84' lang='lat' dir='ltr'>omnes</span> 
     </span>
     <span class='ocr_line' id='line_1_54' title="bbox 288 2459 1032 2499; baseline 0.005 -14"><span class='ocrx_word' id='word_1_331' title='bbox 288 2470 341 2497; x_wconf 81' lang='lat' dir='ltr'>per</span> <span class='ocrx_word' id='word_1_332' title='bbox 358 2469 438 2486; x_wconf 82' lang='lat' dir='ltr'>mare</span> <span class='ocrx_word' id='word_1_333' title='bbox 454 2462 630 2486; x_wconf 79' lang='lat' dir='ltr'>transierunt</span> <span class='ocrx_word' id='word_1_334' title='bbox 641 2481 648 2494; x_wconf 87' lang='lat'>,</span> <span class='ocrx_word' id='word_1_335' title='bbox 665 2459 851 2498; x_wconf 79' lang='lat' dir='ltr'>Chrysostoini</span> <span class='ocrx_word' id='word_1_336' title='bbox 875 2471 972 2499; x_wconf 88' lang='lat' dir='ltr'>scopus</span> <span class='ocrx_word' id='word_1_337' title='bbox 994 2468 1032 2489; x_wconf 83' lang='lat' dir='ltr'>est</span> 
     </span>
     <span class='ocr_line' id='line_1_55' title="bbox 290 2504 1032 2544; baseline 0.004 -12"><span class='ocrx_word' id='word_1_338' title='bbox 290 2504 483 2538; x_wconf 82' lang='lat' dir='ltr'>demonstrare,</span> <span class='ocrx_word' id='word_1_339' title='bbox 497 2515 536 2532; x_wconf 88' lang='lat' dir='ltr'>res</span> <span class='ocrx_word' id='word_1_340' title='bbox 546 2505 571 2532; x_wconf 93' lang='lat' dir='ltr'>in</span> <span class='ocrx_word' id='word_1_341' title='bbox 588 2506 670 2534; x_wconf 80' lang='lat' dir='ltr'>veteri</span> <span class='ocrx_word' id='word_1_342' title='bbox 682 2505 739 2544; x_wconf 74' lang='lat' dir='ltr'>lege</span> <span class='ocrx_word' id='word_1_343' title='bbox 751 2513 833 2543; x_wconf 84' lang='lat' dir='ltr'>actas,</span> <span class='ocrx_word' id='word_1_344' title='bbox 845 2507 942 2535; x_wconf 88' lang='lat' dir='ltr'>suturis</span> <span class='ocrx_word' id='word_1_345' title='bbox 954 2507 1032 2535; x_wconf 86' lang='lat' dir='ltr'>rebus</span> 
     </span>
     <span class='ocr_line' id='line_1_56' title="bbox 289 2550 1031 2589; baseline 0.005 -11"><span class='ocrx_word' id='word_1_346' title='bbox 289 2550 371 2578; x_wconf 76' lang='lat' dir='ltr'>tidem</span> <span class='ocrx_word' id='word_1_347' title='bbox 385 2550 478 2586; x_wconf 84' lang='lat' dir='ltr'>facere,</span> <span class='ocrx_word' id='word_1_348' title='bbox 491 2561 598 2589; x_wconf 79' lang='lat' dir='ltr'>esseque</span> <span class='ocrx_word' id='word_1_349' title='bbox 613 2551 671 2579; x_wconf 84' lang='lat' dir='ltr'>illas</span> <span class='ocrx_word' id='word_1_350' title='bbox 686 2562 775 2579; x_wconf 87' lang='lat' dir='ltr'>rerum</span> <span class='ocrx_word' id='word_1_351' title='bbox 788 2553 852 2581; x_wconf 78' lang='lat' dir='ltr'>novi</span> <span class='ocrx_word' id='word_1_352' title='bbox 867 2553 1031 2581; x_wconf 77' lang='lat' dir='ltr'>Testamenti</span> 
     </span>
     <span class='ocr_line' id='line_1_57' title="bbox 287 2598 1032 2637; baseline 0.007 -13"><span class='ocrx_word' id='word_1_353' title='bbox 287 2603 383 2637; x_wconf 77' lang='lat' dir='ltr'>typum</span> <span class='ocrx_word' id='word_1_354' title='bbox 401 2604 425 2626; x_wconf 87' lang='lat' dir='ltr'>et</span> <span class='ocrx_word' id='word_1_355' title='bbox 450 2598 584 2626; x_wconf 86' lang='lat' dir='ltr'>umbram.</span> <span class='ocrx_word' id='word_1_356' title='bbox 605 2598 779 2635; x_wconf 79' lang='lat' dir='ltr'>Marcionem,</span> <span class='ocrx_word' id='word_1_357' title='bbox 799 2600 979 2629; x_wconf 68' lang='lat' dir='ltr'>manichaeum</span> <span class='ocrx_word' id='word_1_358' title='bbox 1005 2609 1032 2629; x_wconf 87' lang='lat' dir='ltr'>et</span> 
     </span>
    </p>
   </div>
   <div class='ocr_carea' id='block_1_7' title="bbox 828 193 1344 224">
    <p class='ocr_par' dir='ltr' id='par_1_10' title="bbox 828 193 1344 224">
     <span class='ocr_line' id='line_1_58' title="bbox 828 193 1344 224; baseline -0.004 -6"><span class='ocrx_word' id='word_1_359' title='bbox 828 194 966 218; x_wconf 74' lang='lat' dir='ltr'>JOANNIS</span> <span class='ocrx_word' id='word_1_360' title='bbox 993 193 1224 216; x_wconf 63' lang='lat' dir='ltr'>cttnx‘sosTOMt</span> <span class='ocrx_word' id='word_1_361' title='bbox 1253 193 1344 224; x_wconf 65' lang='lat' dir='ltr'>vim,</span> 
     </span>
    </p>
   </div>
   <div class='ocr_carea' id='block_1_8' title="bbox 1065 253 1933 2638">
    <p class='ocr_par' dir='ltr' id='par_1_11' title="bbox 1065 253 1809 560">
     <span class='ocr_line' id='line_1_59' title="bbox 1067 253 1806 292; baseline -0.003 -10"><span class='ocrx_word' id='word_1_362' title='bbox 1067 254 1180 283; x_wconf 88' lang='lat' dir='ltr'>Paulum</span> <span class='ocrx_word' id='word_1_363' title='bbox 1195 255 1395 283; x_wconf 73' lang='lat' dir='ltr'>samosatenum</span> <span class='ocrx_word' id='word_1_364' title='bbox 1406 253 1491 282; x_wconf 88' lang='lat' dir='ltr'>obiter</span> <span class='ocrx_word' id='word_1_365' title='bbox 1502 253 1664 292; x_wconf 79' lang='lat' dir='ltr'>perstringit,</span> <span class='ocrx_word' id='word_1_366' title='bbox 1677 259 1702 281; x_wconf 88' lang='lat' dir='ltr'>et</span> <span class='ocrx_word' id='word_1_367' title='bbox 1715 258 1806 292; x_wconf 86' lang='lat' dir='ltr'>postu-</span> 
     </span>
     <span class='ocr_line' id='line_1_60' title="bbox 1066 299 1804 339; baseline -0.004 -10"><span class='ocrx_word' id='word_1_368' title='bbox 1066 301 1127 329; x_wconf 91' lang='lat' dir='ltr'>latis</span> <span class='ocrx_word' id='word_1_369' title='bbox 1142 301 1168 329; x_wconf 88' lang='lat' dir='ltr'>in</span> <span class='ocrx_word' id='word_1_370' title='bbox 1184 301 1237 329; x_wconf 88' lang='lat' dir='ltr'>fine</span> <span class='ocrx_word' id='word_1_371' title='bbox 1251 308 1403 329; x_wconf 86' lang='lat' dir='ltr'>sanctorum</span> <span class='ocrx_word' id='word_1_372' title='bbox 1423 301 1560 339; x_wconf 84' lang='lat' dir='ltr'>precibus,</span> <span class='ocrx_word' id='word_1_373' title='bbox 1575 299 1715 328; x_wconf 84' lang='lat' dir='ltr'>homiliam</span> <span class='ocrx_word' id='word_1_374' title='bbox 1729 299 1804 327; x_wconf 90' lang='lat' dir='ltr'>clau-</span> 
     </span>
     <span class='ocr_line' id='line_1_61' title="bbox 1065 346 1809 384; baseline -0.003 -9"><span class='ocrx_word' id='word_1_375' title='bbox 1065 347 1115 376; x_wconf 87' lang='lat' dir='ltr'>dit.</span> <span class='ocrx_word' id='word_1_376' title='bbox 1132 348 1213 376; x_wconf 89' lang='lat' dir='ltr'>Notes</span> <span class='ocrx_word' id='word_1_377' title='bbox 1235 347 1313 375; x_wconf 82' lang='lat' dir='ltr'>velim</span> <span class='ocrx_word' id='word_1_378' title='bbox 1335 354 1436 375; x_wconf 87' lang='lat' dir='ltr'>certum</span> <span class='ocrx_word' id='word_1_379' title='bbox 1453 346 1563 384; x_wconf 88' lang='lat' dir='ltr'>quidem</span> <span class='ocrx_word' id='word_1_380' title='bbox 1580 356 1635 374; x_wconf 90' lang='lat' dir='ltr'>esse</span> <span class='ocrx_word' id='word_1_381' title='bbox 1654 346 1724 374; x_wconf 87' lang='lat' dir='ltr'>hanc</span> <span class='ocrx_word' id='word_1_382' title='bbox 1743 355 1809 373; x_wconf 91' lang='lat' dir='ltr'>eon-</span> 
     </span>
     <span class='ocr_line' id='line_1_62' title="bbox 1066 390 1809 422; baseline -0.003 -1"><span class='ocrx_word' id='word_1_383' title='bbox 1066 393 1169 422; x_wconf 88' lang='lat' dir='ltr'>cionem</span> <span class='ocrx_word' id='word_1_384' title='bbox 1183 393 1303 421; x_wconf 85' lang='lat' dir='ltr'>habitam</span> <span class='ocrx_word' id='word_1_385' title='bbox 1316 393 1397 422; x_wconf 87' lang='lat' dir='ltr'>fuisse</span> <span class='ocrx_word' id='word_1_386' title='bbox 1411 393 1455 421; x_wconf 84' lang='lat' dir='ltr'>die</span> <span class='ocrx_word' id='word_1_387' title='bbox 1469 393 1564 421; x_wconf 80' lang='lat' dir='ltr'>festum</span> <span class='ocrx_word' id='word_1_388' title='bbox 1579 393 1609 420; x_wconf 88' lang='lat' dir='ltr'>S.</span> <span class='ocrx_word' id='word_1_389' title='bbox 1622 391 1755 420; x_wconf 75' lang='lat' dir='ltr'>Barlaami</span> <span class='ocrx_word' id='word_1_390' title='bbox 1768 390 1809 419; x_wconf 86' lang='lat' dir='ltr'>in-</span> 
     </span>
     <span class='ocr_line' id='line_1_63' title="bbox 1067 438 1808 478; baseline -0.004 -11"><span class='ocrx_word' id='word_1_391' title='bbox 1067 446 1205 477; x_wconf 83' lang='lat' dir='ltr'>sequente,</span> <span class='ocrx_word' id='word_1_392' title='bbox 1228 446 1254 468; x_wconf 88' lang='lat' dir='ltr'>at</span> <span class='ocrx_word' id='word_1_393' title='bbox 1271 450 1322 467; x_wconf 90' lang='lat' dir='ltr'>non</span> <span class='ocrx_word' id='word_1_394' title='bbox 1340 439 1449 478; x_wconf 81' lang='lat' dir='ltr'>perinde</span> <span class='ocrx_word' id='word_1_395' title='bbox 1463 438 1632 478; x_wconf 80' lang='lat' dir='ltr'>exploratum</span> <span class='ocrx_word' id='word_1_396' title='bbox 1655 447 1711 465; x_wconf 85' lang='lat' dir='ltr'>esse</span> <span class='ocrx_word' id='word_1_397' title='bbox 1730 447 1763 464; x_wconf 90' lang='lat' dir='ltr'>an</span> <span class='ocrx_word' id='word_1_398' title='bbox 1778 446 1808 464; x_wconf 89' lang='lat' dir='ltr'>eo</span> 
     </span>
     <span class='ocr_line' id='line_1_64' title="bbox 1067 482 1808 524; baseline -0.005 -10"><span class='ocrx_word' id='word_1_399' title='bbox 1067 496 1136 514; x_wconf 90' lang='lat' dir='ltr'>anno</span> <span class='ocrx_word' id='word_1_400' title='bbox 1151 497 1204 524; x_wconf 93' lang='lat' dir='ltr'>quo</span> <span class='ocrx_word' id='word_1_401' title='bbox 1219 486 1357 514; x_wconf 87' lang='lat' dir='ltr'>homiliam</span> <span class='ocrx_word' id='word_1_402' title='bbox 1372 485 1450 514; x_wconf 89' lang='lat' dir='ltr'>istam</span> <span class='ocrx_word' id='word_1_403' title='bbox 1462 485 1496 513; x_wconf 90' lang='lat' dir='ltr'>de</span> <span class='ocrx_word' id='word_1_404' title='bbox 1508 485 1536 513; x_wconf 88' lang='lat' dir='ltr'>S.</span> <span class='ocrx_word' id='word_1_405' title='bbox 1548 483 1688 513; x_wconf 76' lang='lat' dir='ltr'>Barlaamo</span> <span class='ocrx_word' id='word_1_406' title='bbox 1702 482 1808 519; x_wconf 85' lang='lat' dir='ltr'>habuit,</span> 
     </span>
     <span class='ocr_line' id='line_1_65' title="bbox 1067 531 1178 560; baseline 0.018 -2"><span class='ocrx_word' id='word_1_407' title='bbox 1067 541 1100 559; x_wconf 90' lang='lat' dir='ltr'>an</span> <span class='ocrx_word' id='word_1_408' title='bbox 1116 531 1178 560; x_wconf 88' lang='lat' dir='ltr'>alio.</span> 
     </span>
    </p>

    <p class='ocr_par' dir='ltr' id='par_1_12' title="bbox 1069 574 1933 1260">
     <span class='ocr_line' id='line_1_66' title="bbox 1110 574 1933 614; baseline -0.005 -8"><span class='ocrx_word' id='word_1_409' title='bbox 1110 577 1270 606; x_wconf 88' lang='lat' dir='ltr'>Concionem</span> <span class='ocrx_word' id='word_1_410' title='bbox 1289 587 1351 606; x_wconf 79' lang='lat' dir='ltr'>vero</span> <span class='ocrx_word' id='word_1_411' title='bbox 1369 576 1402 605; x_wconf 90' lang='lat' dir='ltr'>de</span> <span class='ocrx_word' id='word_1_412' title='bbox 1421 583 1510 605; x_wconf 90' lang='lat' dir='ltr'>sancta</span> <span class='ocrx_word' id='word_1_413' title='bbox 1525 575 1640 604; x_wconf 87' lang='lat' dir='ltr'>Droside</span> <span class='ocrx_word' id='word_1_414' title='bbox 1653 581 1770 614; x_wconf 80' lang='lat' dir='ltr'>martyre</span> <span class='ocrx_word' id='word_1_415' title='bbox 1785 574 1811 602; x_wconf 88' lang='lat' dir='ltr'>in</span> <span class='ocrx_word' id='word_1_416' title='bbox 1823 577 1867 599; x_wconf 51' lang='grc' dir='ltr'>Τά</span> <span class='ocrx_word' id='word_1_417' title='bbox 1881 577 1933 607; x_wconf 66' lang='lat' dir='ltr'>p-GE</span> 
     </span>
     <span class='ocr_line' id='line_1_67' title="bbox 1069 622 1815 662; baseline -0.004 -11"><span class='ocrx_word' id='word_1_418' title='bbox 1069 634 1133 662; x_wconf 84' lang='lat' dir='ltr'>agro</span> <span class='ocrx_word' id='word_1_419' title='bbox 1148 623 1312 651; x_wconf 81' lang='lat' dir='ltr'>Antiocheno</span> <span class='ocrx_word' id='word_1_420' title='bbox 1328 623 1422 651; x_wconf 83' lang='lat' dir='ltr'>habuit</span> <span class='ocrx_word' id='word_1_421' title='bbox 1437 622 1654 661; x_wconf 84' lang='lat' dir='ltr'>Chrysostomus,</span> <span class='ocrx_word' id='word_1_422' title='bbox 1667 631 1727 649; x_wconf 88' lang='lat' dir='ltr'>cum</span> <span class='ocrx_word' id='word_1_423' title='bbox 1743 630 1815 648; x_wconf 91' lang='lat' dir='ltr'>arre-</span> 
     </span>
     <span class='ocr_line' id='line_1_68' title="bbox 1069 666 1813 708; baseline -0.004 -11"><span class='ocrx_word' id='word_1_424' title='bbox 1069 676 1114 708; x_wconf 81' lang='lat' dir='ltr'>pta</span> <span class='ocrx_word' id='word_1_425' title='bbox 1127 680 1223 697; x_wconf 86' lang='lat' dir='ltr'>serenae</span> <span class='ocrx_word' id='word_1_426' title='bbox 1238 668 1291 697; x_wconf 84' lang='lat' dir='ltr'>diei</span> <span class='ocrx_word' id='word_1_427' title='bbox 1306 669 1454 704; x_wconf 88' lang='lat' dir='ltr'>occasione,</span> <span class='ocrx_word' id='word_1_428' title='bbox 1472 668 1604 707; x_wconf 83' lang='lat' dir='ltr'>populum</span> <span class='ocrx_word' id='word_1_429' title='bbox 1619 666 1813 695; x_wconf 83' lang='lat' dir='ltr'>Antiochenum</span> 
     </span>
     <span class='ocr_line' id='line_1_69' title="bbox 1069 714 1811 753; baseline -0.005 -9"><span class='ocrx_word' id='word_1_430' title='bbox 1069 726 1099 744; x_wconf 90' lang='lat' dir='ltr'>eo</span> <span class='ocrx_word' id='word_1_431' title='bbox 1106 715 1219 744; x_wconf 76' lang='lat' dir='ltr'>deduxit</span> <span class='ocrx_word' id='word_1_432' title='bbox 1228 715 1373 743; x_wconf 85' lang='lat' dir='ltr'>Flavianus</span> <span class='ocrx_word' id='word_1_433' title='bbox 1383 714 1533 753; x_wconf 82' lang='lat' dir='ltr'>episcopus,</span> <span class='ocrx_word' id='word_1_434' title='bbox 1540 720 1568 741; x_wconf 89' lang='lat' dir='ltr'>ut</span> <span class='ocrx_word' id='word_1_435' title='bbox 1576 719 1700 742; x_wconf 83' lang='lat' dir='ltr'>narratur</span> <span class='ocrx_word' id='word_1_436' title='bbox 1709 723 1774 741; x_wconf 90' lang='lat' dir='ltr'>num</span> <span class='ocrx_word' id='word_1_437' title='bbox 1781 714 1811 740; x_wconf 67' lang='lat'>9..</span> 
     </span>
     <span class='ocr_line' id='line_1_70' title="bbox 1071 760 1814 800; baseline -0.004 -11"><span class='ocrx_word' id='word_1_438' title='bbox 1071 762 1158 800; x_wconf 87' lang='lat' dir='ltr'>Hujus</span> <span class='ocrx_word' id='word_1_439' title='bbox 1173 772 1252 800; x_wconf 86' lang='lat' dir='ltr'>porro</span> <span class='ocrx_word' id='word_1_440' title='bbox 1264 767 1360 789; x_wconf 66' lang='lat' dir='ltr'>sanetae</span> <span class='ocrx_word' id='word_1_441' title='bbox 1372 760 1498 798; x_wconf 83' lang='lat' dir='ltr'>martyris</span> <span class='ocrx_word' id='word_1_442' title='bbox 1507 770 1590 798; x_wconf 86' lang='lat' dir='ltr'>pauca</span> <span class='ocrx_word' id='word_1_443' title='bbox 1604 765 1747 798; x_wconf 84' lang='lat' dir='ltr'>supersunt</span> <span class='ocrx_word' id='word_1_444' title='bbox 1758 768 1814 786; x_wconf 89' lang='lat' dir='ltr'>mo-</span> 
     </span>
     <span class='ocr_line' id='line_1_71' title="bbox 1072 804 1813 844; baseline -0.003 -10"><span class='ocrx_word' id='word_1_445' title='bbox 1072 814 1195 835; x_wconf 89' lang='lat' dir='ltr'>numenta</span> <span class='ocrx_word' id='word_1_446' title='bbox 1209 819 1214 834; x_wconf 90' lang='lat'>:</span> <span class='ocrx_word' id='word_1_447' title='bbox 1231 807 1329 844; x_wconf 80' lang='lat' dir='ltr'>vixque</span> <span class='ocrx_word' id='word_1_448' title='bbox 1338 805 1412 834; x_wconf 86' lang='lat' dir='ltr'>aliud</span> <span class='ocrx_word' id='word_1_449' title='bbox 1425 805 1640 844; x_wconf 87' lang='lat' dir='ltr'>quidpiamcirca</span> <span class='ocrx_word' id='word_1_450' title='bbox 1654 804 1813 843; x_wconf 85' lang='lat' dir='ltr'>martyrium</span> 
     </span>
     <span class='ocr_line' id='line_1_72' title="bbox 1070 849 1816 891; baseline -0.005 -10"><span class='ocrx_word' id='word_1_451' title='bbox 1070 853 1269 890; x_wconf 84' lang='lat' dir='ltr'>certaminaque</span> <span class='ocrx_word' id='word_1_452' title='bbox 1284 853 1340 891; x_wconf 83' lang='lat' dir='ltr'>ejus</span> <span class='ocrx_word' id='word_1_453' title='bbox 1352 851 1486 884; x_wconf 89' lang='lat' dir='ltr'>novimus,</span> <span class='ocrx_word' id='word_1_454' title='bbox 1498 861 1578 889; x_wconf 91' lang='lat' dir='ltr'>quam</span> <span class='ocrx_word' id='word_1_455' title='bbox 1589 850 1661 888; x_wconf 90' lang='lat' dir='ltr'>quod</span> <span class='ocrx_word' id='word_1_456' title='bbox 1674 850 1712 878; x_wconf 89' lang='lat' dir='ltr'>ait</span> <span class='ocrx_word' id='word_1_457' title='bbox 1723 850 1751 878; x_wconf 85' lang='lat' dir='ltr'>S.</span> <span class='ocrx_word' id='word_1_458' title='bbox 1766 849 1816 878; x_wconf 90' lang='lat' dir='ltr'>do-</span> 
     </span>
     <span class='ocr_line' id='line_1_73' title="bbox 1072 896 1816 936; baseline -0.004 -9"><span class='ocrx_word' id='word_1_459' title='bbox 1072 906 1138 935; x_wconf 87' lang='lat' dir='ltr'>ctor,</span> <span class='ocrx_word' id='word_1_460' title='bbox 1150 910 1208 927; x_wconf 86' lang='lat' dir='ltr'>eam</span> <span class='ocrx_word' id='word_1_461' title='bbox 1220 899 1245 926; x_wconf 88' lang='lat' dir='ltr'>in</span> <span class='ocrx_word' id='word_1_462' title='bbox 1259 909 1355 936; x_wconf 80' lang='lat' dir='ltr'>rogum</span> <span class='ocrx_word' id='word_1_463' title='bbox 1367 899 1514 936; x_wconf 86' lang='lat' dir='ltr'>conjectam</span> <span class='ocrx_word' id='word_1_464' title='bbox 1527 896 1616 925; x_wconf 84' lang='lat' dir='ltr'>fuisse.</span> <span class='ocrx_word' id='word_1_465' title='bbox 1626 897 1717 934; x_wconf 80' lang='lat' dir='ltr'>Neque</span> <span class='ocrx_word' id='word_1_466' title='bbox 1729 896 1816 924; x_wconf 90' lang='lat' dir='ltr'>solum</span> 
     </span>
     <span class='ocr_line' id='line_1_74' title="bbox 1073 942 1817 981; baseline -0.004 -8"><span class='ocrx_word' id='word_1_467' title='bbox 1073 952 1191 973; x_wconf 82' lang='lat' dir='ltr'>sanctam</span> <span class='ocrx_word' id='word_1_468' title='bbox 1216 944 1376 981; x_wconf 87' lang='lat' dir='ltr'>Drosidem,</span> <span class='ocrx_word' id='word_1_469' title='bbox 1405 944 1452 972; x_wconf 91' lang='lat' dir='ltr'>sed</span> <span class='ocrx_word' id='word_1_470' title='bbox 1477 943 1544 972; x_wconf 89' lang='lat' dir='ltr'>alios</span> <span class='ocrx_word' id='word_1_471' title='bbox 1572 942 1653 972; x_wconf 88' lang='lat' dir='ltr'>etiam</span> <span class='ocrx_word' id='word_1_472' title='bbox 1685 942 1817 981; x_wconf 83' lang='lat' dir='ltr'>plurimos</span> 
     </span>
     <span class='ocr_line' id='line_1_75' title="bbox 1072 988 1816 1030; baseline -0.004 -11"><span class='ocrx_word' id='word_1_473' title='bbox 1072 998 1215 1030; x_wconf 80' lang='lat' dir='ltr'>martyres,</span> <span class='ocrx_word' id='word_1_474' title='bbox 1227 1001 1341 1029; x_wconf 89' lang='lat' dir='ltr'>quorum</span> <span class='ocrx_word' id='word_1_475' title='bbox 1353 1001 1411 1019; x_wconf 90' lang='lat' dir='ltr'>ossa</span> <span class='ocrx_word' id='word_1_476' title='bbox 1425 989 1518 1018; x_wconf 87' lang='lat' dir='ltr'>eodem</span> <span class='ocrx_word' id='word_1_477' title='bbox 1530 989 1587 1017; x_wconf 91' lang='lat' dir='ltr'>loco</span> <span class='ocrx_word' id='word_1_478' title='bbox 1597 988 1718 1028; x_wconf 86' lang='lat' dir='ltr'>deposita</span> <span class='ocrx_word' id='word_1_479' title='bbox 1731 994 1816 1024; x_wconf 84' lang='lat' dir='ltr'>erant,</span> 
     </span>
     <span class='ocr_line' id='line_1_76' title="bbox 1072 1034 1816 1076; baseline -0.003 -12"><span class='ocrx_word' id='word_1_480' title='bbox 1072 1036 1199 1065; x_wconf 84' lang='lat' dir='ltr'>laudibus</span> <span class='ocrx_word' id='word_1_481' title='bbox 1212 1036 1380 1065; x_wconf 85' lang='lat' dir='ltr'>commendat</span> <span class='ocrx_word' id='word_1_482' title='bbox 1396 1036 1615 1076; x_wconf 82' lang='lat' dir='ltr'>Chrysostomus,</span> <span class='ocrx_word' id='word_1_483' title='bbox 1632 1045 1777 1073; x_wconf 89' lang='lat' dir='ltr'>eorumque</span> <span class='ocrx_word' id='word_1_484' title='bbox 1788 1034 1816 1063; x_wconf 87' lang='lat' dir='ltr'>in</span> 
     </span>
     <span class='ocr_line' id='line_1_77' title="bbox 1072 1081 1818 1121; baseline -0.004 -10"><span class='ocrx_word' id='word_1_485' title='bbox 1072 1082 1206 1111; x_wconf 59' lang='lat' dir='ltr'>daemonas</span> <span class='ocrx_word' id='word_1_486' title='bbox 1217 1089 1242 1111; x_wconf 87' lang='lat' dir='ltr'>et</span> <span class='ocrx_word' id='word_1_487' title='bbox 1257 1083 1283 1111; x_wconf 95' lang='lat' dir='ltr'>in</span> <span class='ocrx_word' id='word_1_488' title='bbox 1292 1083 1399 1111; x_wconf 89' lang='lat' dir='ltr'>morbos</span> <span class='ocrx_word' id='word_1_489' title='bbox 1406 1082 1540 1120; x_wconf 88' lang='lat' dir='ltr'>quoslibet</span> <span class='ocrx_word' id='word_1_490' title='bbox 1550 1088 1704 1121; x_wconf 86' lang='lat' dir='ltr'>potestatem</span> <span class='ocrx_word' id='word_1_491' title='bbox 1715 1081 1818 1120; x_wconf 85' lang='lat' dir='ltr'>deprae-</span> 
     </span>
     <span class='ocr_line' id='line_1_78' title="bbox 1074 1127 1817 1167; baseline -0.003 -10"><span class='ocrx_word' id='word_1_492' title='bbox 1074 1128 1144 1157; x_wconf 87' lang='lat' dir='ltr'>dicat</span> <span class='ocrx_word' id='word_1_493' title='bbox 1154 1152 1160 1164; x_wconf 90' lang='lat'>,</span> <span class='ocrx_word' id='word_1_494' title='bbox 1175 1140 1205 1157; x_wconf 89' lang='lat' dir='ltr'>ac</span> <span class='ocrx_word' id='word_1_495' title='bbox 1218 1136 1344 1167; x_wconf 86' lang='lat' dir='ltr'>quantam</span> <span class='ocrx_word' id='word_1_496' title='bbox 1356 1140 1389 1157; x_wconf 83' lang='lat' dir='ltr'>ex</span> <span class='ocrx_word' id='word_1_497' title='bbox 1403 1139 1496 1157; x_wconf 86' lang='lat' dir='ltr'>eorum</span> <span class='ocrx_word' id='word_1_498' title='bbox 1512 1128 1588 1156; x_wconf 88' lang='lat' dir='ltr'>aditu</span> <span class='ocrx_word' id='word_1_499' title='bbox 1605 1128 1749 1156; x_wconf 88' lang='lat' dir='ltr'>utilitatem</span> <span class='ocrx_word' id='word_1_500' title='bbox 1764 1127 1817 1155; x_wconf 89' lang='lat' dir='ltr'>de-</span> 
     </span>
     <span class='ocr_line' id='line_1_79' title="bbox 1074 1172 1818 1214; baseline -0.004 -11"><span class='ocrx_word' id='word_1_501' title='bbox 1074 1185 1179 1214; x_wconf 86' lang='lat' dir='ltr'>cerpere</span> <span class='ocrx_word' id='word_1_502' title='bbox 1192 1175 1280 1209; x_wconf 86' lang='lat' dir='ltr'>liceat,</span> <span class='ocrx_word' id='word_1_503' title='bbox 1295 1175 1420 1213; x_wconf 87' lang='lat' dir='ltr'>pluribus</span> <span class='ocrx_word' id='word_1_504' title='bbox 1428 1176 1548 1213; x_wconf 79' lang='lat' dir='ltr'>exponit.</span> <span class='ocrx_word' id='word_1_505' title='bbox 1562 1175 1601 1202; x_wconf 88' lang='lat' dir='ltr'>De</span> <span class='ocrx_word' id='word_1_506' title='bbox 1609 1183 1689 1206; x_wconf 80' lang='lat' dir='ltr'>anno,</span> <span class='ocrx_word' id='word_1_507' title='bbox 1702 1172 1818 1210; x_wconf 83' lang='lat' dir='ltr'>quohaec</span> 
     </span>
     <span class='ocr_line' id='line_1_80' title="bbox 1073 1218 1787 1260; baseline -0.003 -12"><span class='ocrx_word' id='word_1_508' title='bbox 1073 1221 1244 1260; x_wconf 82' lang='lat' dir='ltr'>pronuntiata</span> <span class='ocrx_word' id='word_1_509' title='bbox 1256 1221 1348 1249; x_wconf 90' lang='lat' dir='ltr'>concio</span> <span class='ocrx_word' id='word_1_510' title='bbox 1365 1220 1426 1254; x_wconf 84' lang='lat' dir='ltr'>fuit,</span> <span class='ocrx_word' id='word_1_511' title='bbox 1441 1219 1509 1247; x_wconf 85' lang='lat' dir='ltr'>nihil</span> <span class='ocrx_word' id='word_1_512' title='bbox 1524 1229 1633 1258; x_wconf 89' lang='lat' dir='ltr'>prorsus</span> <span class='ocrx_word' id='word_1_513' title='bbox 1647 1218 1787 1246; x_wconf 79' lang='lat' dir='ltr'>habemus.</span> 
     </span>
    </p>

    <p class='ocr_par' dir='ltr' id='par_1_13' title="bbox 1110 1264 1927 1301">
     <span class='ocr_line' id='line_1_81' title="bbox 1110 1264 1927 1301; baseline -0.002 -7"><span class='ocrx_word' id='word_1_514' title='bbox 1110 1266 1256 1295; x_wconf 85' lang='lat' dir='ltr'>Homiliam</span> <span class='ocrx_word' id='word_1_515' title='bbox 1269 1267 1295 1294; x_wconf 91' lang='lat' dir='ltr'>in</span> <span class='ocrx_word' id='word_1_516' title='bbox 1307 1274 1383 1295; x_wconf 59' lang='lat' dir='ltr'>terrae</span> <span class='ocrx_word' id='word_1_517' title='bbox 1396 1273 1498 1294; x_wconf 90' lang='lat' dir='ltr'>motum</span> <span class='ocrx_word' id='word_1_518' title='bbox 1509 1266 1589 1294; x_wconf 88' lang='lat' dir='ltr'>etiam</span> <span class='ocrx_word' id='word_1_519' title='bbox 1604 1264 1738 1293; x_wconf 88' lang='lat' dir='ltr'>edidimus</span> <span class='ocrx_word' id='word_1_520' title='bbox 1750 1264 1818 1293; x_wconf 89' lang='lat' dir='ltr'>inter</span> <span class='ocrx_word' id='word_1_521' title='bbox 1869 1280 1927 1301; x_wconf 74' lang='lat' dir='ltr'>Itum</span> 
     </span>
    </p>

    <p class='ocr_par' dir='ltr' id='par_1_14' title="bbox 1075 1310 1926 2362">
     <span class='ocr_line' id='line_1_82' title="bbox 1076 1310 1884 1350; baseline -0.004 -9"><span class='ocrx_word' id='word_1_522' title='bbox 1076 1311 1222 1341; x_wconf 83' lang='lat' dir='ltr'>Conciones</span> <span class='ocrx_word' id='word_1_523' title='bbox 1233 1313 1266 1341; x_wconf 90' lang='lat' dir='ltr'>de</span> <span class='ocrx_word' id='word_1_524' title='bbox 1278 1313 1385 1348; x_wconf 83' lang='lat' dir='ltr'>Lazaro,</span> <span class='ocrx_word' id='word_1_525' title='bbox 1397 1312 1443 1340; x_wconf 90' lang='lat' dir='ltr'>ubi</span> <span class='ocrx_word' id='word_1_526' title='bbox 1456 1311 1548 1340; x_wconf 84' lang='lat' dir='ltr'>multis</span> <span class='ocrx_word' id='word_1_527' title='bbox 1559 1319 1615 1340; x_wconf 90' lang='lat' dir='ltr'>tum</span> <span class='ocrx_word' id='word_1_528' title='bbox 1623 1310 1818 1350; x_wconf 86' lang='lat' dir='ltr'>Chrysostomi‚</span> <span class='ocrx_word' id='word_1_529' title='bbox 1830 1311 1884 1331; x_wconf 49' lang='lat'>³¹³2</span> 
     </span>
     <span class='ocr_line' id='line_1_83' title="bbox 1077 1342 1926 1397; baseline -0.001 -10"><span class='ocrx_word' id='word_1_530' title='bbox 1077 1366 1134 1387; x_wconf 88' lang='lat' dir='ltr'>tum</span> <span class='ocrx_word' id='word_1_531' title='bbox 1150 1359 1265 1387; x_wconf 85' lang='lat' dir='ltr'>aliorum</span> <span class='ocrx_word' id='word_1_532' title='bbox 1286 1359 1444 1387; x_wconf 88' lang='lat' dir='ltr'>testimoniis</span> <span class='ocrx_word' id='word_1_533' title='bbox 1459 1359 1633 1397; x_wconf 84' lang='lat' dir='ltr'>probavimus</span> <span class='ocrx_word' id='word_1_534' title='bbox 1650 1357 1819 1386; x_wconf 84' lang='lat' dir='ltr'>Antiochiam</span> <span class='ocrx_word' id='word_1_535' title='bbox 1830 1342 1926 1370; x_wconf 38' lang='lat'>‘²⁴³7</span> 
     </span>
     <span class='ocr_line' id='line_1_84' title="bbox 1075 1403 1820 1443; baseline -0.001 -10"><span class='ocrx_word' id='word_1_536' title='bbox 1075 1405 1260 1443; x_wconf 85' lang='lat' dir='ltr'>frequentibus</span> <span class='ocrx_word' id='word_1_537' title='bbox 1269 1412 1345 1433; x_wconf 59' lang='lat' dir='ltr'>terrae</span> <span class='ocrx_word' id='word_1_538' title='bbox 1352 1405 1468 1432; x_wconf 86' lang='lat' dir='ltr'>motibus</span> <span class='ocrx_word' id='word_1_539' title='bbox 1477 1414 1629 1433; x_wconf 87' lang='lat' dir='ltr'>succussam</span> <span class='ocrx_word' id='word_1_540' title='bbox 1637 1403 1726 1438; x_wconf 62' lang='lat' dir='ltr'>fuisse,</span> <span class='ocrx_word' id='word_1_541' title='bbox 1736 1403 1820 1432; x_wconf 86' lang='lat' dir='ltr'>maxi-</span> 
     </span>
     <span class='ocr_line' id='line_1_85' title="bbox 1077 1449 1820 1488; baseline -0.003 -11"><span class='ocrx_word' id='word_1_542' title='bbox 1077 1460 1170 1487; x_wconf 86' lang='lat' dir='ltr'>meque</span> <span class='ocrx_word' id='word_1_543' title='bbox 1191 1449 1374 1488; x_wconf 85' lang='lat' dir='ltr'>Chrysostomi</span> <span class='ocrx_word' id='word_1_544' title='bbox 1390 1459 1458 1477; x_wconf 56' lang='lat' dir='ltr'>aevo.</span> <span class='ocrx_word' id='word_1_545' title='bbox 1480 1449 1505 1476; x_wconf 89' lang='lat' dir='ltr'>Is</span> <span class='ocrx_word' id='word_1_546' title='bbox 1517 1455 1606 1476; x_wconf 83' lang='lat' dir='ltr'>autem</span> <span class='ocrx_word' id='word_1_547' title='bbox 1623 1455 1698 1476; x_wconf 83' lang='lat' dir='ltr'>terrae</span> <span class='ocrx_word' id='word_1_548' title='bbox 1713 1454 1801 1476; x_wconf 87' lang='lat' dir='ltr'>motus</span> <span class='ocrx_word' id='word_1_549' title='bbox 1812 1469 1820 1483; x_wconf 95' lang='lat'>,</span> 
     </span>
     <span class='ocr_line' id='line_1_86' title="bbox 1077 1494 1821 1533; baseline 0 -11"><span class='ocrx_word' id='word_1_550' title='bbox 1077 1494 1110 1523; x_wconf 89' lang='lat' dir='ltr'>de</span> <span class='ocrx_word' id='word_1_551' title='bbox 1126 1505 1178 1533; x_wconf 91' lang='lat' dir='ltr'>quo</span> <span class='ocrx_word' id='word_1_552' title='bbox 1191 1506 1261 1523; x_wconf 89' lang='lat' dir='ltr'>nunc</span> <span class='ocrx_word' id='word_1_553' title='bbox 1275 1495 1375 1533; x_wconf 76' lang='lat' dir='ltr'>agitur,</span> <span class='ocrx_word' id='word_1_554' title='bbox 1391 1501 1453 1523; x_wconf 87' lang='lat' dir='ltr'>tunc</span> <span class='ocrx_word' id='word_1_555' title='bbox 1467 1495 1564 1523; x_wconf 87' lang='lat' dir='ltr'>accidit</span> <span class='ocrx_word' id='word_1_556' title='bbox 1578 1505 1637 1523; x_wconf 88' lang='lat' dir='ltr'>cum</span> <span class='ocrx_word' id='word_1_557' title='bbox 1657 1495 1821 1533; x_wconf 85' lang='lat' dir='ltr'>Chrysosto-</span> 
     </span>
     <span class='ocr_line' id='line_1_87' title="bbox 1078 1540 1822 1579; baseline -0.001 -10"><span class='ocrx_word' id='word_1_558' title='bbox 1078 1551 1137 1569; x_wconf 85' lang='lat' dir='ltr'>mus</span> <span class='ocrx_word' id='word_1_559' title='bbox 1150 1552 1219 1579; x_wconf 73' lang='lat' dir='ltr'>aeger</span> <span class='ocrx_word' id='word_1_560' title='bbox 1231 1541 1256 1569; x_wconf 94' lang='lat' dir='ltr'>in</span> <span class='ocrx_word' id='word_1_561' title='bbox 1269 1541 1336 1569; x_wconf 85' lang='lat' dir='ltr'>lecto</span> <span class='ocrx_word' id='word_1_562' title='bbox 1349 1541 1538 1569; x_wconf 79' lang='lat' dir='ltr'>decumberet:</span> <span class='ocrx_word' id='word_1_563' title='bbox 1553 1541 1597 1578; x_wconf 88' lang='lat' dir='ltr'>qui</span> <span class='ocrx_word' id='word_1_564' title='bbox 1614 1547 1643 1568; x_wconf 91' lang='lat' dir='ltr'>ut</span> <span class='ocrx_word' id='word_1_565' title='bbox 1654 1540 1750 1569; x_wconf 88' lang='lat' dir='ltr'>ardens</span> <span class='ocrx_word' id='word_1_566' title='bbox 1764 1546 1822 1568; x_wconf 85' lang='lat' dir='ltr'>erat.</span> 
     </span>
     <span class='ocr_line' id='line_1_88' title="bbox 1077 1586 1822 1626; baseline -0.001 -11"><span class='ocrx_word' id='word_1_567' title='bbox 1077 1586 1166 1616; x_wconf 91' lang='lat' dir='ltr'>studio</span> <span class='ocrx_word' id='word_1_568' title='bbox 1177 1587 1342 1615; x_wconf 83' lang='lat' dir='ltr'>instituendae</span> <span class='ocrx_word' id='word_1_569' title='bbox 1354 1587 1447 1626; x_wconf 85' lang='lat' dir='ltr'>plebis,</span> <span class='ocrx_word' id='word_1_570' title='bbox 1454 1594 1575 1615; x_wconf 81' lang='lat' dir='ltr'>moestam</span> <span class='ocrx_word' id='word_1_571' title='bbox 1586 1587 1660 1614; x_wconf 82' lang='lat' dir='ltr'>illam</span> <span class='ocrx_word' id='word_1_572' title='bbox 1671 1596 1779 1614; x_wconf 81' lang='lat' dir='ltr'>cernens</span> <span class='ocrx_word' id='word_1_573' title='bbox 1786 1586 1822 1614; x_wconf 91' lang='lat' dir='ltr'>ob</span> 
     </span>
     <span class='ocr_line' id='line_1_89' title="bbox 1079 1631 1822 1672; baseline -0.001 -11"><span class='ocrx_word' id='word_1_574' title='bbox 1079 1633 1245 1672; x_wconf 79' lang='lat' dir='ltr'>ingruentem</span> <span class='ocrx_word' id='word_1_575' title='bbox 1257 1633 1445 1668; x_wconf 78' lang='lat' dir='ltr'>calamitatem,</span> <span class='ocrx_word' id='word_1_576' title='bbox 1458 1633 1531 1661; x_wconf 88' lang='lat' dir='ltr'>nullo</span> <span class='ocrx_word' id='word_1_577' title='bbox 1539 1633 1649 1661; x_wconf 82' lang='lat' dir='ltr'>affectus</span> <span class='ocrx_word' id='word_1_578' title='bbox 1662 1631 1747 1661; x_wconf 88' lang='lat' dir='ltr'>morbi</span> <span class='ocrx_word' id='word_1_579' title='bbox 1758 1642 1822 1660; x_wconf 88' lang='lat' dir='ltr'>sen-</span> 
     </span>
     <span class='ocr_line' id='line_1_90' title="bbox 1079 1677 1823 1718; baseline -0.001 -11"><span class='ocrx_word' id='word_1_580' title='bbox 1079 1691 1122 1716; x_wconf 84' lang='lat' dir='ltr'>su,</span> <span class='ocrx_word' id='word_1_581' title='bbox 1135 1679 1168 1708; x_wconf 82' lang='lat' dir='ltr'>ad</span> <span class='ocrx_word' id='word_1_582' title='bbox 1182 1690 1287 1718; x_wconf 81' lang='lat' dir='ltr'>gregem</span> <span class='ocrx_word' id='word_1_583' title='bbox 1299 1679 1452 1708; x_wconf 87' lang='lat' dir='ltr'>advolavit:</span> <span class='ocrx_word' id='word_1_584' title='bbox 1465 1679 1537 1717; x_wconf 88' lang='lat' dir='ltr'>quod</span> <span class='ocrx_word' id='word_1_585' title='bbox 1550 1679 1659 1717; x_wconf 86' lang='lat' dir='ltr'>quidem</span> <span class='ocrx_word' id='word_1_586' title='bbox 1676 1679 1721 1707; x_wconf 86' lang='lat' dir='ltr'>itte</span> <span class='ocrx_word' id='word_1_587' title='bbox 1735 1677 1823 1707; x_wconf 88' lang='lat' dir='ltr'>innuit</span> 
     </span>
     <span class='ocr_line' id='line_1_91' title="bbox 1084 1725 1824 1764; baseline -0.004 -10"><span class='ocrx_word' id='word_1_588' title='bbox 1084 1736 1144 1754; x_wconf 87' lang='lat' dir='ltr'>cum</span> <span class='ocrx_word' id='word_1_589' title='bbox 1157 1727 1194 1754; x_wconf 89' lang='lat' dir='ltr'>ait</span> <span class='ocrx_word' id='word_1_590' title='bbox 1209 1737 1214 1751; x_wconf 73' lang='grc' dir='ltr'><strong><em>ε</em></strong></span> <span class='ocrx_word' id='word_1_591' title='bbox 1232 1727 1317 1754; x_wconf 78' lang='lat' dir='ltr'>l&#39;erhi</span> <span class='ocrx_word' id='word_1_592' title='bbox 1330 1727 1465 1754; x_wconf 81' lang='lat' dir='ltr'>doctrina.</span> <span class='ocrx_word' id='word_1_593' title='bbox 1477 1726 1674 1764; x_wconf 63' lang='lat' dir='ltr'>:egritudinem</span> <span class='ocrx_word' id='word_1_594' title='bbox 1687 1734 1781 1752; x_wconf 84' lang='lat' dir='ltr'>meam</span> <span class='ocrx_word' id='word_1_595' title='bbox 1791 1725 1824 1752; x_wconf 85' lang='lat' dir='ltr'>in</span> 
     </span>
     <span class='ocr_line' id='line_1_92' title="bbox 1081 1771 1823 1809; baseline -0.004 -9"><span class='ocrx_word' id='word_1_596' title='bbox 1081 1774 1186 1800; x_wconf 81' lang='lat' dir='ltr'>bonam</span> <span class='ocrx_word' id='word_1_597' title='bbox 1202 1771 1404 1800; x_wconf 74' lang='lat' dir='ltr'>valetudinem</span> <span class='ocrx_word' id='word_1_598' title='bbox 1421 1773 1552 1800; x_wconf 66' lang='lat' dir='ltr'>mutavit.</span> <span class='ocrx_word' id='word_1_599' title='bbox 1580 1771 1642 1798; x_wconf 68' lang='lat' dir='ltr'>Haec</span> <span class='ocrx_word' id='word_1_600' title='bbox 1656 1781 1736 1809; x_wconf 85' lang='lat' dir='ltr'>porro</span> <span class='ocrx_word' id='word_1_601' title='bbox 1761 1780 1823 1809; x_wconf 64' lang='lat' dir='ltr'>con3</span> 
     </span>
     <span class='ocr_line' id='line_1_93' title="bbox 1080 1816 1824 1856; baseline -0.004 -10"><span class='ocrx_word' id='word_1_602' title='bbox 1080 1818 1121 1846; x_wconf 91' lang='lat' dir='ltr'>cio</span> <span class='ocrx_word' id='word_1_603' title='bbox 1133 1825 1206 1846; x_wconf 87' lang='lat' dir='ltr'>extra</span> <span class='ocrx_word' id='word_1_604' title='bbox 1220 1818 1312 1845; x_wconf 89' lang='lat' dir='ltr'>urbem</span> <span class='ocrx_word' id='word_1_605' title='bbox 1322 1818 1348 1845; x_wconf 93' lang='lat' dir='ltr'>in</span> <span class='ocrx_word' id='word_1_606' title='bbox 1357 1818 1446 1856; x_wconf 83' lang='lat' dir='ltr'>aliqua</span> <span class='ocrx_word' id='word_1_607' title='bbox 1458 1817 1641 1851; x_wconf 80' lang='lat' dir='ltr'>ecclesiarum,</span> <span class='ocrx_word' id='word_1_608' title='bbox 1651 1826 1716 1855; x_wconf 89' lang='lat' dir='ltr'>quas</span> <span class='ocrx_word' id='word_1_609' title='bbox 1730 1816 1824 1855; x_wconf 88' lang='lat' dir='ltr'>populi</span> 
     </span>
     <span class='ocr_line' id='line_1_94' title="bbox 1083 1861 1823 1903; baseline -0.004 -11"><span class='ocrx_word' id='word_1_610' title='bbox 1083 1864 1239 1893; x_wconf 74' lang='lat' dir='ltr'>Antiocleni</span> <span class='ocrx_word' id='word_1_611' title='bbox 1264 1864 1361 1903; x_wconf 87' lang='lat' dir='ltr'>pietate</span> <span class='ocrx_word' id='word_1_612' title='bbox 1375 1863 1449 1892; x_wconf 88' lang='lat' dir='ltr'>ducti</span> <span class='ocrx_word' id='word_1_613' title='bbox 1467 1862 1680 1901; x_wconf 77' lang='lat' dir='ltr'>frequentabant,</span> <span class='ocrx_word' id='word_1_614' title='bbox 1702 1861 1823 1890; x_wconf 84' lang='lat' dir='ltr'>habitam</span> 
     </span>
     <span class='ocr_line' id='line_1_95' title="bbox 1082 1907 1823 1948; baseline -0.004 -10"><span class='ocrx_word' id='word_1_615' title='bbox 1082 1910 1172 1943; x_wconf 79' lang='lat' dir='ltr'>fuisse,</span> <span class='ocrx_word' id='word_1_616' title='bbox 1186 1909 1297 1938; x_wconf 81' lang='lat' dir='ltr'>suadent</span> <span class='ocrx_word' id='word_1_617' title='bbox 1311 1920 1361 1937; x_wconf 92' lang='lat' dir='ltr'>non</span> <span class='ocrx_word' id='word_1_618' title='bbox 1378 1919 1461 1948; x_wconf 85' lang='lat' dir='ltr'>pauca</span> <span class='ocrx_word' id='word_1_619' title='bbox 1474 1909 1660 1948; x_wconf 83' lang='lat' dir='ltr'>Chrysostomi</span> <span class='ocrx_word' id='word_1_620' title='bbox 1673 1908 1764 1943; x_wconf 87' lang='lat' dir='ltr'>verba,</span> <span class='ocrx_word' id='word_1_621' title='bbox 1776 1907 1823 1946; x_wconf 92' lang='lat' dir='ltr'>qui</span> 
     </span>
     <span class='ocr_line' id='line_1_96' title="bbox 1083 1955 1870 1995; baseline -0.001 -11"><span class='ocrx_word' id='word_1_622' title='bbox 1083 1956 1213 1995; x_wconf 88' lang='lat' dir='ltr'>populum</span> <span class='ocrx_word' id='word_1_623' title='bbox 1226 1967 1278 1984; x_wconf 87' lang='lat' dir='ltr'>non</span> <span class='ocrx_word' id='word_1_624' title='bbox 1295 1956 1373 1984; x_wconf 84' lang='lat' dir='ltr'>semel</span> <span class='ocrx_word' id='word_1_625' title='bbox 1389 1955 1481 1984; x_wconf 82' lang='lat' dir='ltr'>laudat</span> <span class='ocrx_word' id='word_1_626' title='bbox 1496 1956 1530 1984; x_wconf 93' lang='lat' dir='ltr'>ob</span> <span class='ocrx_word' id='word_1_627' title='bbox 1544 1962 1697 1994; x_wconf 83' lang='lat' dir='ltr'>susceptum</span> <span class='ocrx_word' id='word_1_628' title='bbox 1711 1955 1823 1983; x_wconf 85' lang='lat' dir='ltr'>audien·</span> <span class='ocrx_word' id='word_1_629' title='bbox 1835 1971 1870 1989; x_wconf 61' lang='grc' dir='ltr'>ης</span> 
     </span>
     <span class='ocr_line' id='line_1_97' title="bbox 1083 2001 1822 2038; baseline -0.004 -7"><span class='ocrx_word' id='word_1_630' title='bbox 1083 2003 1110 2031; x_wconf 92' lang='lat' dir='ltr'>di</span> <span class='ocrx_word' id='word_1_631' title='bbox 1126 2013 1204 2031; x_wconf 85' lang='lat' dir='ltr'>eausa</span> <span class='ocrx_word' id='word_1_632' title='bbox 1219 2004 1320 2032; x_wconf 88' lang='lat' dir='ltr'>itineris</span> <span class='ocrx_word' id='word_1_633' title='bbox 1331 2003 1450 2031; x_wconf 78' lang='lat' dir='ltr'>laborem</span> <span class='ocrx_word' id='word_1_634' title='bbox 1465 2001 1578 2030; x_wconf 86' lang='lat' dir='ltr'>multum</span> <span class='ocrx_word' id='word_1_635' title='bbox 1593 2008 1672 2038; x_wconf 86' lang='lat' dir='ltr'>atque</span> <span class='ocrx_word' id='word_1_636' title='bbox 1686 2001 1822 2029; x_wconf 83' lang='lat' dir='ltr'>sudorem.</span> 
     </span>
     <span class='ocr_line' id='line_1_98' title="bbox 1083 2047 1824 2086; baseline -0.004 -9"><span class='ocrx_word' id='word_1_637' title='bbox 1083 2050 1113 2077; x_wconf 91' lang='lat' dir='ltr'>In</span> <span class='ocrx_word' id='word_1_638' title='bbox 1127 2048 1200 2077; x_wconf 89' lang='lat' dir='ltr'>hunc</span> <span class='ocrx_word' id='word_1_639' title='bbox 1214 2060 1277 2078; x_wconf 81' lang='lat' dir='ltr'>vero</span> <span class='ocrx_word' id='word_1_640' title='bbox 1292 2056 1366 2078; x_wconf 80' lang='lat' dir='ltr'>terrae</span> <span class='ocrx_word' id='word_1_641' title='bbox 1388 2054 1491 2076; x_wconf 90' lang='lat' dir='ltr'>motum</span> <span class='ocrx_word' id='word_1_642' title='bbox 1512 2057 1540 2075; x_wconf 91' lang='lat' dir='ltr'>se</span> <span class='ocrx_word' id='word_1_643' title='bbox 1553 2047 1631 2075; x_wconf 79' lang='lat' dir='ltr'>etiam</span> <span class='ocrx_word' id='word_1_644' title='bbox 1652 2047 1739 2086; x_wconf 89' lang='lat' dir='ltr'>pridie</span> <span class='ocrx_word' id='word_1_645' title='bbox 1757 2057 1824 2075; x_wconf 90' lang='lat' dir='ltr'>eon-</span> 
     </span>
     <span class='ocr_line' id='line_1_99' title="bbox 1084 2092 1824 2132; baseline -0.004 -9"><span class='ocrx_word' id='word_1_646' title='bbox 1084 2095 1218 2123; x_wconf 85' lang='lat' dir='ltr'>cionatum</span> <span class='ocrx_word' id='word_1_647' title='bbox 1231 2106 1285 2124; x_wconf 89' lang='lat' dir='ltr'>esse</span> <span class='ocrx_word' id='word_1_648' title='bbox 1301 2095 1458 2123; x_wconf 85' lang='lat' dir='ltr'>testificatur</span> <span class='ocrx_word' id='word_1_649' title='bbox 1473 2093 1681 2132; x_wconf 77' lang='lat' dir='ltr'>Chrysostomus</span> <span class='ocrx_word' id='word_1_650' title='bbox 1692 2093 1718 2120; x_wconf 91' lang='lat' dir='ltr'>in</span> <span class='ocrx_word' id='word_1_651' title='bbox 1731 2092 1824 2120; x_wconf 81' lang='lat' dir='ltr'>eadem</span> 
     </span>
     <span class='ocr_line' id='line_1_100' title="bbox 1084 2137 1823 2178; baseline -0.004 -9"><span class='ocrx_word' id='word_1_652' title='bbox 1084 2141 1220 2169; x_wconf 87' lang='lat' dir='ltr'>concione.</span> <span class='ocrx_word' id='word_1_653' title='bbox 1246 2143 1362 2175; x_wconf 90' lang='lat' dir='ltr'>Annum,</span> <span class='ocrx_word' id='word_1_654' title='bbox 1377 2151 1430 2178; x_wconf 87' lang='lat' dir='ltr'>quo</span> <span class='ocrx_word' id='word_1_655' title='bbox 1445 2139 1490 2167; x_wconf 87' lang='lat' dir='ltr'>hic</span> <span class='ocrx_word' id='word_1_656' title='bbox 1504 2146 1580 2167; x_wconf 84' lang='lat' dir='ltr'>terrae</span> <span class='ocrx_word' id='word_1_657' title='bbox 1602 2145 1690 2167; x_wconf 87' lang='lat' dir='ltr'>motus</span> <span class='ocrx_word' id='word_1_658' title='bbox 1705 2137 1823 2173; x_wconf 89' lang='lat' dir='ltr'>accidit,</span> 
     </span>
     <span class='ocr_line' id='line_1_101' title="bbox 1085 2185 1824 2225; baseline -0.005 -10"><span class='ocrx_word' id='word_1_659' title='bbox 1085 2197 1117 2214; x_wconf 89' lang='lat' dir='ltr'>ne</span> <span class='ocrx_word' id='word_1_660' title='bbox 1143 2187 1294 2225; x_wconf 71' lang='lat' dir='ltr'>conjectura</span> <span class='ocrx_word' id='word_1_661' title='bbox 1320 2185 1428 2224; x_wconf 86' lang='lat' dir='ltr'>quidem</span> <span class='ocrx_word' id='word_1_662' title='bbox 1454 2185 1589 2223; x_wconf 84' lang='lat' dir='ltr'>assignare</span> <span class='ocrx_word' id='word_1_663' title='bbox 1611 2194 1752 2223; x_wconf 81' lang='lat' dir='ltr'>possumus</span> <span class='ocrx_word' id='word_1_664' title='bbox 1766 2195 1771 2210; x_wconf 81' lang='lat' dir='ltr'>z</span> <span class='ocrx_word' id='word_1_665' title='bbox 1791 2193 1824 2212; x_wconf 81' lang='lat' dir='ltr'>ex</span> 
     </span>
     <span class='ocr_line' id='line_1_102' title="bbox 1085 2229 1824 2271; baseline -0.003 -12"><span class='ocrx_word' id='word_1_666' title='bbox 1085 2232 1244 2270; x_wconf 66' lang='lat' dir='ltr'>aegritudine</span> <span class='ocrx_word' id='word_1_667' title='bbox 1264 2242 1378 2271; x_wconf 85' lang='lat' dir='ltr'>namque</span> <span class='ocrx_word' id='word_1_668' title='bbox 1400 2230 1584 2270; x_wconf 82' lang='lat' dir='ltr'>Chrysostomi</span> <span class='ocrx_word' id='word_1_669' title='bbox 1603 2230 1705 2258; x_wconf 88' lang='lat' dir='ltr'>nullam</span> <span class='ocrx_word' id='word_1_670' title='bbox 1728 2229 1824 2258; x_wconf 87' lang='lat' dir='ltr'>calculi</span> 
     </span>
     <span class='ocr_line' id='line_1_103' title="bbox 1085 2275 1825 2316; baseline -0.003 -10"><span class='ocrx_word' id='word_1_671' title='bbox 1085 2278 1201 2316; x_wconf 85' lang='lat' dir='ltr'>ponendi</span> <span class='ocrx_word' id='word_1_672' title='bbox 1213 2288 1303 2306; x_wconf 85' lang='lat' dir='ltr'>ansam</span> <span class='ocrx_word' id='word_1_673' title='bbox 1316 2277 1432 2316; x_wconf 85' lang='lat' dir='ltr'>arripere</span> <span class='ocrx_word' id='word_1_674' title='bbox 1442 2277 1503 2305; x_wconf 88' lang='lat' dir='ltr'>licet</span> <span class='ocrx_word' id='word_1_675' title='bbox 1514 2288 1518 2304; x_wconf 74' lang='grc' dir='ltr'>ε</span> <span class='ocrx_word' id='word_1_676' title='bbox 1530 2287 1589 2305; x_wconf 90' lang='lat' dir='ltr'>nam</span> <span class='ocrx_word' id='word_1_677' title='bbox 1599 2275 1762 2305; x_wconf 87' lang='lat' dir='ltr'>valetudinis</span> <span class='ocrx_word' id='word_1_678' title='bbox 1773 2286 1825 2304; x_wconf 90' lang='lat' dir='ltr'>non</span> 
     </span>
     <span class='ocr_line' id='line_1_104' title="bbox 1084 2321 1790 2362; baseline -0.004 -9"><span class='ocrx_word' id='word_1_679' title='bbox 1084 2332 1124 2353; x_wconf 88' lang='lat' dir='ltr'>sat</span> <span class='ocrx_word' id='word_1_680' title='bbox 1138 2324 1221 2352; x_wconf 78' lang='lat' dir='ltr'>sirmae</span> <span class='ocrx_word' id='word_1_681' title='bbox 1237 2324 1290 2357; x_wconf 77' lang='lat' dir='ltr'>vir,</span> <span class='ocrx_word' id='word_1_682' title='bbox 1307 2334 1376 2362; x_wconf 72' lang='lat' dir='ltr'>s‘epe</span> <span class='ocrx_word' id='word_1_683' title='bbox 1390 2334 1449 2351; x_wconf 84' lang='lat' dir='ltr'>cum</span> <span class='ocrx_word' id='word_1_684' title='bbox 1464 2323 1563 2351; x_wconf 89' lang='lat' dir='ltr'>morbis</span> <span class='ocrx_word' id='word_1_685' title='bbox 1579 2321 1790 2351; x_wconf 85' lang='lat' dir='ltr'>conflictabatur.</span> 
     </span>
    </p>

    <p class='ocr_par' dir='ltr' id='par_1_15' title="bbox 1086 2366 1927 2592">
     <span class='ocr_line' id='line_1_105' title="bbox 1124 2366 1927 2404; baseline -0.002 -7"><span class='ocrx_word' id='word_1_686' title='bbox 1124 2370 1268 2398; x_wconf 87' lang='lat' dir='ltr'>Homiliam</span> <span class='ocrx_word' id='word_1_687' title='bbox 1285 2370 1328 2398; x_wconf 90' lang='lat' dir='ltr'>eui</span> <span class='ocrx_word' id='word_1_688' title='bbox 1344 2369 1438 2397; x_wconf 87' lang='lat' dir='ltr'>titulus</span> <span class='ocrx_word' id='word_1_689' title='bbox 1456 2375 1494 2396; x_wconf 87' lang='lat' dir='ltr'>est</span> <span class='ocrx_word' id='word_1_690' title='bbox 1509 2381 1516 2395; x_wconf 91' lang='lat'><strong>:</strong></span> <span class='ocrx_word' id='word_1_691' title='bbox 1535 2370 1565 2396; x_wconf 83' lang='lat' dir='ltr'>in</span> <span class='ocrx_word' id='word_1_692' title='bbox 1582 2368 1675 2402; x_wconf 77' lang='lat' dir='ltr'>illud,</span> <span class='ocrx_word' id='word_1_693' title='bbox 1692 2369 1785 2401; x_wconf 86' lang='lat' dir='ltr'>Pater,</span> <span class='ocrx_word' id='word_1_694' title='bbox 1803 2366 1825 2396; x_wconf 85' lang='lat' dir='ltr'>si</span> <span class='ocrx_word' id='word_1_695' title='bbox 1838 2373 1927 2404; x_wconf 78' lang='lat' dir='ltr'>T.3.p.</span> 
     </span>
     <span class='ocr_line' id='line_1_106' title="bbox 1086 2413 1825 2454; baseline -0.004 -11"><span class='ocrx_word' id='word_1_696' title='bbox 1086 2415 1212 2454; x_wconf 88' lang='lat' dir='ltr'>possibile</span> <span class='ocrx_word' id='word_1_697' title='bbox 1228 2422 1276 2448; x_wconf 91' lang='lat' dir='ltr'>cst,</span> <span class='ocrx_word' id='word_1_698' title='bbox 1294 2421 1408 2442; x_wconf 85' lang='lat' dir='ltr'>transeat</span> <span class='ocrx_word' id='word_1_699' title='bbox 1423 2425 1437 2442; x_wconf 85' lang='lat' dir='ltr'>a</span> <span class='ocrx_word' id='word_1_700' title='bbox 1453 2424 1495 2442; x_wconf 89' lang='lat' dir='ltr'>me</span> <span class='ocrx_word' id='word_1_701' title='bbox 1514 2414 1586 2442; x_wconf 76' lang='lat' dir='ltr'>calix</span> <span class='ocrx_word' id='word_1_702' title='bbox 1601 2413 1668 2441; x_wconf 84' lang='lat' dir='ltr'>iste:</span> <span class='ocrx_word' id='word_1_703' title='bbox 1687 2419 1825 2441; x_wconf 87' lang='lat' dir='ltr'>verumta-</span> 
     </span>
     <span class='ocr_line' id='line_1_107' title="bbox 1087 2459 1826 2499; baseline -0.005 -9"><span class='ocrx_word' id='word_1_704' title='bbox 1087 2473 1146 2490; x_wconf 89' lang='lat' dir='ltr'>men</span> <span class='ocrx_word' id='word_1_705' title='bbox 1163 2472 1214 2490; x_wconf 92' lang='lat' dir='ltr'>non</span> <span class='ocrx_word' id='word_1_706' title='bbox 1228 2461 1297 2489; x_wconf 91' lang='lat' dir='ltr'>sicut</span> <span class='ocrx_word' id='word_1_707' title='bbox 1316 2471 1364 2499; x_wconf 80' lang='lat' dir='ltr'>ego</span> <span class='ocrx_word' id='word_1_708' title='bbox 1384 2460 1455 2493; x_wconf 78' lang='lat' dir='ltr'>volo,</span> <span class='ocrx_word' id='word_1_709' title='bbox 1474 2459 1519 2488; x_wconf 89' lang='lat' dir='ltr'>sed</span> <span class='ocrx_word' id='word_1_710' title='bbox 1533 2460 1600 2488; x_wconf 87' lang='lat' dir='ltr'>sicut</span> <span class='ocrx_word' id='word_1_711' title='bbox 1620 2466 1645 2487; x_wconf 87' lang='lat' dir='ltr'>tu</span> <span class='ocrx_word' id='word_1_712' title='bbox 1662 2471 1667 2486; x_wconf 92' lang='lat'>:</span> <span class='ocrx_word' id='word_1_713' title='bbox 1683 2465 1711 2487; x_wconf 83' lang='lat' dir='ltr'>et</span> <span class='ocrx_word' id='word_1_714' title='bbox 1725 2465 1826 2487; x_wconf 85' lang='lat' dir='ltr'>contra</span> 
     </span>
     <span class='ocr_line' id='line_1_108' title="bbox 1087 2506 1826 2544; baseline -0.003 -8"><span class='ocrx_word' id='word_1_715' title='bbox 1087 2510 1294 2536; x_wconf 68' lang='lat' dir='ltr'>marcionistas</span> <span class='ocrx_word' id='word_1_716' title='bbox 1312 2514 1339 2535; x_wconf 84' lang='lat' dir='ltr'>et</span> <span class='ocrx_word' id='word_1_717' title='bbox 1354 2507 1546 2541; x_wconf 78' lang='lat' dir='ltr'>Manichaeos,</span> <span class='ocrx_word' id='word_1_718' title='bbox 1564 2513 1590 2534; x_wconf 85' lang='lat' dir='ltr'>et</span> <span class='ocrx_word' id='word_1_719' title='bbox 1605 2506 1684 2544; x_wconf 81' lang='lat' dir='ltr'>quod</span> <span class='ocrx_word' id='word_1_720' title='bbox 1697 2507 1826 2543; x_wconf 78' lang='lat' dir='ltr'>ingerere</span> 
     </span>
     <span class='ocr_line' id='line_1_109' title="bbox 1086 2551 1823 2592; baseline -0.007 -9"><span class='ocrx_word' id='word_1_721' title='bbox 1086 2564 1117 2583; x_wconf 79' lang='lat' dir='ltr'>se</span> <span class='ocrx_word' id='word_1_722' title='bbox 1130 2555 1267 2592; x_wconf 81' lang='lat' dir='ltr'>periculis</span> <span class='ocrx_word' id='word_1_723' title='bbox 1281 2564 1337 2581; x_wconf 80' lang='lat' dir='ltr'>non</span> <span class='ocrx_word' id='word_1_724' title='bbox 1350 2559 1492 2591; x_wconf 78' lang='lat' dir='ltr'>oporteat,</span> <span class='ocrx_word' id='word_1_725' title='bbox 1505 2551 1557 2581; x_wconf 82' lang='lat' dir='ltr'>sed</span> <span class='ocrx_word' id='word_1_726' title='bbox 1570 2554 1646 2579; x_wconf 82' lang='lat' dir='ltr'>omni</span> <span class='ocrx_word' id='word_1_727' title='bbox 1664 2551 1823 2587; x_wconf 72' lang='lat' dir='ltr'>voluntati,</span> 
     </span>
    </p>

    <p class='ocr_par' dir='ltr' id='par_1_16' title="bbox 1089 2597 1823 2638">
     <span class='ocr_line' id='line_1_110' title="bbox 1089 2597 1823 2638; baseline -0.007 -9"><span class='ocrx_word' id='word_1_728' title='bbox 1089 2603 1142 2629; x_wconf 73' lang='lat' dir='ltr'>Dei</span> <span class='ocrx_word' id='word_1_729' title='bbox 1157 2601 1338 2629; x_wconf 72' lang='lat' dir='ltr'>voluntatem</span> <span class='ocrx_word' id='word_1_730' title='bbox 1361 2600 1508 2638; x_wconf 69' lang='lat' dir='ltr'>anteferre</span> <span class='ocrx_word' id='word_1_731' title='bbox 1522 2611 1529 2626; x_wconf 73' lang='grc' dir='ltr'><em>ι</em></span> <span class='ocrx_word' id='word_1_732' title='bbox 1545 2598 1626 2636; x_wconf 80' lang='lat' dir='ltr'>hanc,</span> <span class='ocrx_word' id='word_1_733' title='bbox 1648 2597 1772 2636; x_wconf 84' lang='lat' dir='ltr'>inquam,</span> <span class='ocrx_word' id='word_1_734' title='bbox 1791 2608 1823 2625; x_wconf 83' lang='lat' dir='ltr'>an</span> 
     </span>
    </p>
   </div>
   <div class='ocr_carea' id='block_1_9' title="bbox 1906 0 1950 2922">
    <p class='ocr_par' dir='ltr' id='par_1_17' title="bbox 1906 0 1950 2922">
     <span class='ocr_line' id='line_1_111' title="bbox 1906 0 1950 2922; baseline 0 0"><span class='ocrx_word' id='word_1_735' title='bbox 1906 0 1950 2922; x_wconf 95' lang='lat' dir='ltr'> </span> 
     </span>
    </p>
   </div>
  </div>
 </body>
</html>
