1884 2922
739 208 839 230 INDEX
866 208 992 231 RERUM.

143 271 239 301 Joanni
252 277 326 299 erant
341 269 480 309 discipuli.
497 277 568 299 VIII.
582 271 746 300 123..lesum
757 270 840 299 secuti

102 322 176 351 sunt,
191 325 282 353 quare.
302 321 370 343 VIII.
389 319 450 342 123.
478 319 539 342 122.
565 319 625 343 125.
646 315 708 343 Post
729 321 840 342 mortem

100 360 237 398 llaptistae.
249 358 355 387 Christo
372 359 456 397 magis
471 358 648 387 adhaesorunt.
663 365 719 388 VII.
737 363 801 386 567.
816 367 840 385 Β.

102 404 209 432 Christo
221 402 377 431 invidebant
392 403 479 431 eaeteri
495 403 619 442 Baptistae
634 402 770 441 discipuli.
781 409 838 431 VII.

102 452 165 475 206.
178 458 204 476 c.
219 452 284 476 397.
301 458 328 476 c.
343 452 406 475 558.
424 457 451 474 E.
464 451 528 475 too.
545 458 571 475 c.
587 447 687 475 Christi
703 446 782 474 eiiam
797 445 842 474 di-

101 491 212 530 scipulis
234 491 400 520 invidebant.
423 497 492 519 VIII.
520 496 579 519 190.
604 502 630 518 A.
649 496 712 519 191.
735 489 841 518 Christo

100 545 153 563 non
168 535 321 564 credebant.
340 542 410 563 VIII.
428 540 489 563 198.
510 545 536 562 Ε.
555 546 579 562 A.
591 541 616 563 et
626 533 843 563 scandalizaban-

100 585 145 607 tur
155 579 182 606 in
194 590 234 607 eo.
245 586 302 607 ΠΙ.
313 583 378 607 461.
393 589 419 608 c.
435 581 488 607 Cur
497 578 644 617 discipulos
658 578 693 606 ad
705 578 842 606 Christum

100 623 202 652 miserit
220 625 342 653 Joannes.
364 630 420 651 Πι.
445 627 510 651 458.
528 633 556 653 E.
573 634 599 652 A.
618 624 708 658 Quare
728 622 788 660 quis
808 622 843 649 sit

99 667 265 706 interroget,
282 667 328 705 qui
343 667 431 705 ipsum
446 667 529 705 probe
544 673 662 695 noverat.
682 668 727 695 ΙΙ).
745 664 841 693 Redar-

101 718 221 749 guuntur
246 719 271 739 et
297 711 469 739 confutantur
492 710 538 748 qui
563 710 688 738 dicebaut
711 710 841 739 Joannem

101 754 237 793 ignorasse
254 754 327 792 quod
341 756 418 784 Jesus
431 765 479 793 pro
493 753 648 781 hominibus
668 759 734 781 esset
760 752 842 780 mori-

99 809 154 827 rus.
169 806 227 828 ΠΙ.
244 803 380 828 torto-2.
398 798 526 826 Christus
543 807 735 837 przecursorem
752 795 842 824 defen-

100 842 150 870 dit.
170 850 230 871 vn.
245 848 309 872 466.
324 853 353 871 n.
371 847 434 871 467.

141 889 255 917 Joannes
269 888 388 926 Baptista
404 896 504 925 pauper
519 885 592 913 omni
614 885 736 913 libertate
752 893 840 922 regem

102 931 260 970 increpavit.
275 938 320 960 III.
340 935 402 959 225.
415 941 444 958 n.
460 930 583 967 quamvis
595 928 839 967 praevaricationem

98 975 230 1013 corrigere
238 985 288 1002 non
302 980 400 1013 posset.
415 978 478 1002 628.
498 984 524 1001 c.
541 974 666 1003 Joannes.
679 972 720 1000 vel
742 971 841 1009 degens

99 1019 126 1047 in
143 1028 263 1053 carcere,
278 1017 406 1045 molestus
422 1024 477 1045 erat
489 1015 644 1044 Herodiadi.
658 1023 691 1045 V.
706 1020 750 1044 40.
766 1016 841 1049 Quo-

98 1061 180 1090 modo
199 1061 324 1089 affectum
342 1060 423 1088 fuisse
437 1059 584 1088 verisimile
597 1065 635 1087 est
648 1057 780 1086 Herodem
796 1069 839 1086 re-

98 1105 259 1144 prehensum
269 1114 284 1131 a
294 1104 395 1132 vincto.
410 1110 455 1132 III.
474 1108 538 1132 608.
555 1115 581 1131 Α.
594 1102 701 1136 Quanta
715 1108 772 1129 erat
788 1102 840 1129 vii-

100 1156 144 1178 tus
160 1149 271 1187 captivi⁷
287 1155 385 1186 quanta
401 1147 508 1187 tyranni
519 1147 699 1175 imbecillitas.
716 1152 761 1174 III.
776 1150 838 1174 609.

98 1196 217 1225 Joannes
237 1194 384 1222 decollatus
405 1200 452 1221 est.
474 1199 518 1221 IV.
536 1197 603 1220 730.
618 1203 644 1220 A.
659 1199 718 1220 XII.
734 1196 797 1220 354.
811 1202 837 1220 c.

101 1238 198 1267 Occidi
224 1238 330 1272 maluit,
347 1247 427 1276 quam
444 1236 654 1275 pulcherrimam
666 1234 742 1263 illam
754 1235 841 1263 libere

98 1282 223 1320 loquendi
238 1281 392 1311 facultatem
412 1280 542 1309 amittere.
565 1286 612 1307 111.
637 1283 700 1307 608.
720 1289 750 1307 A.
767 1280 842 1307 Mar-

97 1332 142 1365 tyr
157 1325 202 1354 ille
218 1326 279 1360 fuit,
293 1331 319 1353 ct
334 1331 481 1363 martyrum
498 1323 612 1362 primus.
631 1330 665 1351 11.
683 1327 728 1351 22.
746 1333 771 1353 Β.
792 1330 837 1351 III.

98 1374 162 1398 628.
181 1380 206 1398 c.
235 1370 296 1398 Non
323 1375 412 1396 autem
433 1378 483 1406 pro
504 1373 598 1403 negato
620 1366 700 1394 idolis
736 1367 841 1395 incenso

99 1419 204 1451 martyr
221 1412 358 1441 occubuit.
374 1418 393 1439 1.
409 1416 474 1439 839.
493 1423 519 1439 A.
540 1410 618 1438 Illius
631 1411 689 1438 neci
701 1410 842 1449 Jerosuly-

98 1456 230 1485 mitannm
254 1455 391 1484 excidium
413 1454 545 1482 adscribit
565 1453 698 1492 Josephus
717 1454 839 1483 Judaeus.

98 1507 167 1529 VIII.
183 1505 228 1529 83.
244 1512 270 1529 A.
285 1504 332 1528 82.
349 1500 480 1529 Joanuem
494 1499 535 1526 vel
551 1505 688 1526 mortuum
704 1499 841 1527 metuebat

97 1544 224 1573 Herodes.
234 1551 291 1573 ΠΙ.
304 1548 369 1572 556.
384 1555 410 1571 A.
422 1544 493 1572 Nece
505 1543 583 1571 Iaesus
594 1553 644 1571 non
657 1543 706 1572 fuit
717 1545 841 1578 Joannes,

96 1588 143 1616 sed
167 1589 186 1616 ii
211 1587 258 1626 qui
278 1598 336 1616 eam
361 1586 506 1615 machinati
531 1593 602 1617 sunt.
630 1594 689 1615 VII.
718 1592 783 1616 562.
815 1599 840 1616 B.

97 1633 227 1661 Joannem
242 1631 343 1659 imitari
359 1640 508 1669 possumus.
524 1637 568 1658 lv.
588 1635 650 1658 117.
669 1641 696 1658 c.
711 1631 842 1669 Baptistze

99 1675 254 1713 sepulcrum
266 1681 360 1702 notum
376 1681 441 1702 erat.
460 1681 518 1702 XII.
539 1678 604 1701 338.
618 1684 642 1702 Β.

137 1719 264 1747 Joanm‘s
284 1719 424 1756 Baptistae
441 1719 599 1755 proeconia.
616 1724 647 1745 II.
662 1722 725 1746 848.
741 1719 843 1746 Evan-

95 1762 205 1800 gelizat
222 1768 250 1790 et
263 1763 448 1790 vaticinatur
462 1762 530 1789 dum
553 1763 584 1788 in
601 1768 682 1789 utero
696 1768 842 1800 gestatur,-

96 1806 157 1833 edit
179 1805 326 1833 miracula
342 1806 412 1833 dum
427 1807 570 1833 nascitur.
587 1805 627 1833 lb.
646 1812 715 1834 VIII.
734 1810 797 1834 986.
814 1817 840 1834 Α.

97 1850 222 1878 Joannis
246 1856 273 1877 et
289 1850 366 1877 Eliae
389 1849 563 1877 similitudo.
585 1856 618 1877 11.
646 1854 710 1878 944.
732 1861 756 1878 e.
777 1854 841 1878 945.

96 1894 233 1931 Baptista
257 1895 368 1922 coeteris
383 1894 493 1921 sanctis
514 1893 648 1931 aequalis.
668 1900 713 1922 Π.
731 1898 796 1922 854.
813 1904 840 1922 c.

96 1941 125 1965 2n
138 1936 189 1964 eol.
203 1937 336 1965 Joannes
348 1936 468 1974 ἀκρίδας,
486 1936 518 1963 id
532 1943 574 1964 est
586 1937 766 1965 summitates
779 1938 843 1965 her-

97 1986 199 2012 barum
212 2008 217 2018 ‚
231 1985 406 2013 comedebat.
428 1991 498 2014 VIII.
524 1989 588 2013 986.
606 1996 629 2013 n.
648 1991 710 2013 987.
727 1996 754 2014 c.
772 1985 843 2015 Vide

98 2029 249 2056 notam.lb.
265 2029 384 2066 Quanta
396 2030 457 2067 ejus
468 2030 536 2056 vita?
547 2032 698 2068 asperitas.
711 2029 753 2058 lb.
771 2031 842 2058 Tota

98 2073 178 2100 illius
192 2073 257 2100 vita
272 2073 418 2110 jejunium
433 2080 507 2101 erat.
531 2079 602 2100 ΠΙΙ.
622 2078 687 2102 871.
705 2083 723 2100 D
749 2074 843 2101 Joan-

96 2126 148 2144 nes
167 2126 228 2144 vox
243 2117 358 2144 deserti.
377 2123 410 2144 II.
429 2121 492 2144 966.
521 2117 655 2154 Quantas
670 2117 716 2144 illi
736 2117 840 2152 honor,

99 2160 168 2188 dum
186 2161 349 2198 baptizaret
371 2160 528 2190 Christum.
550 2161 594 2189 lb.
615 2162 767 2189 Trinitatis
781 2162 843 2200 glo-

97 2205 170 2230 riam
177 2204 263 2235 vidit,
273 2203 356 2231 illum
366 2205 531 2242 baptizans.
540 2209 676 2242 112948as.
686 2205 717 2232 A
727 2205 842 2233 Christo

99 2247 268 2284 baptizatus
288 2253 340 2282 est,
356 2253 388 2274 ut
408 2247 514 2285 legitur
537 2249 568 2274 in
587 2250 790 2276 secretioribus
805 2249 842 2276 li·-

105 2290 293 2318 bris.v1.773.
303 2300 326 2318 c.
336 2291 468 2319 Joannes
476 2293 565 2319 curin
575 2302 717 2320 carcerem
727 2293 840 2328 missus,

97 2340 125 2362 et
137 2340 239 2371 postea
251 2335 370 2361 occisus.
387 2340 457 2361 VIII.
471 2338 536 2362 603.
550 2345 611 2373 sqq.

137 2383 260 2411 JOANNIS
271 2381 439 2419 evangelistae
451 2383 548 2419 patria,
560 2392 630 2419 quae.
645 2389 715 2410 ΠΙΙ.
728 2388 754 2411 S.
770 2394 795 2412 Β.
816 2394 840 2411 c.

99 2427 202 2454 Nomen
221 2426 279 2464 ejus
295 2435 347 2453 non
364 2425 401 2452 ibi
415 2432 518 2453 notum.
538 2426 581 2453 lh.
595 2426 624 2453 In
639 2425 772 2464 principio
783 2426 842 2454 illi-

100 2477 198 2498 teratus
218 2476 284 2500 erat.
306 2476 376 2497 VIII.
401 2474 426 2496 8.
446 2479 474 2498 n.
497 2474 525 2497 9.
545 2469 660 2497 Joannes
680 2469 789 2497 tonitrui
804 2470 841 2497 fi-

99 2514 161 2542 lius.
178 2521 200 2541 I.
218 2517 280 2541 580.
296 2523 323 2541 c.
342 2519 387 2540 Iv.
407 2515 451 2541 14.
466 2522 494 2540 n.
513 2516 557 2540 21.
572 2522 601 2539 D.
619 2519 662 2540 VI.
678 2517 723 2541 82.
742 2524 767 2542 Β.
781 2515 842 2541 (Σιε-

99 2558 161 2586 teris
167 2555 306 2596 apostolis,
315 2556 395 2584 etiam
407 2555 487 2583 fratre
494 2565 541 2583 suo
548 2555 660 2593 Jacoho,
672 2557 757 2595 major
765 2558 842 2585 Juan-

99 2611 154 2630 nes.
166 2607 224 2629 ΠΙ.
243 2604 296 2628 416
324 2610 350 2628 13.
370 2601 446 2628 Petro
460 2600 560 2638 primas
575 2610 682 2639 semper
691 2600 772 2629 cedit.
784 2607 840 2631 VII.

1580 202 1648 248 237

898 275 962 298 731.
975 271 1071 299 Petrus
1092 272 1254 307 ferventior,
1271 271 1387 300 Joannes
1406 271 1567 302 sublimior.
1584 281 1644 304 Πιι

897 319 960 343 59⁷⁴.
975 326 1000 343 A.
1015 315 1180 344 Sublimiora
1198 315 1356 354 loquebatur
1369 316 1495 345 Joannes.
1507 324 1565 346 ΠΙ.
1576 323 1640 347 869.

903 369 932 387 A.
948 359 1057 387 Christo
1069 359 1215 388 admodum
1228 371 1306 389 carus
1319 360 1376 388 fuit.
1392 367 1438 388 III.
1454 365 1517 389 560.
1531 372 1555 390 Β.
1573 372 1641 399 qua-

897 413 933 430 re.
951 410 1018 431 VIII.
1035 408 1098 432 222.
1114 415 1140 432 c.
1160 409 1225 433 223.
1240 404 1308 433 Huic
1320 403 1481 432 beatitudini
1496 405 1565 433 nihil
1578 417 1636 444 par.

897 452 968 474 VIII.
984 451 1047 475 222.
1060 457 1084 475 c.
1100 448 1214 476 Joannes
1226 447 1299 485 quod
1310 447 1388 476 valde
1402 447 1568 487 diligeretur,
1579 449 1638 478 ideo

897 490 1094 528 praeemiuebat.
1121 498 1179 520 ΠΙ.
1213 496 1277 520 637.
1310 503 1335 520 A.
1365 493 1479 521 Joannes
1491 515 1499 527 ,
1517 493 1640 522 columna

896 534 1017 562 omnium
1035 535 1227 569 Ecelesiarum‚
1241 535 1298 563 caeli
1312 536 1400 564 claves
1415 536 1504 567 habet.
1524 544 1594 566 VIII.
1613 542 1638 566 2.

897 588 920 605 n.
940 578 1019 606 luam
1033 579 1067 606 sit
1079 590 1093 606 a
1105 581 1172 607 fastu
1183 579 1297 608 alienus.
1312 586 1382 608 VIII.
1400 585 1463 608 601.
1479 591 1506 608 A.
1520 591 1545 608 B.
1559 582 1644 610 Joan-

897 631 943 648 nes
957 631 1004 649 vas
1022 629 1155 656 sanctum,
1170 633 1250 661 supra
1270 629 1364 661 pectus
1380 623 1487 651 Domini
1505 625 1642 661 recubuit,

897 670 923 692 et
941 664 1049 693 divinos
1066 665 1128 693 inde
1144 665 1227 693 fontes
1243 665 1341 695 bausit.
1356 674 1374 695 I.
1391 671 1454 696 580.
1470 678 1496 697 c.
1512 670 1578 705 Cur,
1592 679 1643 696 cse-

896 708 960 736 teris
974 708 1264 744 timentibus‚Joannes
1275 711 1350 747 quasi
1373 710 1448 738 laetus
1462 711 1489 739 in
1504 711 1564 740 sinu
1579 713 1642 742 Jesu

895 752 1014 781 recubet.
1034 759 1104 781 VIII.
1122 757 1188 784 lus-2.
1201 764 1228 783 r..
1246 764 1273 781 A.
1287 755 1402 783 Joannes
1413 755 1528 783 mediam
1548 756 1641 785 Asiam

896 796 989 825 tenuit.
1001 803 1070 825 vni.
1089 802 1133 825 11.
1147 797 1318 836 Discipulum
1331 798 1485 836 quemdam,
1499 807 1588 838 postea
1602 800 1643 828 la-

895 847 1003 868 tronum
1015 839 1126 876 ducem,
1141 840 1174 868 ad
1189 841 1329 879 pristinam
1345 843 1472 871 virtutem
1488 851 1603 872 revocat.
1615 852 1637 872 I.

896 888 942 912 37.
960 895 986 912 E.
1005 895 1033 913 A.
1048 884 1164 913 Vivente
1179 886 1296 920 Joanne,
1314 886 1464 915 Jerusalem
1484 895 1522 914 est
1538 887 1639 916 diruta.

896 934 953 956 ΠΙ.
968 932 1032 956 766.
1049 939 1073 956 13.
1092 929 1160 956 Nam
1175 928 1209 956 ad
1224 930 1340 957 multum
1358 930 1392 958 ab
1408 929 1516 958 excidio
1534 932 1642 960 Jeroso-

894 971 1024 1009 lymitano
1048 977 1154 1010 tempus
1175 972 1259 1000 vitam
1283 972 1424 1011 produxit.
1450 981 1509 1002 VII.
1527 979 1593 1004 828.
1615 985 1641 1004 Β.

895 1017 951 1043 Cur
964 1014 998 1043 de
1015 1015 1063 1043 illo
1080 1015 1188 1044 excidio
1206 1016 1273 1044 nibil
1290 1017 1458 1056 przedixerit.
1481 1019 1524 1046 II).
1545 1018 1644 1047 Beatus

893 1059 1009 1088 Joannes
1021 1058 1171 1097 plurimum
1183 1059 1291 1098 Epheso
1305 1067 1427 1089 versatus
1438 1068 1492 1097 est;
1505 1061 1561 1090 illic
1571 1062 1642 1090 enim

895 1102 1095 1140 suitrelegatus‚
1106 1109 1130 1130 et
1141 1101 1265 1132 decessit.
1280 1109 1328 1131 XI.
1342 1108 1368 1132 2.
1382 1114 1404 1132 Β.
1420 1104 1560 1134 Multoties
1572 1116 1643 1134 mor-

898 1153 959 1174 tuus
970 1153 1008 1174 est
1018 1147 1143 1175 Joannes.
1162 1153 1182 1173 I.
1204 1150 1269 1174 637.
1286 1157 1314 1176 A.

934 1191 1045 1219 Joannis
1058 1189 1199 1227 Evangelii
1213 1190 1338 1229 dignitas.
1355 1198 1426 1220 VIII.
1442 1196 1467 1220 2.
1484 1203 1547 1232 sqq.
1560 1195 1643 1222 Caete-

895 1234 932 1262 ris
944 1233 1117 1272 evangelistis
1131 1233 1406 1263 sublimiorJoannes.
1419 1242 1476 1264 VII.
1494 1241 1521 1267 8.
1535 1248 1563 1264 A.
1573 1238 1643 1266 Sub-

899 1277 1033 1306 limiorem
1060 1277 1210 1306 doctrinam
1231 1277 1331 1315 tradit,
1354 1290 1445 1316 quare.
1470 1287 1516 1309 lv.
1542 1285 1586 1309 21.
1609 1292 1638 1310 n.

897 1321 1059 1350 Perfectiora
1070 1321 1234 1358 docetquam
1247 1323 1363 1360 Moyses.
1374 1330 1419 1351 IV.
1431 1329 1471 1352 14.
1488 1329 1531 1353 15.
1546 1325 1639 1360 Quan-

896 1371 953 1392 tum
970 1364 1184 1404 philosophetur.
1203 1371 1260 1393 ΠΙ.
1276 1370 1340 1394 637.
1354 1366 1477 1395 Eximias
1493 1368 1564 1397 Petri
1579 1369 1640 1396 lau-

903 1408 951 1436 des
961 1408 1159 1436 accuratissime
1173 1408 1310 1439 describit.
1333 1411 1376 1437 Ib.
1397 1411 1512 1439 Omnem
1527 1412 1640 1441 creatio-

896 1463 955 1481 nem
968 1452 1044 1480 initio
1062 1452 1203 1491 Evangelii
1218 1453 1259 1480 sui
1275 1455 1504 1484 commemoravit.
1518 1462 1564 1484 IV.
1575 1461 1639 1484 750.

897 1507 923 1525 c.
943 1498 1000 1525 Cur
1013 1496 1085 1524 solus
1099 1495 1325 1534 evangelistarum
1337 1497 1371 1524 ab
1385 1504 1483 1527 aeterna
1492 1499 1575 1528 Verbi
1592 1510 1639 1538 ge-

896 1540 1031 1569 neratione
1045 1540 1214 1579 evangelium
1227 1540 1359 1569 ordiatur.
1382 1548 1452 1570 VIII.
1469 1547 1514 1571 31.
1532 1543 1640 1572 Christo

897 1591 1030 1622 movente,
1046 1585 1223 1623 scripsitXII.
1240 1589 1264 1613 8.
1279 1596 1304 1612 Α.
1321 1585 1462 1614 Scribendi
1477 1597 1584 1615 causam
1602 1595 1640 1616 ta-

896 1629 961 1657 cuit.
980 1636 1036 1658 VII.
1051 1634 1080 1658 7.
1100 1639 1126 1657 c.
1144 1629 1322 1668 Evangelium
1341 1640 1420 1658 suum
1437 1641 1488 1658 non
1506 1631 1636 1670 perduxit

896 1683 981 1710 usque
991 1672 1025 1701 ad
1039 1672 1148 1701 Domini
1159 1673 1361 1701 assumtionem.
1376 1681 1422 1702 111.
1438 1679 1503 1702 922.
1517 1686 1542 1703 A.
1554 1686 1578 1703 Β.
1591 1675 1639 1703 Li-

897 1716 945 1744 bro
960 1716 1024 1744 huic
1035 1739 1043 1753 ,
1058 1716 1136 1744 nobis
1150 1727 1198 1755 per
1211 1716 1398 1745 revelationem
1412 1717 1522 1753 tradito,
1541 1729 1637 1757 magna

897 1773 958 1791 cum
969 1762 1108 1800 diligentia
1121 1761 1299 1790 attendamus.
1311 1770 1382 1791 VIII.
1399 1768 1443 1791 17.
1458 1775 1482 1792 A.
1495 1764 1553 1792 Non
1565 1765 1637 1793 enim

895 1809 981 1837 multo
999 1815 1088 1847 postea
1105 1808 1195 1836 studio
1209 1819 1327 1847 egemus,
1350 1809 1371 1837 si
1393 1810 1451 1848 ejus
1466 1809 1598 1849 principia
1613 1818 1639 1840 et

893 1859 1051 1891 argumenta
1062 1851 1248 1880 didicerimus.
1261 1853 1305 1880 ΙΙ).

933 1897 1066 1925 Joannes
1081 1896 1274 1932 evangelista,
1295 1896 1452 1935 theologus.
1468 1903 1501 1926 V.
1525 1902 1588 1926 808.
1610 1909 1635 1927 Β.

895 1945 993 1969 938.n.
1006 1944 1069 1968 955.
1082 1950 1109 1967 A.
1124 1940 1214 1977 firgo
1225 1946 1374 1967 έναι-ΠΗ.
1387 1944 1451 1968 927.
1466 1947 1525 1968 Iret
1533 1952 1641 1980 magno

893 1991 997 2013 sancto
1006 1985 1124 2012 Joanne
1135 1985 1237 2022 major.
1250 1991 1318 2012 VIII.
1330 1988 1394 2012 782.
1408 1995 1432 2012 Α.
1446 1984 1529 2012 Asiae
1539 1985 1640 2024 Ephe-

893 2031 1001 2056 siorum
1018 2029 1175 2066 episcopus.
1192 2033 1263 2054 ΠΙΙ.
1279 2031 1344 2054 779.
1362 2027 1393 2054 A
1411 2027 1585 2056 Domitiano
1606 2033 1638 2057 in

894 2073 1029 2100 exsilium
1044 2071 1144 2108 pulsus
1157 2073 1187 2098 in
1201 2070 1329 2098 insulam
1341 2072 1477 2099 Patmon.
1488 2078 1559 2100 VIII.
1572 2078 1637 2101 780.

894 2126 920 2143 c.
938 2116 1140 2153 Apocalypsin
1152 2122 1176 2143 et
1190 2121 1246 2142 tres
1257 2115 1392 2152 epistolas
1403 2117 1526 2153 scripsit.
1536 2116 1578 2146 lb.
1589 2116 1638 2145 Se-

894 2160 1021 2187 cundam
1040 2161 1102 2198 ejus
1123 2165 1150 2186 et
1171 2159 1286 2186 tertiam
1306 2159 1458 2196 epistolam
1481 2166 1565 2188 extra
1585 2170 1639 2188 ca-

895 2213 999 2231 nonem
1030 2203 1150 2240 qttidam
1173 2203 1330 2238 ponebant.
1359 2209 1405 2230 Π.
1438 2207 1502 2230 503.
1528 2214 1556 2231 A.
1583 2204 1636 2232 Ab

894 2247 995 2275 exsilio
1013 2246 1116 2279 redux,
1131 2245 1315 2284 evangelium
1331 2247 1499 2284 conscripsit
1514 2247 1634 2285 Ephesi.

896 2297 952 2318 VII.
969 2294 1035 2318 781.

934 2336 1062 2363 Joffines
1085 2335 1325 2362 Cunrsosromcs.
1352 2335 1426 2363 Vide
1449 2337 1633 2364 Cnm'sos‘ro-

895 2388 964 2406 mes.

934 2425 1043 2453 JOANNI
1055 2445 1062 2457 ‚
1096 2422 1220 2461 episcopo
1257 2423 1480 2462 Jerosolymitano
1497 2446 1506 2458 ‚
1539 2424 1634 2452 scribit

895 2469 1113 2508 Chrysostomus.
1126 2475 1172 2496 III.
1188 2473 1253 2498 771.

934 2516 1060 2544 JOINNES
1083 2514 1224 2553 presbyter
1244 2514 1334 2543 literas
1352 2515 1536 2553 Chrysostomi
1550 2516 1637 2545 defert

895 2558 931 2586 ad
946 2558 1131 2586 Innocentium
1144 2568 1253 2597 papam.
1271 2565 1316 2586 III.
1332 2563 1396 2588 622.
1410 2560 1461 2587 Pro
1477 2560 1504 2588 S.
1519 2559 1639 2588 doctoris

896 2612 972 2630 rausa
986 2608 1109 2630 vexatur.
1128 2609 1172 2630 III.
1191 2607 1254 2630 828.
1275 2613 1302 2630 A.
1318 2602 1359 2631 Ab
1377 2603 1476 2641 Alphio
1488 2603 1638 2632 destinatur
