1884 2922
243 228 310 251 202
877 225 980 247 tnDEx

242 296 316 318 ratur
338 289 371 317 ab
396 288 505 326 angelis,
528 293 596 316 Vttt.
613 291 657 315 74.
680 291 726 315 75.
749 285 892 321 Quomodo
916 292 976 314 nata

241 332 285 361 sit.
308 339 378 361 vlu.
403 336 464 359 172.
489 341 515 359 c.
542 331 600 358 Non
618 329 714 357 habuit
728 329 850 358 Christus
870 338 976 356 earnem

240 375 421 415 peccatricem.
441 380 486 402 tx.
501 376 565 401 622.
580 383 606 401 A.
623 375 686 400 623.

280 418 379 448 Christi
390 423 463 445 ortus
477 427 491 443 a
507 415 643 455 prophetis
658 414 811 454 praedictus.
824 422 856 443 11.
874 420 937 444 417.
949 425 974 443 A.

240 463 270 490 In
285 461 385 491 Christi
400 467 458 488 ortu
474 469 522 488 cur
538 465 575 487 tot
588 458 662 497 sigua
676 459 742 486 facta
754 458 816 486 siut.
837 465 892 487 ΥΠ.
910 463 973 486 144.

239 506 295 534 Νοη
308 505 377 534 sieut
391 504 471 532 homo
482 503 569 531 editus
583 509 622 530 est
637 501 771 530 Christus.
788 506 852 531 470.
870 502 898 530 ln
911 512 975 541 prte-

239 549 312 588 sepio
333 555 410 576 natus
430 553 468 575 est
489 556 579 575 coram
592 546 730 574 innumera
746 545 928 574 multitudiue.
952 552 972 573 1.

238 597 299 621 624.
326 603 353 620 E.
377 592 510 629 Tempore
529 590 624 629 prima:
644 589 845 628 descriptionis.
863 597 894 618 ΙΙ.
910 593 973 618 420.

238 648 264 666 r..
281 648 307 665 A.
323 635 415 670 Stella,
429 634 500 673 magi
515 641 540 662 et
558 634 679 663 universa
701 639 820 661 creatura
836 633 974 662 Christum

237 686 412 718 agnoverunt.
431 686 464 708 V.
489 683 550 706 275.
573 689 602 707 1).
626 688 652 706 Ε.
673 677 728 705 Cur
743 677 831 716 primo
852 688 865 705 a
890 677 973 716 magis

235 723 359 752 barbaris
374 722 555 751 annuntietur.
576 729 634 751 ΧΠ.
658 726 720 750 521.
737 731 764 749 A.
786 733 811 750 B.
836 724 926 758 Quare
948 723 971 749 in

237 767 373 796 Bethleem
387 773 471 803 ortus,
485 774 543 805 post
558 773 664 805 partum
680 767 705 793 in
721 765 851 793 Nazareth
867 765 972 794 mansit.

237 818 293 840 vn.
308 816 372 840 120.
385 822 410 840 Β.
654 817 658 820 ”

275 855 396 884 Christus
414 865 480 894 puer
503 863 671 893 summopere
692 860 802 882 matrem
823 853 970 882 veneraba-

235 906 289 930 tur,
313 906 384 927 vm.
407 904 468 928 141.
493 910 521 926 n.
544 898 650 936 suisque
675 898 830 937 parentibus
844 897 971 926 obediens

235 949 299 971 erat.
314 944 359 970 ΙΙ).
377 953 405 970 E.
421 942 538 981 Fugitin
550 942 712 980 AEgyptum,
728 952 820 979 quare.
835 949 891 970 ΥΠ.
907 946 968 972 139,

235 999 260 1015 A.
286 997 309 1015 n.
328 991 392 1015 140.
412 988 468 1015 Cur
483 993 594 1015 vocetur
610 988 760 1015 Nazaraeus.
779 990 844 1014 1:57.
860 986 888 1014 In
905 997 970 1025 puc-

233 1030 277 1058 rili
291 1037 365 1059 oetate
377 1030 505 1058 miracula
520 1040 572 1058 non
587 1029 683 1059 edidit.
697 1037 764 1058 tht.
782 1034 840 1058 114.
857 1040 883 1058 E.
906 1035 966 1058 140.

234 1086 263 1102 A.
276 1085 300 1102 B.
315 1084 401 1112 neque
413 1081 473 1102 ante
487 1084 566 1102 suum
583 1074 759 1112 baptismum.
780 1078 844 1103 152.
863 1085 888 1102 13.
905 1084 931 1102 c.

274 1117 397 1145 Christus
418 1128 465 1146 cur
488 1117 639 1155 baptizatus
666 1128 680 1145 a
708 1118 818 1146 Joaune.
843 1124 875 1147 11.
902 1122 966 1147 438.

236 1165 296 1189 439.
313 1168 371 1189 Vll.
393 1165 455 1189 164,
477 1167 501 1189 et
519 1160 627 1199 triginta
648 1171 730 1189 annos
754 1167 840 1189 natus
864 1165 925 1189 162.
941 1173 967 1192 A.

232 1204 369 1243 Baptismo
389 1216 440 1233 non
461 1205 561 1244 egebat.
580 1212 648 1233 vm.
669 1210 732 1233 114,
755 1216 778 1232 Β.
799 1205 845 1233 sed
860 1205 969 1234 decebat

232 1255 261 1277 ut
274 1248 464 1288 baptizaretur.
484 1253 550 1280 186.
565 1247 691 1286 Implevit
705 1258 810 1276 omnem
822 1249 966 1288 justitiam,

231 1291 372 1330 quomodo.
396 1300 427 1322 ΙΙ.
451 1297 515 1322 440.
541 1304 565 1320 A.
590 1293 657 1332 Ejus
677 1292 810 1332 baptisma
829 1293 968 1333 quidpiam

229 1336 324 1365 babuit
353 1347 387 1365 ex
407 1337 490 1365 veteri
514 1343 538 1365 et
559 1347 592 1365 ex
611 1346 680 1365 novo
701 1337 884 1368 Testameuto.
906 1344 965 1366 vll.

231 1384 276 1409 23.
292 1392 314 1408 Β.
332 1385 377 1409 24.

269 1423 392 1453 Christus
406 1434 466 1452 cum
482 1424 584 1454 Joanne
593 1423 713 1463 Baptista
732 1434 783 1452 non
808 1434 968 1464 comparan-

229 1467 289 1496 dus.
306 1475 363 1496 VH.
382 1472 445 1496 469.
465 1478 492 1495 n.
517 1468 572 1495 Cur
586 1469 686 1497 Joanue
707 1469 795 1497 minor
810 1468 966 1508 putabatur.

231 1519 287 1540 vu.
302 1516 364 1541 186.
382 1523 407 1540 13.
420 1518 489 1540 vul.
505 1516 567 1541 104.
585 1522 608 1540 A.
626 1516 688 1541 105.
704 1512 804 1540 Christi
821 1519 845 1540 et
857 1513 967 1542 Joannis

229 1566 325 1595 scopus
343 1555 414 1583 idem
428 1561 495 1583 erat.
512 1562 566 1583 Vll.
584 1559 647 1583 421.
662 1566 688 1583 1).
706 1566 732 1583 Ε.
749 1557 893 1592 Quarcnon
907 1564 967 1585 ante

229 1600 357 1628 Joannem
379 1597 531 1638 praedicarit
551 1597 682 1626 Christus.
704 1602 767 1627 205.
793 1610 818 1626 A.
837 1600 965 1629 Joannem

228 1642 356 1672 defendit.
375 1647 438 1671 466.
455 1653 479 1670 1³.

268 1686 390 1714 Christus
404 1696 418 1713 a
430 1684 532 1724 Spiritu
547 1684 657 1713 ducitur
671 1685 697 1713 in
711 1685 857 1724 desertum,
874 1698 963 1725 quare.

228 1736 284 1757 ΥΙΙ.
305 1733 369 1760 193.
388 1730 443 1757 Cur
455 1727 512 1756 dies
530 1727 707 1766 quadraginta
721 1729 842 1767 jejunat⁷
865 1738 890 1759 et
912 1742 963 1760 non

227 1773 352 1811 amplius.
371 1776 432 1800 194.
447 1783 470 1800 n.
487 1770 553 1809 Ejus
568 1771 731 1799 tentationes.
751 1777 814 1800 195.
834 1779 896 1802 196.
911 1776 964 1804 Nos

227 1817 318 1845 docuit
332 1816 467 1854 quomodo
487 1814 619 1853 agendum
640 1815 666 1843 in
683 1817 884 1848 tentationibus.
904 1826 960 1848 vu.

228 1866 290 1889 197.
306 1861 393 1899 Opera
407 1859 509 1888 Christi
531 1859 670 1888 terribilia.
690 1866 721 1887 V.
738 1865 802 1889 204.
821 1872 846 1890 Β.
864 1863 962 1892 Trium

226 1915 355 1933 annorum
381 1904 466 1943 spatio
495 1902 631 1932 miraculis
656 1902 803 1933 celebratus
825 1913 874 1936 est.
888 1914 958 1938 ΠΗ,

231 1954 289 1978 140.
302 1959 330 1976 1-3.

265 1993 386 2021 Christus
402 1999 430 2020 ut
444 1991 578 2025 dominus,
593 1991 702 2030 Moyses
716 1999 745 2020 ut
761 2003 865 2030 servus,
879 1995 960 2024 mira—

225 2037 283 2065 cula
297 2037 429 2076 patrabat.
445 2043 503 2065 vlt.
522 2041 586 2064 379.
604 2046 630 2064 Δ.
644 2047 668 2064 13.
686 2035 799 2064 Etisaeus
813 2044 839 2065 ut
854 2048 960 2077 servus,

225 2080 349 2109 Christus
367 2087 456 2109 autem
479 2086 508 2108 ut
529 2079 654 2108 (lominus
677 2087 762 2107 curat.
792 2085 854 2109 349.
879 2093 902 2110 n.
931 2094 958 2111 c.

225 2124 324 2153 Christi
346 2123 474 2152 miracula
494 2123 597 2151 nivales
626 2123 724 2151 imbres
742 2133 852 2153 numero
879 2137 960 2165 supe-

224 2175 290 2197 rant.
307 2173 371 2197 406,
390 2179 417 2196 n.
429 2167 520 2206 Signis
538 2166 591 2194 fide
605 2166 695 2205 dignis
709 2169 911 2207 comprobatur,
925 2181 959 2199 cx

223 2211 343 2241 doctrina
354 2222 417 2240 vero
427 2212 565 2250 signorum
578 2211 683 2240 lucrum
695 2219 782 2250 auget.
795 2219 955 2243 Vlt.697.c.

262 2256 384 2285 Christus
396 2266 465 2295 saepe
479 2266 564 2294 aegros
576 2265 627 2283 non
640 2257 818 2295 exspectabat,
830 2258 875 2286 sed
886 2259 956 2298 ipsos

221 2298 384 2330 adibat.vtl,
398 2305 462 2330 414,
474 2310 499 2327 E.
516 2300 574 2328 Non
587 2309 690 2339 semper
705 2311 796 2329 eorum
808 2302 885 2330 sidem
898 2303 958 2332 exi-

221 2343 413 2380 gebat.208.c.
423 2343 569 2382 Aliquoties
579 2350 664 2372 tamen
674 2344 746 2372 illam
761 2346 876 2384 petebat.
889 2352 954 2377 413.

221 2386 372 2425 Aliquando
391 2387 506 2415 aliorum
523 2387 685 2416 curationem
701 2388 815 2417 aliorum
832 2391 956 2428 precibus

220 2430 387 2458 concedebat.
407 2435 469 2459 370.
492 2430 553 2459 Alia
564 2431 651 2469 jussu,
666 2431 716 2459 alia
734 2432 858 2470 precibus
872 2434 956 2463 sacie-

219 2473 264 2501 bat
281 2474 420 2502 miracula.
440 2479 502 2503 234.
526 2485 573 2503 nec
592 2486 638 2503 sua
664 2485 768 2514 semper
788 2478 953 2507 auctoritate.

221 2521 284 2545 233.
314 2529 337 2545 A.
363 2518 491 2546 Celeriter
517 2519 625 2547 morbos
649 2519 772 2558 pellebat.
802 2526 866 2550 370.
894 2523 953 2552 Atio

220 2559 297 2588 modo
308 2571 388 2598 quam
403 2561 513 2600 apostoli
525 2562 631 2591 morbos
642 2563 759 2592 curabat.
775 2569 836 2593 349.
852 2577 878 2595 Λ.
897 2567 951 2595 Mi-

218 2603 307 2631 racula
324 2604 471 2641 prophetiis
485 2605 637 2643 copulabat.
657 2613 699 2635 w.
724 2612 768 2636 86.
791 2619 812 2636 1}-
828 2610 882 2638 Cur
897 2621 947 2640 nor.

1010 223 1136 246 RERUM.

1030 285 1115 313 multa
1131 283 1194 312 fecit
1215 283 1289 322 signa
1312 282 1338 310 iu
1353 282 1494 313 Nazareth.
1513 289 1568 311 vit.
1584 287 1648 313 553.
1667 293 1688 312 Β.
1703 287 1768 313 556.

1029 327 1182 357 Secundum
1200 326 1337 354 hominum
1351 326 1516 354 voluntatem
1530 327 1660 355 miracula
1676 334 1764 366 patra-

1029 371 1083 400 bat.
1104 378 1124 399 1.
1139 375 1202 399 625.
1218 370 1307 404 Quare
1321 369 1413 397 orabat
1425 376 1567 407 antequam
1579 370 1654 407 sigua
1673 377 1768 409 patra-

1029 421 1077 443 ret.
1097 419 1163 443 650.
1179 425 1204 444 n.
1225 421 1291 442 ΠΗ.
1316 418 1380 441 289.
1397 413 1530 441 Miracula
1545 413 1684 442 Christum
1702 424 1770 453 prac-

1028 459 1163 487 dicabant.
1185 463 1231 488 80.
1250 469 1275 486 A.
1289 458 1347 486 Non
1363 457 1545 485 artehumana
1560 457 1670 485 curabat
1686 458 1770 486 Chri·-

1026 510 1090 531 stus.
1113 510 1157 532 111.
1175 507 1220 531 48.
1238 501 1321 530 Modo
1336 512 1427 537 manu,
1444 501 1523 530 mozlo
1537 501 1592 530 sola
1608 512 1676 529 voce
1689 511 1769 529 sana-

1027 548 1084 575 bat.
1104 554 1136 575 V.
1152 551 1213 575 178.
1230 557 1256 574 E.

1066 591 1188 619 Christus
1203 599 1283 628 panes
1298 588 1460 626 multiplicat
1475 595 1590 627 rogatus.
1612 595 1671 617 vn.
1697 592 1761 617 568.

1029 637 1176 672 Antequam
1199 634 1254 661 illis
1277 632 1463 669 benediceret,
1482 632 1597 671 respexit
1618 633 1644 660 in
1664 633 1766 660 ea‘lum.

1029 686 1084 707 vit.
1104 684 1168 707 569.
1187 689 1212 706 Ε.
1228 678 1335 711 Quanta
1352 688 1398 716 per
1416 677 1466 705 hoc
1486 677 1645 705 miraculum
1661 687 1708 704 nos
1718 676 1768 705 do-

1025 724 1117 752 cuerit.
1139 728 1202 752 570.
1226 727 1289 751 571.
1313 721 1454 756 Quomodo
1465 721 1622 760 Philippum
1644 721 1762 751 tentarit.

1028 774 1096 796 Vlll.
1116 771 1180 796 287.
1196 777 1224 795 D.
1241 777 1267 794 Ε.

1065 811 1190 839 Christus
1206 811 1231 838 in
1247 809 1315 838 mari
1331 809 1441 838 dormit.
1454 815 1510 837 vlt.
1524 813 1589 837 377.
1605 819 1633 836 n.
1646 809 1668 836 Α
1679 807 1764 837 disci-

1024 855 1095 893 pulis
1111 855 1255 890 excitatur,
1271 860 1295 881 et
1311 853 1378 881 mari
1402 853 1515 891 imperat
1533 862 1564 880 ac
1588 852 1685 880 ventis.
1704 859 1763 882 vn.

1024 904 1088 927 377.
1102 910 1128 927 E.
1145 903 1208 927 378.
1222 904 1247 925 et
1265 897 1350 925 turbae
1366 897 1506 924 mirantur.
1521 900 1584 925 379.
1596 896 1682 935 Super
1693 906 1765 924 mare

1023 942 1189 977 ambubulat‚
1213 952 1302 979 quare.
1322 945 1374 969 578
1402 952 1424 969 n.

1063 987 1186 1014 Christus
1199 985 1376 1024 paralyticum
1392 991 1544 1020 sanaturus,
1558 995 1571 1012 a
1581 984 1695 1023 peccatis
1703 984 1763 1023 pri-

1023 1041 1065 1058 mo
1093 1041 1155 1058 eum
1181 1029 1268 1058 solvit.
1285 1035 1315 1057 v.
1329 1034 1393 1057 639.
1411 1040 1435 1056 A.
1449 1040 1472 1057 n.
1488 1028 1526 1056 sic
1547 1028 1679 1056 malorum
1702 1029 1764 1056 fon-

1021 1081 1073 1103 tem
1093 1074 1195 1102 tollens.
1212 1080 1258 1102 tlt.
1273 1078 1316 1101 51.
1331 1084 1356 1102 c.
1372 1077 1415 1101 52.
1430 1073 1469 1100 De
1482 1072 1629 1111 paralytico
1647 1071 1763 1100 demisso

1022 1129 1068 1157 per
1095 1125 1191 1147 tectum
1218 1117 1345 1146 nomilia.
1376 1122 1422 1146 40.
1447 1127 1510 1156 sqq.
1535 1117 1699 1155 Paralytieus
1728 1121 1762 1144 38

1022 1172 1153 1190 annorum
1169 1168 1293 1196 sanatur,
1306 1171 1396 1198 quare.
1417 1168 1435 1188 1.
1452 1165 1517 1188 670.
1536 1164 1600 1188 671.
1623 1159 1692 1188 Eum
1714 1159 1765 1188 miss

1021 1205 1189 1234 sericorcliter
1209 1204 1265 1232 adit
1281 1204 1412 1232 Christus.
1433 1211 1477 1232 ltt.
1498 1208 1541 1232 41.
1560 1214 1584 1231 ε.
1601 1210 1625 1231 et
1646 1203 1762 1232 interro-

1023 1256 1076 1287 gat.
1092 1253 1135 1278 42,
1157 1248 1270 1277 Pulchra
1290 1247 1323 1275 de
1340 1247 1382 1275 his
1398 1247 1503 1275 (luobus
1519 1247 1672 1286 paralyticis
1690 1249 1763 1276 anti-

1022 1293 1112 1322 thesis.
1134 1297 1176 1321 47.
1194 1303 1221 1321 D.
1241 1302 1266 1320 E.
1289 1291 1343 1320 Cur
1358 1302 1409 1320 non
1425 1291 1517 1320 feeerit
1532 1291 1654 1319 Christus
1670 1302 1698 1320 se.
1715 1302 1763 1321 no-

1022 1344 1077 1365 tum
1098 1335 1247 1375 paralytico
1264 1335 1382 1374 piscinae.
1402 1343 1420 1364 1.
1437 1340 1500 1363 676.
1518 1345 1544 1363 n.
1561 1336 1650 1371 Quare
1664 1335 1763 1364 sabba-

1021 1387 1077 1409 tum
1086 1380 1214 1408 solvebat.
1232 1384 1296 1408 675.
1312 1384 1377 1408 676.
1391 1380 1431 1407 De
1446 1378 1594 1418 paralytico
1606 1379 1631 1407 in
1642 1379 1762 1419 lectoja-

1020 1431 1093 1453 ceute
1106 1423 1233 1452 Humilia.
1246 1430 1302 1451 ΠΙ.
1317 1427 1382 1450 387.
1396 1432 1460 1461 sqq,

1060 1468 1183 1497 Christus
1193 1467 1407 1506 transfiguratus,
1419 1477 1513 1504 quare.
1526 1473 1570 1495 111.
1588 1471 1655 1495 408.
1670 1474 1755 1496 A.V11

1020 1511 1522 1549 637.Quomodotuucresplenduerit,
1537 1518 1583 1539 111.
1597 1514 1661 1539 -470,
1671 1521 1758 1539 D.E.A.

1020 1561 1084 1585 371.
1108 1558 1165 1585 Non
1186 1563 1270 1584 totum
1284 1555 1374 1584 saeculi
1390 1556 1473 1583 suturi
1493 1554 1663 1595 splendorem
1677 1555 1762 1584 exhi-

1021 1600 1080 1629 buit
1093 1601 1119 1629 in
1133 1600 1372 1638 transfiguratione.
1389 1607 1408 1627 1.
1424 1604 1468 1628 19.
1483 1611 1508 1628 B.

1058 1644 1181 1673 Christus
1193 1643 1325 1672 daemonas
1339 1643 1420 1672 mittit
1436 1643 1463 1671 in
1479 1653 1586 1682 gregem
1605 1653 1759 1682 porcorum,

1019 1699 1109 1726 quare.
1134 1695 1190 1716 Vll.
1213 1692 1276 1716 381.
1295 1698 1318 1716 c.
1339 1688 1461 1726 Increpat
1479 1687 1613 1716 daemonas
1631 1697 1694 1716 vera
1717 1687 1770 1721 10„

1018 1739 1137 1771 quentes.
1152 1740 1171 1760 1.
1187 1736 1250 1760 892.
1266 1742 1294 1759 D.

1058 1777 1180 1805 Christus
1199 1775 1290 1803 Lazari
1310 1775 1494 1804 infirmitatem
1520 1775 1597 1803 audit
1615 1787 1629 1804 a
1644 1775 1755 1804 nuntiis.

1017 1829 1050 1850 Π.
1071 1825 1135 1850 773.
1154 1830 1181 1848 Ε.
1199 1822 1290 1856 Quare
1307 1819 1384 1848 illurn
1409 1819 1482 1847 adire
1509 1819 1755 1858 procrastinaverit.

1015 1867 1060 1895 Ib.
1078 1865 1171 1894 A.N0n
1183 1863 1450 1903 oratione,sedjussu
1468 1864 1596 1892 Lazarum
1611 1874 1624 1892 a
1639 1863 1752 1892 mortuis

1015 1915 1129 1938 revocat.
1142 1916 1162 1937 Ι.
1178 1913 1242 1937 645.
1257 1919 1281 1936 A.
1295 1915 1328 1937 11.
1346 1913 1409 1937 774.
1422 1908 1509 1947 Super
1524 1907 1601 1936 illum
1617 1908 1750 1947 lacryma-

1015 1961 1067 1982 tur.
1088 1960 1135 1983 Π.
1160 1957 1225 1981 357.
1243 1957 1271 1981 2⁰
1292 1953 1346 1981 col.
1370 1953 1430 1981 Non
1447 1952 1587 1991 ignorabat
1612 1952 1658 1980 ubi
1679 1962 1751 1980 mor-

1016 2005 1093 2026 tuum
1113 2003 1265 2036 posuerant.
1283 2004 1304 2025 Ι.
1323 2001 1385 2025 642.
1405 2007 1432 2025 n.
1451 2007 1479 2024 r..
1494 1996 1554 2024 Non
1570 1995 1695 2033 ignorans
1709 1995 1751 2023 in—

1013 2049 1138 2080 terrogat.
1157 2046 1221 2070 642.
1247 2052 1275 2071 n.
1294 2051 1322 2068 Ε.
1346 2045 1410 2068 643.
1437 2039 1464 2068 Si
1490 2045 1612 2078 precatur
1633 2040 1750 2074 Patrem,

1013 2092 1120 2124 propter
1144 2085 1286 2113 mulierum
1310 2084 1373 2111 facit
1395 2083 1616 2111 imbecillitatem.
1635 2087 1699 2111 644.
1726 2093 1749 2110 Β.

1013 2133 1078 2157 645.
1097 2139 1125 2157 n.
1143 2135 1168 2156 et
1183 2128 1217 2156 ob
1239 2127 1358 2155 infideles
1379 2127 1590 2155 circumstantes.
1608 2130 1671 2154 646.
1692 2126 1750 2154 Cur

1013 2174 1142 2201 Lazarum
1156 2171 1314 2200 nominatim
1331 2182 1344 2198 e
1355 2170 1497 2209 sepulchro
1510 2176 1611 2200 evocet,
1624 2170 1668 2197 lb.
1685 2180 1711 2198 c.
1724 2180 1750 2197 r.

1012 2216 1113 2245 ,ludaeis
1134 2216 1247 2254 imperat
1265 2221 1293 2242 ut
1316 2214 1435 2242 instituas·
1459 2214 1572 2242 solvant.
1597 2220 1618 2243 1.
1638 2217 1702 2241 646.
1720 2223 1747 2241 A.

1013 2265 1077 2288 647.
1091 2260 1183 2289 Lazari
1199 2258 1398 2287 resurrectionis
1411 2258 1488 2286 rati0.
1505 2265 1576 2286 vttt.
1588 2261 1652 2287 427.
1668 2267 1694 2286 e.

1053 2304 1176 2332 Christus
1190 2303 1252 2331 ficui
1269 2302 1414 2337 maledicit,
1427 2312 1521 2340 quare,
1536 2309 1556 2330 ῐ.
1573 2306 1638 2329 873.
1653 2311 1678 2328 c.
1694 2307 1752 2329 vu.

1012 2352 1074 2376 746.
1087 2358 1112 2376 c.

1051 2392 1175 2420 Christus
1189 2390 1354 2429 aenigmatice
1368 2397 1393 2418 et
1412 2400 1458 2428 per
1471 2389 1610 2428 parabolas
1625 2399 1693 2427 slepe
1710 2388 1750 2417 lo-

1011 2435 1152 2474 quebatur.
1166 2436 1402 2470 Vtt.529.Quare.
1413 2438 1509 2461 730.13.
1520 2439 1550 2461 V.
1561 2437 1625 2461 247.
1640 2444 1667 2461 Λ.
1679 2439 1748 2460 ΗΠ.

1015 2484 1074 2508 155.
1087 2490 1111 2507 c.
1122 2490 1149 2508 D.
1163 2489 1189 2507 Ε.
1204 2479 1322 2507 Maxime
1332 2488 1392 2506 cum
1403 2477 1746 2506 Nicodemo.vitt.161.n.

1012 2525 1070 2562 lpse
1082 2530 1119 2551 cst
1135 2523 1180 2560 qui
1193 2523 1257 2550 exiit
1272 2522 1305 2550 ad
1318 2521 1514 2550 seminandum.
1532 2527 1589 2548 vit.
1607 2524 1668 2548 529.
1681 2518 1746 2546 Dis-

1010 2567 1120 2595 crimina
1136 2567 1204 2595 inter
1217 2568 1313 2596 Jonam
1332 2572 1356 2594 et
1376 2565 1525 2593 Christum.
1540 2568 1604 2592 517.
1626 2573 1655 2591 D.
1673 2573 1698 2590 ε.
1715 2574 1740 2590 A.

1009 2613 1129 2641 Christus
1142 2611 1327 2651 spiritualibus
1339 2610 1476 2640 sensibilia
1489 2609 1606 2638 miscuit.
1619 2615 1674 2637 vn.
1683 2612 1746 2636 217.
