1884 2922
255 170 322 204 550

255 245 295 272 Nc
317 253 409 283 parcas
431 242 560 282 pecuniis,
581 241 627 270 sed
647 241 750 269 etiamsi
766 250 857 269 omncs
872 249 993 280 oporteat

253 287 398 321 effundere,
410 287 454 315 da.
471 293 528 314 XII.
546 290 609 313 157.
626 285 801 313 pecuniarum
819 292 994 314 contemtores

254 331 370 359 maxime
390 331 478 358 Deum
496 334 596 356 amant.
614 335 684 356 vltt.
707 333 751 357 58.
769 341 796 357 A.
813 329 936 357 Pecuniis
948 340 995 357 su—

255 376 343 413 perior
354 373 447 411 estqui
459 372 559 400 virtute
570 371 699 410 praeditus
713 379 763 400 est.
782 379 828 401 XI.
841 377 886 400 83.
903 383 926 400 B.
944 374 994 401 Pe-

253 417 359 445 cuniam
373 423 540 444 contemnere
554 424 605 442 non
619 414 682 442 satis
695 421 742 450 est,
755 415 801 443 sed
812 422 915 454 oportet
927 426 994 454 pau-

253 470 328 498 peres
340 459 418 487 alere.
438 466 493 487 VII.
515 463 581 486 709.
596 468 622 486 Β.
648 458 772 486 Pecuniae
789 459 831 486 vel
853 459 994 497 eroganda}

254 503 427 542 pauperibus,
445 502 487 531 vel
504 503 529 530 in
545 508 629 530 morte
642 502 804 531 amittendae.
823 510 868 531 XI.
887 508 953 532 8:56.
965 514 991 533 Β.

254 546 382 575 Pecunias
404 552 483 584 auget
508 545 555 583 qui
575 545 741 584 pauperibus
757 545 906 574 distribuit.
924 553 995 575 VIII.

256 594 316 618 131.
327 601 349 618 n.
362 590 492 618 Pecunias
502 589 548 626 qui
560 588 683 626 largitur,
696 588 783 616 aliena
794 588 850 618 dat.
862 596 918 617 VII.
927 593 992 618 842.

254 644 279 661 ε.
295 633 416 662 Pecuuiae
431 632 510 660 etiam
526 642 584 669 quae
599 638 695 660 nostrae
713 638 785 668 sunt,
798 642 850 660 non
869 640 931 661 sunt
943 643 993 661 no-

253 684 321 712 strae,
335 676 434 705 nedum
450 675 542 703 alienae
558 682 654 703 nostrae
669 675 732 703 sint.
746 682 791 704 xI.
804 680 868 705 7571.
886 687 911 703 r.

293 721 414 749 Pecuniae
432 729 483 747 non
499 726 559 747 sunt
580 729 662 747 avaro
681 719 806 758 propriae.
824 727 856 748 II.
875 724 921 750 32.
939 719 993 754 Qui

253 765 378 803 pecunias
390 764 516 802 largitur,
530 763 621 792 verius
636 773 770 802 possessor
789 770 836 799 est,
852 774 931 801 quam
947 764 993 802 qui

253 820 307 847 prae
324 808 438 836 avaritia
452 817 484 835 ne
498 807 651 845 contingere
665 807 773 845 quidem
784 807 875 837 audet.
891 815 908 836 I.
927 812 990 837 129.

254 863 278 880 n.
296 852 412 881 Pecunia
429 852 458 880 in
475 861 600 879 crumena
611 852 694 889 posita
709 851 799 889 sigillo
810 851 990 880 muniebatur.

254 895 580 926 x'11.84.c.Pec11nia1·um
592 895 781 923 collectoribus
791 895 859 923 nihil
869 895 986 924 stultius.

253 947 309 969 VII.
327 945 389 969 848.
406 951 432 969 Α.
451 940 567 967 Pecunia
582 939 608 967 in
623 939 756 978 conjugiis
771 949 823 967 non
839 939 991 977 quaerenda.

252 991 298 1013 ltI.
317 989 380 1012 261.
399 983 528 1012 Pecunias
544 983 589 1020 qui
605 990 687 1018 amat,
705 983 736 1010 iis
747 983 789 1011 vel
805 983 830 1010 in
844 990 929 1011 morte
944 984 987 1011 vel

250 1034 312 1055 ante
325 1034 436 1055 mortem
451 1026 578 1055 nudatur.
606 1034 639 1054 V.
664 1032 725 1054 167.
756 1037 781 1056 c,
808 1026 985 1054 Pecuniarum

253 1080 334 1107 quam
348 1081 491 1110 corporum
514 1080 604 1098 amore
616 1070 706 1108 plures
719 1076 850 1098 tenentur.
868 1077 901 1098 Χ.
927 1074 991 1099 572.

254 1126 278 1141 Α.
295 1115 470 1143 Pecuniarum
486 1113 622 1152 cupiditas
638 1114 726 1142 minor
741 1119 777 1141 est
791 1123 880 1141 amore
899 1123 995 1152 corpo·

254 1168 323 1186 rum.
342 1166 389 1187 XI.
404 1162 467 1186 822.
486 1168 511 1185 c.
537 1158 600 1185 l'id.
616 1158 759 1185 DIVITIAE.

292 1203 399 1230 Panem
419 1202 484 1230 lotio
509 1201 634 1239 exemplo
657 1200 760 1229 Christi
785 1199 915 1228 facienda.
945 1207 989 1228 III.

255 1249 319 1273 38⁷⁸.
334 1257 358 1273 Α.

294 1290 417 1317 Palm.
432 1288 465 1316 ad
480 1288 599 1317 tribunal
611 1286 714 1326 ingredi
731 1287 884 1321 recusabat,
902 1296 933 1314 ne
956 1287 993 1314 la·

253 1335 333 1364 scivis
346 1335 430 1363 oculis
444 1342 554 1374 pateret.
582 1342 615 1363 II.
630 1339 694 1362 698.
710 1344 734 1362 c.
755 1345 784 1361 n.
801 1334 835 1362 Se
851 1333 993 1361 consilium

253 1387 369 1409 mutasse
382 1380 535 1415 simulabat,
550 1380 648 1408 milites
664 1379 813 1417 alloquens.
833 1386 867 1407 II.
885 1383 949 1407 705.
964 1390 990 1406 c.

254 1425 341 1463 Rogat
359 1424 454 1453 missos
465 1423 498 1451 ad
518 1434 545 1452 se
558 1422 834 1462 comprehendendam
849 1429 876 1450 ut
897 1422 947 1450 sibi
960 1422 994 1450 li-

253 1475 309 1496 ceat
324 1467 413 1506 egredi
427 1474 451 1496 et
468 1474 566 1496 vestem
580 1474 692 1495 mutare.
711 1474 743 1495 Il.
761 1471 823 1495 699.
842 1477 868 1495 E.
886 1470 990 1496 705.st

256 1513 348 1541 1‘¹col.
366 1512 410 1540 Ad
418 1511 502 1551 ipsius
510 1511 570 1539 teeti
581 1511 720 1548 fastigium
733 1510 864 1545 cucurrit,
882 1517 907 1538 et
918 1510 993 1538 illinc

254 1557 367 1595 seipsam
386 1556 551 1595 praecipitem
566 1554 623 1583 dat.
641 1561 674 1583 lI.
687 1559 752 1582 705.
769 1565 795 1582 A.
809 1555 867 1582 Non
881 1554 992 1582 carnifi—

253 1611 314 1628 cum
335 1610 430 1628 manus
452 1598 625 1637 exspectavit.
642 1605 675 1626 II.
699 1602 763 1626 698.
789 1597 939 1634 Metuebat‚
961 1607 993 1625 ne

254 1643 419 1681 virginitatis
434 1653 559 1671 coronam
574 1641 704 1680 perderet.
721 1649 754 1669 II.
773 1646 836 1670 698.
861 1642 920 1668 Non
936 1641 992 1669 sine

254 1694 319 1715 nutu
333 1686 426 1716 divino
439 1686 468 1714 id
482 1686 554 1714 feeit.
576 1692 608 1715 II.
623 1690 688 1713 701.
706 1696 730 1712 13.
746 1684 858 1722 Petagiae
873 1684 992 1722 reliquiae

254 1730 453 1768 frequentantur
464 1740 479 1757 a
493 1729 603 1768 populo.
620 1736 654 1757 II.
670 1732 736 1756 702.
758 1739 783 1756 Α.
800 1728 923 1762 Quantus
936 1734 992 1755 erat

254 1774 287 1802 ad
305 1775 363 1803 illas
379 1774 470 1813 populi
486 1783 642 1802 concursus.
659 1780 693 1801 II.
710 1776 775 1800 702.
792 1782 817 1799 c.

296 1818 422 1846 I'Enacto
436 1817 591 1857 presbytero
606 1815 718 1855 epistola
732 1815 927 1854 Chrysostomi.
944 1822 990 1843 III.

256 1867 319 1890 867.
335 1874 360 1890 Λ.

294 1907 439 1935 Ρῑωῡιῑε
450 1904 596 1932 monachus
607 1905 653 1942 qui
668 1910 756 1932 sancte
770 1909 795 1931 et
805 1913 866 1930 cum
876 1902 994 1930 toleran—

255 1950 291 1978 tia
303 1949 416 1985 vixerat,
426 1949 451 1977 in
461 1948 735 1987 sraudemlimpulsus.
752 1951 913 1983 111.693.„x.
926 1951 991 1974 6914.

254 1995 294 2022 Dc
310 2004 340 2022 eo
361 2003 458 2032 magno
472 1992 564 2021 dolore
584 1992 695 2020 affectus
711 1998 749 2020 est
772 1991 991 2029 Clirysostomus.

256 2045 303 2069 III,
321 2043 385 2066 693.
407 2048 432 2066 A.
450 2038 539 2065 Hunc
556 2037 714 2074 Pelagium
730 2037 914 2073 suspicantur
930 2034 994 2072 qui—

255 2084 324 2111 dam
340 2093 400 2111 esse
413 2082 648 2110 lzoeresiarcham.

295 2126 402 2154 Penni-:s
425 2135 511 2153 aureae
535 2124 610 2163 apud
631 2123 761 2162 quosdam
782 2129 856 2151 eraut
876 2129 995 2160 tempore

256 2169 451 2208 Chrysostomi.
469 2175 502 2196 V.
520 2172 584 2196 627.
604 2178 632 2195 D.

296 2216 442 2241 rmum..
454 2212 603 2240 diaconissa
617 2211 807 2249 Clirysostomo
817 2209 935 2237 addicta.
947 2215 993 2236 III.

256 2263 321 2286 721.
345 2268 371 2285 n.
396 2257 589 2295 Chrysostomo
616 2255 723 2290 scribit,
749 2261 773 2282 et
795 2254 829 2282 ab
853 2264 883 2282 eo
902 2253 994 2281 literas

256 2301 364 2340 accipit.
382 2308 428 2329 ttI.
450 2305 516 2328 774.
537 2311 564 2328 A.
588 2311 613 2329 n.
640 2298 773 2327 Pentadice
796 2297 895 2326 fiducia
917 2303 996 2334 atque

256 2344 411 2373 constantia.
424 2349 538 2372 Iu.775.
550 2355 576 2371 c.
590 2343 669 2379 Eam,
681 2353 740 2380 quse
752 2348 847 2380 praetcr
857 2340 995 2369 eeclesiam

257 2395 280 2416 ct
296 2388 449 2416 cubiculum
462 2387 530 2415 nihil
550 2394 634 2422 norat,
648 2387 674 2414 in
695 2386 782 2414 forum
797 2389 995 2423 pertraxerunt,

257 2443 270 2459 a
284 2432 339 2459 soro
354 2430 385 2458 ad
398 2431 552 2464 tribunalia,
571 2441 585 2458 a
607 2429 787 2458 tribunalibus
799 2427 834 2456 ad
850 2437 995 2463 carcerem,

258 2475 439 2512 Chrysostomi
453 2485 540 2502 causa.
554 2482 599 2502 III.
614 2479 677 2502 776.
699 2473 758 2502 Atia
779 2472 890 2510 epistola
905 2471 996 2510 Clu-y-

258 2517 364 2545 sostoiui
379 2518 475 2545 cidem.
490 2525 532 2546 III.
547 2522 610 2546 782.
623 2529 648 2546 c.
676 2518 763 2554 Rogat
782 2526 837 2543 eam
854 2522 881 2542 ut
905 2514 939 2543 ad
970 2526 996 2543 sc

260 2570 310 2587 nou
332 2561 430 2597 veniat,
449 2571 496 2589 neu
519 2561 626 2590 intanta
638 2561 663 2589 vi
683 2560 790 2598 frigoris
807 2566 884 2597 atque
902 2558 996 2587 hiemis

900 181 1003 204 tunt-:x
1032 181 1156 203 RERUM.

1049 241 1142 281 pedem
1155 248 1269 269 moveat.
1290 248 1335 268 III.
1348 245 1411 269 782.
1427 253 1450 269 Λ,
1467 241 1506 269 Ad
1520 241 1674 269 l'eutadiam
1692 242 1787 269 iterum

1048 285 1141 313 scribit
1152 285 1371 324 Chrysostomus,
1382 294 1491 321 eamque
1501 294 1668 323 summopere
1683 285 1787 313 laudat.

1050 336 1095 357 III.
1113 334 1177 357 849.
1191 339 1215 355 13.

1089 373 1286 400 PENTATEocnr
1300 377 1393 398 auctor
1406 371 1523 409 Moyses.
1541 378 1586 401 111,
1612 376 1670 400 tlt-¹⁴.
1684 382 1709 399 n.

1088 416 1271 450 Hssxmfflmf„
1281 415 1399 453 quinque
1409 414 1588 442 certaminum
1599 415 1790 453 spectaculum.

1051 465 1107 486 vn.
1132 463 1197 486 435.
1217 469 1240 485 c.
1260 459 1291 486 ln
1315 457 1357 485 his
1378 457 1581 492 certaminibus,
1603 468 1663 485 cum
1685 459 1790 486 nullum

1050 501 1167 530 habebat
1181 502 1242 539 quis
1256 501 1450 537 adversarium,
1466 512 1573 530 saccum
1587 511 1665 529 arena
1681 502 1791 540 plenum

1049 545 1240 585 suspendebat,
1257 553 1282 574 et
1297 556 1358 573 cum
1372 544 1423 573 hoc
1435 545 1518 574 robur
1532 552 1616 573 totum
1638 546 1786 575 exercebat.

1050 598 1106 619 VII.
1123 595 1186 619 435.
1199 602 1225 618 C.

1088 635 1275 663 Pmrmomz
1290 633 1362 672 apud
1376 633 1482 663 Judaeos
1497 633 1547 662 loci
1563 640 1588 661 et
1603 633 1729 672 temporis
1742 633 1789 661 ob-

1048 678 1197 706 servatione
1217 677 1438 706 concludebatur.
1458 685 1477 705 I.
1501 681 1604 705 758.1³.
1629 677 1717 715 Hujus
1731 677 1790 705 festi

1048 722 1221 750 caeremoniae.
1234 728 1266 750 V.
1286 726 1350 752 407.
1364 732 1391 750 n.

1088 767 1254 794 Pentecostes
1265 765 1323 793 festi
1335 764 1453 803 dignitas
1474 764 1547 803 apud
1565 764 1745 795 Christianos.
1766 771 1786 792 I.

1049 814 1113 838 608.
1130 820 1154 838 c.
1172 817 1203 838 II.
1220 814 1284 839 555,
1301 809 1370 837 ,1.111
1384 810 1537 837 Pentecoste
1553 807 1718 837 mirabiliora
1739 819 1789 847 pa-

1048 860 1115 882 trata
1125 860 1185 881 sunt
1196 863 1276 891 quam
1289 853 1354 880 olim
1366 852 1392 880 in
1408 852 1505 891 populo
1517 851 1681 881 Judaico.II.
1697 857 1789 881 5441..

1049 898 1111 925 Post
1123 898 1295 925 Pentecosten
1309 895 1525 924 Christianorum
1541 902 1636 924 auctus
1652 906 1789 923 numerus.

1051 947 1081 968 v.
1101 945 1164 968 231.
1176 951 1199 968 B.
1218 940 1383 968 Pentecostes
1395 939 1491 967 festum
1505 949 1602 976 magno
1618 939 1709 977 populi
1725 950 1789 967 eou-

1048 994 1129 1012 eursu
1141 983 1315 1012 celebratum.
1328 990 1371 1011 IV.
1387 987 1451 1010 848.
1463 992 1491 1011 D.
1505 982 1674 1010 Pentecosten
1687 993 1790 1021 semper

1048 1038 1188 1066 possumus
1205 1027 1346 1056 celebrare.
1371 1033 1403 1054 II.
1426 1030 1488 1054 543.
1511 1037 1538 1056 A.
1562 1027 1694 1060 Quamvis
1718 1028 1789 1055 euim

1047 1072 1174 1110 p1·.‘eteriit
1187 1072 1348 1105 Pentecoste,
1363 1070 1459 1098 festum
1474 1076 1560 1097 tamen
1576 1080 1626 1098 non
1642 1071 1782 1109 praeteriit.

1048 1122 1093 1146 IV,
1121 1120 1186 1143 857.
1211 1115 1241 1142 In
1257 1116 1408 1142 Pentecoste
1434 1113 1584 1151 baptismus
1604 1124 1655 1142 non
1672 1114 1789 1143 dabatur

1047 1165 1166 1196 tempore
1181 1157 1377 1196 Chrysostomi.
1404 1164 1450 1185 Ix.
1468 1161 1511 1185 12.
1530 1168 1555 1184 c.
1577 1159 1637 1193 Qua
1651 1157 1686 1185 de
1707 1169 1787 1188 eausa

1049 1201 1187 1229 statuerint
1207 1208 1295 1240 patres
1318 1207 1346 1228 ut
1367 1200 1435 1227 liber
1453 1201 1578 1227 Actorum
1595 1200 1622 1228 in
1637 1201 1789 1229 Pentecoste

1049 1245 1191 1283 legeretur.
1205 1252 1250 1273 llI.
1269 1248 1332 1272 103.
1348 1255 1374 1271 c.
1390 1245 1430 1271 De
1440 1244 1594 1271 Pentecoste
1608 1243 1737 1273 homiliae.
1756 1253 1787 1273 II.

1048 1294 1110 1318 541.
1132 1290 1195 1317 Post
1216 1289 1386 1316 Pentecosten
1405 1287 1485 1315 habet
1499 1287 1712 1326 Chrysostomus
1735 1299 1789 1317 ser-

1049 1343 1154 1361 monem
1169 1332 1203 1360 de
1219 1334 1303 1360 Anna.
1321 1338 1367 1359 lv.
1384 1336 1448 1361 848.

1088 1377 1274 1404 Pmnzmnas
1288 1374 1436 1413 AEgyptius
1450 1373 1596 1401 maximam
1612 1373 1726 1403 hahebat
1740 1385 1789 1413 po-

1047 1426 1177 1448 testatem.
1195 1426 1227 1447 v.
1250 1423 1313 1447 262.
1333 1429 1357 1446 c.
1382 1418 1459 1446 Uxor
1482 1418 1540 1456 ejus
1561 1417 1707 1446 libidinosa
1725 1425 1790 1446 erat.

1048 1465 1093 1491 ΙΙ).

1087 1511 1205 1536 Panum
1219 1504 1355 1544 quoddam
1367 1504 1554 1534 vestimentum
1567 1504 1700 1543 significat
1715 1505 1787 1543 apud

1048 1553 1173 1581 Paulum.
1189 1560 1236 1582 XI.
1253 1556 1318 1580 780.
1335 1563 1359 1579 A.
1735 1574 1737 1576 .

1087 1599 1300 1626 Paeonium-10
1311 1595 1336 1622 in
1348 1595 1485 1623 Bethleem
1497 1594 1634 1633 religionis
1647 1601 1785 1632 ergoA‘II.

1048 1646 1111 1670 122.
1135 1639 1364 1678 Peregrinationes
1387 1639 1419 1667 ad
1444 1639 1597 1677 sepulcrum
1621 1645 1645 1666 et
1669 1639 1703 1666 ad
1729 1638 1786 1667 loca

1046 1692 1135 1714 saneta
1149 1695 1182 1713 ex
1197 1684 1322 1712 universo
1340 1689 1471 1710 terrarum
1486 1681 1560 1711 orbe.
1578 1690 1611 1710 κ’.
1631 1687 1694 1710 310.
1717 1693 1741 1710 Α.

1086 1729 1242 1757 Pnacium
1257 1726 1283 1754 in
1297 1726 1346 1754 hac
1361 1725 1413 1753 vita
1430 1735 1534 1754 sumus,
1553 1732 1583 1753 v.
1603 1730 1665 1753 398.
1683 1737 1708 1752 A.

1089 1774 1233 1801 PEancw
1248 1770 1301 1798 viri
1315 1769 1441 1797 aerumnis
1456 1768 1577 1797 fortiores
1588 1768 1714 1797 evadunt.
1732 1777 1787 1798 VII.

1051 1822 1114 1847 270,
1128 1827 1155 1846 F..
1172 1815 1323 1844 Perfectum
1340 1813 1385 1850 qui
1398 1824 1425 1841 se
1438 1819 1524 1852 putat,
1541 1823 1555 1840 a
1572 1822 1651 1840 eursu
1665 1813 1788 1841 cessabit.

1049 1869 1096 1890 XI.
1114 1865 1178 1888 334.
1197 1870 1222 1887 c.

1087 1906 1254 1932 Pnncnvnus
1264 1901 1405 1940 episcopus
1417 1899 1604 1938 Chrysostomi
1616 1899 1729 1928 amicus.
1744 1907 1788 1928 III.

1047 1954 1113 1977 710.
1129 1958 1153 1975 Α.
1166 1947 1198 1975 Εἰ
1213 1954 1372 1984 magnopere
1396 1943 1547 1972 confidebat
1572 1943 1788 1980 Chrysostomus.

1049 1999 1095 2020 lII.
1106 1997 1171 2020 710.
1186 2002 1212 2018 Α.
1239 1988 1374 2027 Pergamii
1388 1998 1491 2015 sorores
1508 1986 1694 2025 Chrysostomi
1710 1997 1788 2015 eausa

1048 2036 1197 2074 plurimum
1211 2043 1298 2073 operae
1315 2037 1500 2070 susceperunt.
1513 2037 1557 2058 III.
1576 2034 1640 2057 712.
1660 2041 1684 2057 c.

1089 2080 1159 2107 Peru
1171 2089 1270 2112 monn,
1284 2087 1352 2104 unus
1368 2086 1402 2104 ex
1416 2081 1516 2113 septem
1533 2073 1644 2101 Graeeiae
1659 2073 1789 2112 sapienti-

1048 2123 1109 2157 bus,
1127 2121 1285 2151 Corinthius
1299 2127 1365 2148 erat.
1382 2127 1414 2148 Χ.
1430 2125 1454 2147 1.
1470 2129 1495 2145 n.
1512 2117 1583 2145 J‘tde
1597 2123 1707 2145 nolam.

1089 2168 1278 2195 [lemannum
1298 2163 1454 2193 Judaeorum
1467 2161 1498 2189 ad
1516 2160 1649 2189 curandos
1665 2161 1784 2190 morbos.

1049 2218 1069 2240 1.
1087 2215 1152 2238 834.

1089 2254 1233 2281 Ilmmm
1246 2252 1361 2280 aululcta
1375 2249 1500 2279 curandis
1513 2248 1622 2276 morbis.
1640 2256 1659 2277 I.
1675 2253 1789 2277 835..st

1050 2302 1113 2325 [146.
1132 2307 1159 2324 Ε.

1089 2341 1229 2369 PI-:nlCLEs
1255 2339 1313 2367 dux
1342 2338 1486 2377 praeclarus
1514 2334 1698 2364 Atheniensis.
1730 2343 1788 2365 VII.

1051 2387 1113 2411 [132.
1131 2394 1156 2413 c,

1089 2427 1236 2455 Paucum
1261 2425 1350 2453 omnia
1372 2430 1480 2463 propter
1495 2424 1592 2452 fratres
1604 2430 1708 2452 nostros
1721 2423 1790 2451 sub-

1049 2469 1146 2498 eunda.
1166 2477 1211 2498 tx.
1227 2474 1290 2497 366.
1309 2480 1332 2496 B.

1089 2516 1313 2542 anrarmicos
1330 2513 1364 2540 it]
1379 2513 1518 2551 superavit
1531 2513 1634 2546 Petrus,
1644 2522 1674 2539 ac
1687 2511 1706 2538 si
1725 2520 1785 2538 con-

1053 2565 1091 2587 tra
1108 2564 1194 2587 mutos
1216 2559 1299 2596 pisces
1318 2564 1448 2586 certamen
1471 2556 1614 2585 habuisset.
1632 2562 1675 2583 tx.
1700 2559 1741 2582 65.
1763 2565 1786 2582 ,1.
