1884 2922
88 264 113 284 lu
127 264 228 286 dumna-

88 302 120 317 flu-

84 920 110 940 ln
133 921 222 949 presby-

84 955 155 972 teratu
166 959 223 973 auno

83 988 164 1008 primo.

241 186 311 220 lii-'1-

279 260 337 290 Sub
374 262 452 289 finem
469 261 530 289 anni
551 266 604 289 380
617 284 625 299 7
660 267 704 289 aut
719 261 825 289 initium
838 261 899 289 anui
916 267 981 298 381,

241 304 366 341 Sanctus,
385 305 419 333 ol)
443 305 566 333 morbum
590 315 623 333 ex
642 314 729 333 eremo
750 304 921 333 Antiochiam
942 315 982 333 re-

241 358 344 385 versus,
359 348 499 376 ordinatur
512 348 650 376 diaconus.

279 395 357 421 Anno
381 392 445 428 381}
456 393 581 430 :scriptus
603 392 670 419 liber
694 391 728 420 ad
746 392 865 421 Viduam
884 393 980 431 junio-

239 447 306 473 rem,
331 447 361 465 ac
378 436 552 475 probabiliter
575 435 609 464 ad
633 435 754 464 eamdem
779 447 830 465 non
855 436 900 464 diu
922 444 980 475 post

238 482 352 519 scriptus
376 487 414 508 est
431 479 500 508 liber
515 479 548 508 de
569 489 621 507 non
647 479 766 508 iterando
789 480 930 518 Coujugio.
960 487 979 508 1.

239 529 304 552 338.

277 568 307 596 ln
321 567 463 596 diaconatu
478 566 653 605 probabiliter
674 572 797 594 exaratus
812 573 849 595 est
866 567 932 595 liber
946 567 979 596 de

239 611 412 649 virginitate.
431 618 450 641 1.
465 615 530 639 268.

277 655 354 683 Circa
375 664 475 682 annum
498 657 551 681 382
571 653 732 692 compositus
754 653 822 682 liber
842 654 868 681 in
880 655 908 683 S.
926 655 977 682 Ba-

238 698 330 737 bylam
346 705 435 726 contra
452 697 589 726 Julianum
603 703 627 725 et
643 697 763 735 gentiles,
779 705 813 727 11.
830 701 893 727 536.

277 743 307 770 In
345 741 487 770 diaconatu
519 740 698 769 verisimiliter
722 741 821 780 scripta
844 742 977 781 Synopsis

238 787 264 814 in
280 786 370 815 varios
383 796 465 814 sacrae
479 784 625 824 Scripturae
638 785 720 814 libros
732 797 738 821 ;
752 786 799 814 sed
813 792 877 823 tota,
896 797 977 824 quam

236 829 320 859 edidit
344 830 562 865 Monffauconus,
581 840 632 857 non
651 837 689 858 est
708 830 902 869 Chrysostomi.
928 837 972 859 Vl.

237 879 300 905 314.
315 875 356 902 De
371 873 421 902 hoc
435 873 553 912 actum§
571 878 615 902 16.

274 919 350 948 Circa
378 918 485 946 initium
507 918 569 946 anni
594 922 646 946 386
674 917 881 957 Chrysostomus
902 918 975 947 ordi-

235 969 313 991 natur
327 962 480 1001 presbyter,
499 972 647 999 munusque
657 961 831 990 concionandi
857 961 974 998 ordiens,

236 1006 350 1045 primam
370 1005 451 1034 hahet
472 1005 626 1034 Homitiam.
654 1012 673 1033 1.
702 1010 766 1035 436.
792 1006 880 1034 Num.
908 1010 971 1036 232.

235 1060 298 1090 sqq.

276 1095 338 1122 Post
352 1092 431 1127 hanc,
449 1102 537 1120 mense
550 1091 678 1120 Januario
694 1098 738 1120 aut
751 1092 907 1128 Februario,
924 1093 972 1120 ha-

236 1138 279 1166 bet
293 1137 439 1166 Homiliam
451 1136 484 1164 de
500 1135 574 1170 Ozia,
588 1145 645 1162 eam
662 1135 803 1173 nimirum,
820 1147 879 1174 quae
894 1136 927 1164 de
945 1147 974 1165 eo

235 1187 392 1220 argumento
406 1179 520 1208 secunda
533 1186 570 1207 est
585 1178 720 1217 impressa.
742 1186 785 1207 VI.
809 1184 872 1210 105.
891 1182 974 1209 Secu-

236 1235 267 1254 tae
289 1232 351 1254 sunt
371 1231 431 1252 ante
450 1222 690 1261 Quadragesimam
713 1229 763 1251 tres
782 1223 841 1251 aliae
864 1223 897 1251 de
911 1224 974 1252 Ozia

233 1277 280 1299 aut
290 1270 324 1298 de
333 1268 500 1308 Seraphinis,
511 1266 635 1296 videlicet
649 1266 735 1304 tertia,
750 1267 842 1305 quinta
852 1275 877 1296 et
889 1274 973 1296 sexta.

236 1315 275 1343 De
288 1314 331 1342 his
342 1320 432 1342 actum
446 1312 514 1350 est§
530 1316 575 1340 22.

274 1359 304 1386 In
324 1357 458 1397 principio
472 1355 689 1393 Quadragesimae
704 1355 821 1384 inchoati
836 1362 897 1384 sunt
917 1362 975 1384 octo

235 1403 374 1432 Sermones
392 1401 418 1428 in
436 1399 572 1429 Genesim.
589 1405 634 1427 lv.
651 1403 716 1427 645.
741 1409 884 1437 omnesque
900 1399 926 1427 in
947 1410 975 1427 ea

235 1445 443 1483 Quadragesima
455 1443 531 1472 dicti.
543 1443 560 1481 ἓ
582 1448 625 1471 18.

275 1491 305 1518 In
325 1489 417 1518 eadem
433 1487 658 1526 Quadragesima,
679 1493 868 1525 consequenter
888 1497 976 1516 mense

237 1533 335 1563 Martio
346 1555 353 1567 ‚
368 1532 465 1560 habitae
482 1531 611 1560 videntur
631 1530 689 1559 aliae
712 1531 829 1569 quinque
843 1531 977 1567 Homiliae,

236 1587 329 1616 nempe
342 1576 401 1605 dum
419 1575 452 1604 de
466 1575 663 1614 Prophetarum
677 1575 849 1605 obscuritate.
875 1583 893 1603 1.
912 1580 973 1606 168.

236 1622 312 1650 tertia
332 1627 421 1649 contra
441 1619 604 1648 Manichaeos
621 1619 747 1653 dicentes,
768 1620 908 1648 Dcemones
930 1630 977 1658 gu-

237 1666 346 1694 bernare
368 1663 509 1693 mundum.
528 1671 561 1692 11.
582 1668 646 1693 246.
671 1671 764 1701 quarta
784 1669 876 1692 contra
900 1664 977 1702 Igna-

236 1709 319 1738 viam.
337 1708 412 1737 Ibid.
428 1712 493 1736 267.
508 1714 534 1735 et
547 1707 639 1745 quinta
653 1706 687 1736 de
703 1707 818 1736 Diabolo
837 1714 974 1737 tentatore.

235 1753 309 1781 [bid.
322 1756 387 1781 260.
400 1752 417 1790 ᾗ
428 1756 475 1789 22,
492 1751 581 1779 Num.
600 1755 663 1779 303.
676 1761 739 1789 sqq.

276 1795 378 1824 Eodem
388 1806 469 1829 anno,
482 1794 665 1823 verisimiliter
677 1805 765 1823 mense
778 1795 864 1833 Majo„
884 1794 975 1823 habita

235 1840 352 1869 Homiiia
365 1840 391 1868 in
405 1840 434 1868 S.
448 1839 599 1867 Meletium.
615 1846 649 1868 11.
669 1843 732 1868 518.
750 1839 838 1867 Num.
854 1843 918 1867 240.

275 1883 378 1913 Eodem
389 1883 572 1912 verisimiliter
582 1893 650 1911 anno
662 1883 800 1920 {egrotavit
811 1882 974 1922 Chrysosto-

239 1939 306 1964 mus,
321 1927 468 1965 habuitque
478 1926 624 1954 Homiliam
637 1926 663 1954 in
678 1926 746 1954 illud
754 1926 874 1965 Apostoli
890 1939 895 1953 :
912 1928 976 1955 Hoc

241 1980 335 2001 autem
348 1972 456 2007 scitote,
482 1977 532 1999 etc.
546 1977 592 2001 Vl.
611 1975 675 1999 278.
689 1972 778 1998 Num.
793 1975 846 1999 312
861 1977 886 1999 et
910 1975 974 1999 313.

280 2017 371 2044 Mense
382 2017 502 2054 Augusto
509 2014 600 2043 habita
611 2021 649 2042 est
659 2014 775 2043 Homilia
787 2015 873 2053 prima
886 2022 976 2043 contra

244 2063 394 2088 Anomoeos.
414 2066 433 2087 1.
449 2063 511 2087 444.
529 2059 592 2086 Post
610 2057 679 2085 hanc
700 2058 751 2086 sub
766 2057 847 2086 finem
860 2058 977 2097 Augusti

241 2111 288 2132 aut
298 2104 406 2132 initium
414 2102 588 2141 Septembris,
599 2103 713 2131 Sanctus
722 2101 810 2130 dicere
823 2104 902 2142 coepit
915 2112 976 2130 con-

240 2155 279 2176 tra
293 2147 410 2183 Judaeos,
426 2146 573 2184 habuitque
587 2152 776 2184 consequenter
794 2145 861 2174 duas
876 2146 977 2185 priores

239 2191 369 2220 orationes
392 2197 482 2219 contra
511 2189 626 2219 Judaeos.
645 2197 664 2218 Ι.
691 2193 755 2218 587.
773 2196 798 2217 et
826 2189 891 2218 forte
909 2191 976 2219 alias

240 2234 318 2263 hodie
329 2234 454 2274 perditas.
466 2233 494 2272 ἕ.
509 2238 554 2263 18.

277 2279 369 2306 Mense
382 2276 529 2306 Novembri
555 2277 667 2305 Sanetus
695 2276 804 2305 resumit
830 2279 975 2306 certamina

236 2320 364 2350 adversus
375 2323 527 2355 Anomoeos,
541 2320 641 2358 illoque
652 2327 677 2348 et
687 2320 806 2358 sequenti
818 2331 906 2349 mense
916 2332 975 2350 con-

237 2372 275 2393 tra
290 2365 350 2394 illos
363 2363 582 2393 habetHomilias
591 2363 750 2398 secundam,
764 2364 880 2398 tertiam,
895 2375 974 2403 qnar-

234 2416 287 2437 tam
301 2416 326 2437 et
339 2409 459 2447 quintam
469 2408 503 2437 de
513 2407 788 2447 Incomprehensibili.
804 2407 833 2446 §.
854 2412 898 2437 19.

277 2454 337 2481 Post
352 2453 456 2482 tertiam
470 2452 541 2481 dicta
557 2452 664 2480 videtur
674 2451 792 2481 Homilia
807 2451 839 2480 de
856 2452 973 2481 Anatho-

237 2503 312 2524 mate.
329 2504 348 2524 1.
363 2501 425 2525 691.

277 2541 337 2567 Post
352 2540 472 2577 quintam
489 2550 549 2568 xero
564 2546 657 2568 secutae
681 2539 806 2568 videniur
821 2540 881 2569 diue
896 2541 971 2577 aliar,

237 2583 365 2610 uiuiiruni
381 2582 412 2611 de
425 2584 481 2612 Non
500 2584 645 2621 vulgantlis
658 2584 770 2612 fratrum
784 2585 907 2623 peccatis.
925 2593 969 2615 ut.

653 200 875 222 COMPENDIUM
896 199 1181 222 (Jttttortolofflcum
1199 201 1377 223 GESTQRLM

1040 266 1103 290 344.
1130 269 1154 290 et
1176 262 1210 291 dc
1235 263 1294 291 Non
1320 262 1495 302 desperando.
1527 265 1569 290 lb.
1600 269 1663 293 35¹«.
1687 267 1704 303 5
1724 271 1775 302 252,

1038 306 1126 334 Num.
1140 310 1203 333 802.
1217 312 1243 334 et
1256 316 1315 343 seq.

1077 349 1127 377 Die
1138 356 1185 377 xx
1198 349 1351 377 Decembris
1373 349 1489 377 Homilia
1502 349 1528 377 in
1540 350 1568 379 S.
1585 350 1774 390 Philogonium

1037 392 1139 422 habita.
1156 400 1176 423 1.
1191 398 1254 421 492.
1269 394 1356 421 IVum.
1370 397 1434 421 250.

1084 433 1134 460 Die
1149 439 1221 461 xxv
1237 432 1392 460 Decembris
1415 432 1507 460 habita
1520 433 1635 461 Homilia
1651 434 1676 462 in
1692 435 1777 463 Nata-

1035 479 1086 507 lem
1099 477 1218 506 Domini.
1234 485 1266 506 11.
1283 483 1345 506 354.
1357 479 1447 508 Num,
1463 483 1527 506 276.

1076 526 1145 550 Ante
1160 521 1239 549 finem
1257 522 1319 550 anni
1345 522 1449 560 figenda
1472 522 1588 550 Homilia
1612 522 1639 550 in
1661 523 1775 552 abuten-

1035 574 1071 595 tes
1087 566 1132 594 illo
1142 565 1262 604 Apostoli
1273 565 1358 602 dicio,
1377 565 1443 594 Sive
1451 576 1502 603 per
1513 567 1705 603 occasionem,
1719 574 1771 595 etc.

1034 617 1078 638 111.
1092 615 1155 638 300.
1173 610 1261 638 Num.
1274 614 1337 637 278.

1075 653 1165 681 Primo
1186 651 1230 679 die
1254 652 1317 680 anui
1327 656 1379 680 387
1388 651 1457 680 dicta
1468 652 1583 680 tlomitia
1596 652 1620 680 in
1632 652 1774 682 Kalendas.
1789 659 1796 668 ·'
1809 657 1820 668 ¹¹
1840 658 1851 669 ⁰

1035 704 1053 725 1.
1071 701 1134 725 697.
1150 696 1238 724 Num.
1256 700 1322 723 279.

1810 687 1884 700 secun(

1073 740 1123 768 Die
1138 746 1158 767 11
1176 739 1298 768 Januarii
1319 738 1410 766 habita
1426 738 1542 767 Homilia
1560 747 1568 767 1
1584 739 1617 768 de
1635 741 1733 768 Lazaro
1751 748 1775 769 et
1798 750 1821 761 1¹⁵

1034 783 1143 821 Divite3
1159 789 1308 822 postquam
1325 782 1422 810 deinde
1438 790 1525 811 secuta
1542 790 1580 812 est
1593 784 1720 821 secunda,
1741 796 1771 813 ae

1032 827 1111 856 etiam
1125 827 1201 855 tertia
1219 836 1308 855 mense
1328 826 1465 855 Jauuat·iu.
1481 834 1501 856 1.
1520 832 1585 856 707.
1602 829 1691 856 Num.
1709 833 1772 857 282.

1032 882 1095 910 sqq.

1072 914 1121 943 Die
1133 921 1167 942 VI
1180 914 1302 943 Januarii
1319 913 1502 942 verisimiliter
1524 914 1594 943 dicta
1609 915 1726 944 Hornilia
1749 917 1773 944 in

1032 960 1224 1000 Epiphaniam.
1243 967 1276 989 ΙΙ.
1298 964 1361 988 367.
1393 970 1422 987 ac
1448 960 1576 998 postridie
1591 960 1616 989 in
1631 961 1659 990 S.
1676 962 1774 990 Lucia-

1032 1015 1104 1032 num.
1124 1011 1156 1031 Π.
1177 1007 1240 1032 524.

1070 1048 1121 1076 Die
1147 1055 1232 1076 XXIV
1248 1048 1370 1077 Januarii
1396 1048 1461 1076 dicit
1490 1048 1515 1075 iu
1540 1049 1646 1078 laudem
1670 1051 1699 1081 S,
1721 1051 1773 1079 tza-

1030 1094 1109 1133 bylae.
1130 1100 1163 1121 11.
1182 1097 1245 1121 531.
1265 1103 1294 1120 ac
1307 1093 1387 1132 paulo
1408 1100 1465 1132 post
1482 1094 1506 1121 in
1534 1094 1641 1123 laudem
1656 1097 1705 1125 SS.
1723 1097 1771 1125 Ju-

1030 1136 1132 1165 ventini
1147 1142 1172 1163 et
1186 1135 1339 1163 Maximini.
1358 1138 1402 1164 ΙΙ).
1421 1141 1485 1166 578.
1502 1138 1591 1165 Num.
1608 1143 1671 1166 285.

1069 1181 1132 1208 Post
1159 1179 1219 1207 itlas
1245 1179 1278 1207 de
1315 1179 1480 1218 martyribus
1513 1181 1661 1218 conciones,
1695 1183 1773 1211 habet

1029 1230 1153 1261 quartam
1175 1222 1321 1250 Homiliam
1336 1222 1368 1250 de
1382 1223 1482 1251 Lazaro
1505 1230 1530 1251 ct
1551 1224 1654 1253 Divite.
1673 1233 1691 1254 1.
1705 1231 1770 1254 751.

1028 1266 1124 1295 deinde
1137 1273 1225 1295 secuta
1240 1266 1356 1295 Homilia
1373 1267 1399 1294 in
1411 1266 1479 1294 illud
1491 1267 1612 1306 Apostoli
1625 1291 1633 1302 ‚
1651 1269 1695 1297 De
1704 1270 1769 1298 dor-

1031 1312 1192 1346 ηιιέηιίῐιιις,
1208 1317 1288 1340 etc.1.
1304 1315 1370 1346 762,
1381 1312 1470 1339 EVum.
1487 1316 1551 1340 289.

1057 1356 1149 1383 Mense
1156 1354 1303 1383 Februario
1311 1354 1519 1393 Chrysostomus
1526 1355 1624 1384 iterum
1631 1358 1773 1385 Anomoeos

1031 1398 1189 1437 impugnare
1210 1397 1316 1437 incipit.
1339 1398 1424 1425 Dictae
1437 1405 1499 1426 tunc
1514 1398 1639 1428 Homilioe
1655 1400 1774 1438 quinque

1031 1449 1121 1471 contra
1144 1443 1288 1471 Anomoeos
1308 1441 1358 1469 hoc
1381 1441 1495 1470 ordine:
1514 1442 1601 1480 primo
1615 1443 1739 1482 septima.
1753 1451 1773 1473 1.

1031 1491 1094 1515 501.
1108 1485 1225 1514 secundo
1241 1485 1302 1513 alia.
1323 1492 1367 1513 Vt.
1386 1490 1449 1514 255.
1465 1485 1533 1522 [imo
1549 1485 1606 1514 haec
1622 1487 1773 1515 Constanti-

1031 1529 1120 1568 nopoli
1135 1529 1240 1568 habita;
1254 1529 1302 1557 cfr.
1318 1528 1453 1557 Monitum
1466 1529 1501 1556 T.
1517 1536 1574 1557 xn-
1586 1540 1615 1568 p.
1630 1530 1771 1559 457.edit.

1030 1575 1119 1610 novae]
1135 1584 1142 1609 3
1158 1580 1217 1602 tum
1235 1579 1341 1609 octava,
1358 1583 1436 1606 nona,
1461 1579 1486 1601 et
1509 1579 1567 1611 post
1584 1573 1687 1611 aliquas
1703 1574 1775 1603 sorte

1032 1616 1139 1645 decima
1155 1623 1246 1645 contra
1261 1618 1414 1645 Anomoeos.
1426 1617 1460 1646 T.
1472 1623 1492 1644 Ι.

1071 1665 1144 1693 Inter
1164 1664 1305 1703 praedictas
1319 1663 1406 1692 media
1427 1663 1479 1691 suit
1493 1663 1609 1693 Humilia
1625 1664 1659 1692 de
1674 1666 1772 1694 Resur<

1032 1709 1148 1737 rectione
1158 1715 1334 1736 mortuorum.
1351 1715 1384 1736 lt.
1400 1712 1461 1735 422.
1488 1708 1554 1735 sorte
1565 1708 1644 1736 etiam
1655 1708 1771 1737 Homilia

1030 1752 1064 1780 de
1086 1752 1197 1782 viduis.
1216 1759 1263 1782 111.
1286 1757 1350 1781 311.
1376 1762 1464 1780 mense
1480 1751 1627 1780 Februario
1651 1752 1769 1791 figenda.

1032 1797 1120 1825 Num.
1136 1801 1198 1825 290.
1214 1807 1280 1835 sqq.

1071 1841 1164 1868 Mense
1188 1840 1335 1868 Februario
1359 1839 1438 1868 etiam
1467 1839 1579 1877 figendae
1601 1839 1718 1868 Homilia
1746 1842 1771 1868 in

1030 1885 1120 1912 Terrae
1136 1891 1248 1919 motum,
1262 1884 1368 1922 aliaque
1384 1883 1453 1911 hanc
1478 1893 1600 1921 sequens.
1628 1891 1647 1912 1.
1666 1888 1730 1913 772.
1747 1891 1772 1913 et

1031 1933 1096 1956 790.
1115 1929 1205 1957 Num.
1225 1932 1291 1958 292.

1071 1973 1138 2000 Ante
1162 1971 1401 2010 Quadragesimam
1427 1970 1517 1999 habita
1540 1971 1657 1999 Homilia
1681 1978 1771 1999 contra

1031 2015 1296 2052 Quartodecimanos,
1308 2015 1375 2043 alias
1390 2014 1467 2043 tertia
1482 2021 1571 2043 contra
1589 2014 1695 2044 Judaeos
1722 2025 1772 2042 no-

1031 2059 1140 2087 minata.
1158 2066 1176 2086 1.
1188 2063 1251 2087 606.
1267 2059 1322 2087 sive
1339 2058 1409 2086 circa
1424 2058 1505 2086 finem
1520 2058 1670 2086 Februarii.
1693 2058 1767 2096 §20

1071 2103 1147 2131 Circa
1160 2103 1240 2131 finem
1253 2102 1393 2131 Februarii
1406 2108 1451 2130 aut
1465 2101 1573 2130 initium
1583 2101 1688 2138 Martii,
1699 2101 1769 2130 dicta

1031 2146 1148 2174 Homilia
1174 2146 1200 2174 in
1224 2146 1271 2174 illa
1291 2144 1413 2185 Apostoli
1427 2144 1461 2172 ad
1473 2144 1646 2172 Timotheum
1666 2145 1746 2173 verba
1761 2167 1768 2181 ‚

1031 2191 1146 2219 Modico
1158 2193 1228 2218 vino
1243 2197 1330 2225 utere,
1342 2196 1392 2217 etc.
1411 2195 1444 2217 11.
1459 2194 1483 2216 1.
1500 2189 1587 2217 Num.
1602 2193 1666 2216 333.

1070 2234 1147 2262 Circa
1161 2233 1267 2261 initium
1282 2232 1376 2261 Martii
1391 2238 1483 2259 exorta
1499 2231 1648 2259 Antiochiae
1664 2231 1765 2270 gravis-

1029 2277 1094 2306 sima
1111 2277 1222 2315 seditio,
1239 2277 1265 2305 in
1282 2287 1334 2315 qua
1355 2275 1462 2314 dejectae
1477 2283 1538 2304 sunt
1554 2275 1700 2304 Theodosii
1715 2276 1769 2304 Im—

1030 2321 1158 2360 peratoris
1173 2328 1277 2351 statuoe.
1292 2320 1366 2359 §2:3.

1069 2365 1186 2394 Homilia
1201 2364 1287 2404 prima
1302 2371 1361 2403 post
1384 2364 1458 2392 illam
1482 2360 1658 2398 seditionem)
1677 2369 1768 2391 vocata

1029 2408 1146 2437 secunda
1162 2408 1194 2436 de
1208 2407 1317 2437 Statuis.
1332 2414 1366 2437 11.
1379 2412 1423 2436 20.
1433 2406 1505 2435 dicta
1517 2413 1554 2435 est
1567 2406 1661 2445 paucis
1673 2405 1769 2434 diebus

1029 2459 1088 2481 autc
1109 2451 1364 2489 Quadragcsimam;
1389 2450 1485 2480 deinde
1507 2450 1566 2478 alim
1582 2450 1633 2478 hoc
1652 2449 1764 2478 ordine:

1030 2497 1168 2526 Dominica
1184 2504 1243 2525 ante
1257 2496 1495 2535 Quadragesimam
1518 2506 1562 2524 seu
1580 2502 1637 2524 XIV
1656 2495 1744 2523 Martii
1758 2517 1764 2527 ,

1028 2541 1103 2569 tertia
1134 2540 1249 2569 llomilia
1263 2552 1268 2575 ς
1303 2547 1359 2568 tuin
1401 2546 1494 2578 quarta
1508 2562 1514 2575 ,
1546 2539 1636 2577 quinta
1647 2562 1654 2575 ‚
1676 2545 1764 2575 sexta,

1029 2586 1161 2624 septima.
1198 2592 1289 2613 ortam
1306 2606 1313 2617 ,
1343 2584 1562 2621 decimaquinta,
1603 2594 1648 2611 sex
1670 2582 1765 2612 dicbus
