1950 2922
242 194 249 212 1
267 181 305 222 :4
715 185 742 205 5.

234 253 270 280 sis
285 253 310 280 iu
330 251 374 280 ‹lie
397 249 575 279 translationis
598 247 783 285 Reliquiarum
805 245 862 282 ejus
878 242 972 270 Antio-

236 298 335 334 chiam,
345 308 404 335 quae
420 295 535 325 incidere
550 295 658 324 videtur
672 294 699 321 in
715 290 902 319 duodecimam
918 289 972 317 Fe-

235 343 411 381 l›ruarii,qua
432 342 477 370 die
488 339 683 380 Martyrologia
699 339 825 366 Graecum
836 342 862 364 et
876 336 975 364 Roma-

237 400 301 418 num
314 390 370 427 ejus
383 389 477 416 l'estum
490 387 658 414 annuntiant.
672 383 727 418 Qui
745 381 862 410 calculus
875 381 896 409 si
917 387 975 414 stet,

235 443 258 464 ct
275 437 296 464 si
310 433 504 473 Martyrologia
518 431 590 459 diem
604 428 784 458 translationis
797 434 918 456 accurate
930 437 978 454 no-

237 489 292 510 tent
307 504 313 517 ,
331 480 403 519 qnod
422 487 507 506 tamen
524 487 599 505 secus
613 486 665 504 non
681 485 740 503 raro
757 473 907 512 contingit,
921 472 977 501 haec

237 527 328 556 concio
345 525 435 553 habita
458 523 538 552 suerit
564 521 722 550 duodecima
751 519 891 548 Februarii
914 518 978 546 anni

239 574 310 607 357,
325 578 383 611 post
404 580 486 598 annos
509 567 626 607 quinque
649 574 676 595 et
699 572 757 595 octo
779 576 840 594 cum
863 564 978 593 dimidio

238 629 348 648 menses.
358 618 396 646 Ut
407 623 435 644 ut
450 626 490 644 res
502 621 549 651 est,
560 613 776 643 certumomnino
786 611 896 640 videtin·
912 611 979 638 hanc

238 664 376 693 homiliam
393 662 591 702 pronuntiatam
604 660 684 688 fuisse
694 682 702 695 ,
711 658 754 687 vel
771 668 840 687 anno
855 659 909 686 386
921 663 981 696 post

240 721 357 740 mensem
370 709 486 744 Maium,
499 708 542 736 vel
558 707 665 736 ineunte
676 716 745 734 anno
759 706 826 740 387.
843 704 980 733 Meletium

241 768 304 786 vero
331 763 405 784 tanto
434 765 525 783 amore
553 753 785 793 prosequebantur
814 750 982 785 Antiocheni,

240 811 311 832 tanta
325 801 399 842 apud
412 801 472 829 illos
488 807 544 829 erat
557 800 615 839 ejus
628 799 745 827 nominis
760 798 841 830 fama,
851 803 880 824 ut
892 806 983 825 omnes

241 850 295 878 fere
311 849 375 877 filiis
388 847 443 876 suis
456 845 558 875 Meletii
573 855 668 874 nomen
684 845 897 882 imponerent,et
910 842 984 870 illius

244 894 389 933 imaginem
414 892 514 930 ubique
533 892 689 930 pingerent,
702 888 937 927 imprimerentque
957 887 982 915 in

243 941 359 976 annulis,
371 939 468 977 sigillis
482 945 507 966 et
518 937 625 976 phialis,
642 936 770 964 referente
782 934 983 973 Chrysostomo.

285 985 471 1015 Coneionatori
492 990 564 1012 tanto
592 983 740 1010 innumerae
758 990 814 1009 sese
837 979 983 1008 offerebant

247 1033 341 1062 orandi
361 1038 387 1060 ct
405 1029 534 1069 arguendi
557 1039 641 1057 causae
656 1035 681 1056 et
695 1027 846 1055 occasiones
863 1036 870 1054 z
888 1026 985 1054 Antio-

249 1079 394 1107 chenorum
409 1077 555 1105 multorum
570 1073 694 1103 dissoluti
707 1083 804 1108 mores,
819 1079 844 1100 et
858 1072 986 1100 effrenata

247 1123 427 1163 quorumdam
442 1122 469 1150 in
484 1120 617 1161 peccando
632 1119 738 1148 licentia
750 1141 758 1155 ,
771 1129 853 1157 quam
873 1118 900 1146 in
921 1119 987 1146 serie

247 1170 423 1199 homiliarum
435 1168 584 1206 frequenter
597 1167 689 1205 impeti
705 1165 859 1194 videbimus
875 1176 882 1192 ε
898 1164 986 1192 ἰκετε-

246 1217 361 1245 ticorum
378 1214 446 1243 varii
462 1213 564 1252 generis
576 1235 583 1248 ‚
597 1212 768 1249 maximeque
782 1212 985 1247 Anomoeorum,

246 1262 391 1301 depravata
402 1260 534 1294 doctrina,
545 1258 590 1296 qui
602 1257 721 1296 quotidie
732 1264 823 1285 contra
836 1256 987 1285 Catholicos

247 1307 468 1344 velificabantur3
484 1304 639 1334 Judaeorum
657 1313 762 1341 qnoque
778 1302 880 1330 Christi
895 1301 989 1330 inimi-

252 1364 344 1382 corum
359 1361 525 1389 ausus,quos
537 1350 563 1378 in
575 1350 692 1388 quadam
707 1349 800 1377 saltem
811 1349 911 1376 rituum
924 1359 989 1387 par-

247 1407 274 1428 te
297 1399 468 1428 sectabantur
492 1397 594 1434 aliquot
616 1394 772 1423 Christiani.
788 1394 824 1422 Et
847 1396 989 1422 Anomoeos

253 1446 363 1484 quidem
379 1443 517 1472 adoriendi
531 1441 698 1481 propositum
710 1441 766 1480 jam
781 1440 887 1479 pridem
902 1451 989 1469 susce-

251 1498 336 1530 perat,
352 1497 431 1528 atque
442 1489 468 1517 in
482 1488 577 1528 primis
589 1487 644 1515 suis
661 1486 780 1514 homiliis
795 1486 867 1525 ipsos
879 1486 991 1525 impete—

251 1548 279 1565 re
301 1547 377 1565 orsus
391 1541 474 1570 esset3
486 1533 532 1562 sed
546 1543 607 1562 cum
621 1532 723 1561 videret
739 1532 799 1560 illos
817 1531 990 1561 concionibus

252 1584 376 1611 interesse
387 1582 458 1618 suis,
471 1588 496 1609 et
509 1591 571 1609 cum
586 1579 723 1618 voluptate
735 1589 812 1607 aures
823 1578 874 1607 sibi
890 1579 991 1617 praebe-

252 1640 290 1664 re,
307 1629 482 1667 neproetlczm
498 1628 644 1665 abigeret,
661 1625 747 1663 inquit
762 1625 818 1659 ille,
835 1631 917 1662 utque
930 1624 991 1652 illo-

253 1687 315 1704 rum
329 1675 430 1703 animas
442 1674 558 1702 irretiret
569 1695 575 1707 ‚
590 1672 710 1710 linguam
724 1671 758 1698 ab
770 1669 927 1709 hujusmodi
937 1681 992 1699 cer-

254 1721 399 1751 taminibus
413 1718 581 1757 aliquamdiu
597 1717 721 1746 coercuit.

297 1767 395 1806 Coeptae
411 1772 500 1793 autem
511 1771 573 1793 sunt
592 1763 730 1792 conciones
749 1761 802 1790 illae
817 1768 908 1790 contra
923 1763 994 1789 Ano-

256 1823 338 1842 moeos
359 1819 405 1840 aut
425 1817 545 1840 vertente
561 1809 634 1839 Julio
654 1808 717 1836 anni
732 1809 806 1846 386,
820 1814 866 1835 aut
889 1807 995 1835 ineunte

114 1893 127 1898 ,ἢ
165 1894 169 1897 -
256 1862 380 1898 Angusto
395 1870 401 1888 ;
414 1857 460 1896 qui
474 1856 593 1885 calculus
606 1861 725 1883 constare
736 1853 948 1893 deprehenditur
962 1864 996 1882 ex

101 1892 242 1951 ζ’,ἶῖωῇιζῖ
256 1907 289 1934 iis
301 1916 360 1944 quae
371 1904 404 1932 de
418 1903 505 1943 prima
520 1909 611 1930 contra
625 1900 734 1930 Judaeos
744 1899 856 1928 homilia
870 1899 997 1928 dicuntur

102 1954 156 1983 53¹⁴-
170 1954 224 1976 585.
258 1953 285 1981 in
301 1951 404 1980 Monito
428 1949 465 1978 ad
484 1948 544 1976 illas
563 1954 653 1976 contra
668 1945 776 1976 Judaeos
793 1945 937 1982 homilias,
951 1944 999 1974 ubi

201 2011 237 2030 100
257 2008 292 2025 ex
307 1997 371 2036 ipsis
389 1993 576 2034 Chrysostomi
586 1991 678 2021 verbis
689 1991 814 2030 arguitur
829 1991 944 2030 primam
954 1990 1000 2019 ha-

259 2044 344 2072 bitam
356 2042 437 2070 fuisse
452 2050 542 2069 mense
554 2041 673 2077 Augusto
687 2037 806 2076 ejusdem
817 2037 881 2065 anni
898 2038 963 2065 386.

126 2109 247 2130 condones
300 2090 360 2118 Non
373 2098 425 2116 una
433 2087 499 2116 serie
512 2093 537 2115 et
548 2085 712 2114 continenter
726 2082 804 2112 dietae
814 2083 922 2112 fuerunt
937 2094 998 2112 con-

106 2146 180 2161 anum
193 2141 249 2161 Ano-
260 2135 347 2164 ciones
361 2135 417 2162 istae
439 2139 529 2161 eontra
546 2134 700 2167 Anomoeos3
717 2130 764 2159 sed
780 2130 891 2158 illarum
905 2140 999 2159 cursus

105 2180 179 2192 '¹¹⁴¹'⁰⁵'
261 2181 421 2218 interceptus
433 2186 471 2207 est
479 2178 529 2206 sub
540 2177 660 2212 initium,
670 2175 777 2214 quando
787 2175 927 2214 ingruente
937 2186 1000 2204 casu

261 2233 352 2254 eontra
374 2225 482 2254 Judaeos
506 2222 709 2261 disceptandum
732 2222 791 2250 suit.
814 2221 919 2250 Deinde
936 2233 1000 2251 vero

260 2272 500 2301 contraAnomoeos
514 2276 538 2297 et
553 2275 642 2296 contra
654 2267 762 2297 Judaeos
775 2268 884 2296 alternis
895 2268 1000 2296 vicibus

260 2323 440 2346 concertatum
454 2322 502 2343 est.
520 2317 552 2342 At
569 2315 641 2343 vices
655 2314 716 2343 illas
733 2313 820 2342 metiri
836 2324 888 2342 non
907 2324 1002 2353 possu-

260 2374 321 2392 mus
337 2361 487 2391 intervallis
499 2360 657 2398 aequalibus.

117 1759 181 1778 Anno
198 1755 243 1778 336

103 1793 201 1809 vri-tonte

102 1819 175 1840 julio.

301 2411 330 2438 ln
338 2410 425 2448 prima
436 2408 523 2445 itaque
538 2413 627 2434 contra
641 2408 780 2435 Anomoeos
789 2406 1000 2446 concione,post-

260 2466 341 2494 quam
356 2455 482 2488 dixerat,
500 2451 669 2488 nevidunus,
686 2463 737 2490 qua
751 2452 784 2480 de
800 2463 877 2481 causa
893 2453 999 2492 pridem

261 2508 414 2541 susceptum
429 2498 571 2528 consilium
591 2498 652 2526 illos
674 2498 851 2536 impugnandi
874 2499 949 2527 aliud
971 2500 998 2528 in

262 2557 367 2588 tempus
379 2545 576 2581 transmisisset,
588 2554 690 2583 nempe,
703 2550 732 2571 ut
744 2544 877 2572 auditores
890 2545 935 2582 qui
947 2544 999 2573 sibi

263 2593 386 2624 benevoli
395 2592 564 2628 videbantur,
572 2590 685 2619 irretiret
695 2602 700 2618 z
709 2589 818 2620 demum
831 2591 999 2622 hortantibus

773 183 855 205 ,Ιολλ
864 181 913 203 Νἰὸ
941 180 1177 203 (ΣΙΗὶΥδΟΞΤΟΜΙ
1204 180 1298 210 MTA,

1023 242 1089 281 ipsis
1103 241 1236 270 Anomoeis
1249 248 1278 269 ut
1293 241 1320 269 in
1335 251 1442 270 arenam
1456 241 1636 279 descenderet,
1652 241 1764 270 illorum
1778 247 1842 268 Anno
1867 245 1906 269 38(

1025 300 1126 318 crrorcs
1139 289 1265 328 impetere
1271 299 1347 318 orsus
1358 289 1496 325 est‚amieo
1506 296 1592 318 tamen
1605 289 1705 324 animo,
1714 299 1767 318 non

1028 345 1056 365 ut
1071 337 1239 366 adversarios
1251 337 1358 371 feriret,
1372 336 1418 365 sed
1434 343 1463 364 ut
1474 337 1591 375 jacentes
1606 337 1729 375 erigeret.

1069 383 1222 412 Secundam
1235 390 1325 412 eontra
1341 384 1482 411 Anomoeos
1496 382 1636 411 homiliam
1652 383 1771 422 interpo-

1030 431 1080 459 sito
1092 430 1271 469 plurimorum
1282 429 1390 457 dierum
1403 428 1489 468 spatio
1500 428 1773 467 pronuntiavitffllul-

1030 483 1056 504 ta
1072 476 1141 503 enirn
1154 476 1379 515 chrysostomum
1392 485 1406 502 a
1421 474 1550 503 destinato
1562 485 1641 503 cursu
1650 474 1776 514 interpel-

1032 522 1135 557 larunt;
1147 529 1238 550 contra
1251 521 1358 551 Judaeos
1369 531 1463 560 nempe
1471 521 1574 557 habita,
1585 531 1667 559 eaque
1678 520 1776 549 admo-

1033 568 1099 597 dum
1127 568 1273 597 necessaria
1285 591 1291 603 ,
1307 567 1482 605 concertatio,
1498 567 1531 595 de
1545 578 1596 605 qua
1606 589 1612 601 ,
1626 567 1668 595 his
1683 573 1774 595 contra

1034 616 1175 642 Anomoeos
1197 614 1332 642 recensitis
1350 636 1358 648 ,
1379 613 1502 652 pluribus
1527 613 1776 651 agemus3Patrum

1034 659 1213 698 quorumdam
1228 660 1425 699 spiritualium
1440 659 1489 695 (sie
1501 660 1560 695 ille)
1577 661 1732 693 adventus,
1742 659 1776 687 de

1034 707 1133 744 quibus
1149 717 1196 734 suo
1212 707 1269 734 loco
1288 705 1451 734 narrabitur.
1468 707 1584 734 Demum
1601 705 1655 733 illis
1670 705 1705 733 ad
1717 705 1776 733 loca

1035 764 1082 781 sua
1099 753 1220 788 reversis,
1231 759 1353 781 sanctum
1368 761 1515 790 praeconem
1530 762 1658 790 excepere
1675 761 1777 779 memo-

1035 799 1081 828 riae
1089 806 1241 838 martyrum
1252 798 1402 836 frequentes
1414 809 1423 835 3
1438 797 1536 835 quibus
1549 797 1686 826 celebratis
1699 797 1778 825 inter-

1036 845 1143 874 missam
1161 852 1252 873 contra
1269 847 1410 872 Anomoeos
1426 844 1648 873 concertationem
1661 843 1777 882 repetiit.

1076 892 1108 920 In
1124 891 1201 919 tertia
1214 890 1285 919 idem
1296 896 1484 929 argumentum
1506 890 1542 918 de
1552 889 1778 928 Incomprehen-

1037 939 1177 967 sihilitale
1205 938 1261 965 Dei
1292 943 1384 964 contra
1408 935 1575 964 adversarios
1599 933 1778 974 prosequitur.

1040 984 1097 1013 Sub
1113 984 1195 1012 finem
1208 993 1272 1011 vero
1287 983 1313 1010 in
1329 982 1464 1010 auditores
1477 981 1606 1010 acerrime
1618 980 1756 1010 invehitur
1769 1002 1776 1015 ‚

1040 1029 1112 1068 quod
1126 1029 1263 1062 concione,
1280 1039 1360 1067 quam
1375 1028 1488 1056 libenter
1502 1027 1658 1063 audiebant,
1673 1027 1759 1056 soluta
1772 1050 1779 1062 ‚

1039 1087 1094 1105 sese
1108 1076 1197 1104 statim
1211 1074 1408 1109 subducerent,
1418 1080 1444 1102 et
1456 1074 1538 1102 saeris
1554 1073 1691 1113 mysteriis
1701 1095 1710 1110 ,
1721 1083 1780 1111 quae

1039 1121 1164 1150 continuo
1178 1120 1394 1154 celebrabantur,
1413 1130 1465 1148 non
1479 1120 1645 1148 interessent.

1080 1169 1109 1196 In
1125 1174 1219 1206 quarta
1229 1190 1236 1202 ‚
1251 1174 1310 1206 post
1326 1167 1416 1195 solitas
1427 1173 1518 1195 contra
1530 1166 1670 1194 haereticos
1680 1164 1782 1194 velita-

1041 1214 1134 1249 tiones,
1149 1213 1227 1241 coetui
1240 1212 1401 1251 gratulatur,
1411 1211 1484 1250 quod
1495 1211 1603 1240 monitis
1614 1211 1669 1240 suis
1681 1221 1783 1239 morem

1042 1259 1162 1298 gesserit,
1175 1269 1338 1298 pravamque
1352 1264 1413 1286 ante
1427 1268 1500 1286 sacra
1515 1257 1643 1296 mysteria
1658 1256 1783 1285 receden-

1042 1306 1070 1334 di
1095 1304 1315 1334 consuetudinem
1338 1304 1465 1343 abjecerit
1480 1315 1486 1331 :
1499 1302 1571 1332 dolet
1587 1310 1675 1331 tamen
1690 1325 1698 1338 ‚
1710 1302 1784 1341 quod

1043 1351 1242 1390 marsupiorum
1251 1357 1363 1380 sectores
1373 1349 1485 1388 quidam
1496 1349 1650 1379 concionem
1660 1349 1785 1378 intertur-

1042 1398 1292 1435 barent,monetque
1304 1407 1337 1424 ne
1351 1407 1447 1424 aurum
1458 1403 1633 1435 argentumve
1644 1395 1670 1424 in
1682 1405 1786 1424 marsu-

1043 1444 1096 1484 piis
1110 1443 1240 1478 deferant,
1253 1443 1274 1471 si
1291 1442 1374 1470 velint
1389 1443 1469 1470 talem
1484 1449 1584 1481 pestem
1598 1441 1715 1480 abigere.

1084 1491 1113 1518 In
1130 1490 1222 1528 quinta
1240 1488 1361 1525 demum,
1377 1488 1410 1516 iis
1425 1488 1542 1516 breviter
1555 1487 1714 1523 retractatis,
1726 1498 1786 1526 quae

1044 1536 1120 1576 prius
1135 1535 1256 1570 dixerat,
1271 1545 1340 1562 nova
1356 1533 1466 1562 adhibet
1481 1541 1571 1562 eontra
1585 1535 1727 1561 Anomoeos
1741 1544 1788 1561 ar-

1045 1589 1179 1621 gumenta.
1195 1581 1225 1609 In
1239 1580 1281 1608 his
1296 1590 1375 1618 porro
1390 1579 1563 1608 concionibus
1581 1579 1666 1607 elucet
1691 1578 1783 1618 Chry-

1045 1627 1154 1657 sostomi
1170 1637 1221 1655 non
1237 1626 1323 1654 solnm
1341 1624 1556 1664 eloquentia‚sed
1567 1625 1646 1653 etiam
1658 1625 1787 1663 ἐνέργεια,

1046 1685 1091 1703 seu
1111 1674 1153 1703 vis
1177 1679 1406 1711 argumentorum.
1419 1673 1474 1700 Nec
1497 1671 1587 1700 minus
1612 1670 1788 1710 snspiciendae

1047 1727 1108 1748 sunt
1119 1718 1303 1757 responsiones
1316 1718 1351 1746 ad
1364 1718 1466 1756 objecta
1477 1717 1676 1751 haereticorum,
1690 1717 1790 1755 quibus

1047 1772 1225 1806 asperguntur
1239 1764 1319 1792 etiam
1341 1764 1408 1792 sales
1423 1787 1429 1799 ,
1445 1764 1492 1802 qui
1514 1764 1541 1792 in
1558 1763 1675 1792 dicendo
1689 1763 1790 1791 mirum

1049 1819 1180 1851 quantum
1194 1811 1310 1840 valeant.
1327 1811 1367 1838 Ita
1383 1817 1411 1838 ut
1432 1810 1505 1839 haud
1517 1821 1532 1838 a
1548 1820 1611 1838 vero
1625 1809 1792 1838 aberraverit

1050 1859 1072 1887 si
1087 1858 1148 1896 quis
1169 1857 1216 1885 has
1240 1856 1366 1885 homilias
1385 1856 1453 1884 inter
1471 1854 1688 1895 praestantissima
1708 1854 1793 1883 sancti

1051 1903 1168 1933 doctoris
1182 1913 1262 1942 opera
1277 1902 1481 1941 computaverit.

1092 1950 1154 1978 Post
1170 1948 1307 1986 quintam,
1325 1958 1383 1985 qua:
1399 1957 1487 1975 mense
1502 1945 1660 1982 Decembri,
1676 1951 1705 1973 ut
1719 1944 1794 1974 veri-
1835 1948 1864 1970 Δ.
1887 1948 1930 1972 38Ε

1050 1996 1137 2024 simile
1149 2002 1198 2029 est,
1212 1994 1303 2022 habita
1314 1994 1376 2029 fuit,
1389 1993 1599 2033 Chrysostomus
1610 1991 1644 2021 ad
1659 2002 1728 2020 nova
1740 1992 1793 2020 tela
1804 1980 1927 2028 Decemr..
1947 2006 1950 2025 t

1051 2049 1141 2070 contra
1156 2042 1297 2069 Anomoeos
1314 2039 1445 2068 vibranda
1458 2045 1567 2078 paratus
1577 2060 1584 2074 ,
1599 2044 1628 2066 ut
1643 2037 1699 2076 ipse
1711 2036 1790 2075 dicit,
1801 2022 1931 2082 &cssfflg’gg

1051 2088 1095 2116 die
1106 2088 1170 2115 festo
1184 2087 1212 2115 S.
1225 2085 1378 2124 Philogonii
1393 2085 1510 2124 episcopi
1523 2083 1693 2117 Anfiocheni,
1704 2083 1749 2121 qni
1765 2083 1791 2112 in
1803 2084 1874 2107 nium.
1888 2089 1904 2106 ¹·
1922 2089 1931 2106 ¹

1051 2133 1210 2171 vigesimam
1229 2130 1383 2160 Decembris
1397 2152 1403 2165 ,
1416 2130 1536 2168 quinque
1549 2128 1644 2157 diebus
1661 2135 1720 2157 ante
1733 2129 1792 2157 Na·
1804 2126 1827 2147 Ῑ”
1838 2116 1893 2146 493·

1051 2179 1131 2207 talem
1148 2177 1266 2213 Domini,
1282 2176 1426 2211 incidebat,
1442 2174 1627 2214 interpellatus
1638 2174 1705 2209 fuit,
1721 2174 1794 2213 ejus-

1053 2235 1103 2263 que
1117 2224 1311 2263 panegyrieum
1325 2221 1520 2261 pronuntiavit,
1534 2221 1624 2260 ipsum
1638 2227 1725 2248 tamen
1741 2230 1794 2248 nou

1053 2271 1180 2305 absolvit,
1193 2269 1239 2298 sed
1264 2269 1382 2297 maxima
1411 2268 1539 2307 praeconii
1567 2275 1643 2306 parte
1664 2267 1794 2296 Flaviano

1053 2316 1285 2357 episcopo‚eadem
1299 2315 1343 2343 die
1357 2315 1555 2352 concionatur-o,
1573 2314 1674 2348 relicta,
1686 2314 1713 2341 in
1729 2324 1794 2341 ora-

1053 2364 1134 2393 tionis
1154 2362 1243 2391 medio
1258 2372 1367 2391 cursum
1382 2361 1541 2400 intercepit,
1557 2366 1587 2388 ut
1610 2359 1744 2399 populum
1756 2358 1793 2387 ad

1053 2409 1176 2438 Natalem
1191 2407 1292 2437 Christi
1308 2407 1358 2435 rite
1368 2406 1558 2435 celebrandum
1576 2405 1728 2434 hortaretur
1741 2427 1749 2440 ‚
1763 2416 1794 2434 ac

1054 2462 1195 2494 postquam
1206 2453 1389 2493 peccatoribus
1411 2452 1571 2491 poenitentiae
1586 2451 1793 2489 resipiscentia}-

1054 2512 1105 2540 quc
1119 2501 1229 2529 modum
1242 2499 1413 2539 praeseripsit‚
1423 2499 1568 2527 orationem
1579 2497 1692 2526 claudit.

1095 2549 1255 2585 Sequentcm
1266 2545 1299 2574 de
1312 2543 1685 2574 Consnbstantialihomiliam
1697 2548 1790 2571 contra

1053 2594 1193 2623 Anornoeos
1206 2592 1316 2631 habuit,
1334 2598 1362 2620 ut
1377 2590 1476 2620 indicat
1492 2590 1549 2630 ipse
1559 2612 1568 2629 7
1584 2589 1677 2629 paucis
1692 2587 1788 2617 diebus
