1950 2922
204 906 225 923 Γῆ)

248 218 315 252 irs)
786 224 924 247 Jonsis
953 222 1185 245 marsos-rom
1214 221 1308 253 viri,

271 245 299 264 :r

243 303 363 331 scopum,
382 297 499 318 samium
516 301 526 317 x
537 290 603 317 irum
620 288 747 316 adversus
761 286 982 324 Chrysostomunt

244 337 428 366 insurrexisse.
456 338 555 364 verum
577 342 605 362 ut
621 344 671 361 non
689 340 729 360 sat
743 338 878 371 perspecta
894 341 982 358 rerum

243 382 594 420 Constantinopolitanarum
611 377 778 411 conditione,
795 376 982 415 Clirysostomi

242 429 357 458 inimicis
368 451 374 461 ‚
398 427 542 464 multisque
564 425 643 453 etiam
659 422 843 452 consceleratis
862 432 917 450 sese
931 421 983 450 ad-

238 474 330 513 junxit
347 474 402 501 :ita
426 472 503 499 etiam
520 470 620 498 divinae
642 470 751 498 ultionis
772 468 892 497 minister
919 468 979 496 fuit.

242 520 309 547 Cum
323 519 391 547 enim
406 517 498 556 Cyrini
508 540 515 552 ,
531 514 753 544 Chalcedonensis
767 515 898 553 episcopi,
914 514 983 542 inter

241 565 419 603 primipilares
439 561 623 602 Chrysostomi
639 561 761 590 inimicos
779 560 917 595 acerrimi,
938 570 982 598 pe-

239 611 299 638 dem
323 609 479 648 imprudens
493 608 630 644 calcasset,
657 607 719 635 hine
742 606 846 634 dolores
870 605 982 633 maximi

238 656 325 684 exorti
338 662 410 689 sunt,
423 655 551 683 sectiones
562 653 660 692 pedum
675 659 699 681 et
712 650 820 681 crurum
833 651 982 690 frequentes

238 712 252 728 a
271 700 381 728 medicis
395 699 523 728 adhibitae
534 721 542 735 ,
567 709 596 726 ac
610 699 689 737 paulo
705 705 763 737 post
778 697 803 725 in
818 697 982 726 cruciatibus

237 747 309 775 diem
325 746 419 774 elausit
433 752 599 779 extremum,
615 751 644 772 ut
660 754 740 782 snpra
757 743 887 771 diximus.

277 791 398 821 Necdum
411 798 496 819 tamen
505 791 622 828 iniquam
633 790 706 817 illam
718 789 887 817 inimicorum
896 787 980 827 Chry-

237 838 344 866 sostomi
357 837 579 876 conspirationem
590 836 730 874 agnovisse
739 834 883 863 videbatur
891 835 980 862 Maru-

238 885 296 913 thas
308 897 313 912 z
324 884 353 912 id
370 884 441 912 enim
455 883 571 911 insinuat
585 883 793 921 Chrysostomus
811 891 872 909 cum
885 879 980 918 Olym-

238 930 311 970 piadi
325 930 406 965 dicit,
422 931 562 958 Omnibus
575 929 682 968 officiis
697 938 761 956 eum
777 927 929 965 complecti
946 936 980 954 ne

237 978 364 1012 desinas,
380 983 410 1004 ιιι
423 986 487 1003 eum
499 986 514 1003 e
527 975 665 1002 barathro
676 974 814 1001 extrahas
829 986 838 1002 :
852 971 980 1000 nimirum

237 1034 269 1051 ex
285 1023 408 1051 societate
422 1032 483 1050 cum
498 1020 628 1059 improbis
643 1020 697 1048 illis
715 1019 823 1047 Arsacio
833 1041 839 1053 ‚
855 1017 981 1057 Porphy-

237 1068 290 1104 rio,
302 1067 447 1097 Severiano
456 1090 462 1102 ‚
476 1065 612 1094 Antiocho.
628 1066 664 1093 Ut
675 1071 763 1094 autem
775 1063 867 1093 videas
880 1070 980 1101 quanto

237 1113 337 1151 studio,
355 1112 539 1153 praedicationi
553 1111 685 1149 evangelii
700 1111 726 1138 in
740 1110 881 1145 omnibns,
897 1116 925 1137 ut
943 1109 980 1136 ita

237 1161 326 1190 dicam
340 1183 346 1195 ,
372 1160 444 1189 orbis
468 1159 589 1199 partibus
611 1157 790 1195 advigilaret,
817 1155 980 1195 posthabitis

239 1218 342 1246 semper
355 1206 400 1237 iis,
413 1216 471 1244 quse
486 1204 522 1233 ad
534 1215 560 1233 se
571 1203 709 1243 speciatim
719 1209 837 1241 spectare
851 1201 979 1230 videban-

238 1260 300 1287 tur,
324 1263 382 1290 qum
407 1257 555 1289 sequnntur
569 1250 601 1277 ad
617 1250 729 1278 verbum
745 1255 805 1276 sunt
822 1247 958 1276 referenda
973 1259 978 1274 :

241 1311 254 1325 ιι
269 1300 337 1327 Nam
358 1299 414 1336 ejus
430 1307 509 1335 opera
526 1296 560 1324 ol)
576 1295 693 1323 Persidis
709 1294 812 1332 negotia
832 1304 905 1332 egeo.
931 1296 981 1322 At-

237 1355 300 1382 que,
318 1343 338 1372 si
355 1343 384 1371 id
400 1354 414 1371 a
429 1349 454 1370 te
470 1341 527 1370 lieri
543 1347 639 1380 potest,
657 1351 691 1369 ex
712 1350 742 1368 eo
757 1339 886 1378 intellige,
902 1338 982 1377 quid-

238 1401 300 1419 nam
317 1390 373 1418 illie
388 1389 472 1429 ipsius
486 1388 574 1417 studio
588 1395 666 1426 atque
681 1398 759 1426 opera
775 1387 919 1426 perfectum
935 1387 979 1423 sit,

240 1444 265 1466 et
277 1447 325 1465 cur
337 1437 404 1465 istuc
414 1435 546 1475 profectus
558 1434 591 1463 sit
605 1435 646 1463 sac
656 1434 749 1467 sciam,
763 1444 794 1461 ac
807 1444 868 1461 num
879 1433 901 1462 ei
914 1433 982 1461 (luas

240 1482 380 1521 epistolas,
403 1491 467 1518 quas
481 1479 515 1508 ad
530 1490 590 1508 eum
604 1479 678 1513 misi,
698 1478 855 1507 reddideris.
870 1479 899 1508 Si
914 1477 982 1506 mihi

239 1528 355 1557 scribere
387 1527 449 1555 velit
459 1550 466 1562 ,
492 1536 598 1554 rursum
619 1525 750 1561 scribam;
775 1525 815 1553 sin
840 1525 984 1553 rescribere

240 1582 387 1613 gravetur,
405 1574 497 1603 saltem
522 1573 589 1611 quid
607 1573 663 1601 illic
683 1573 827 1611 perfeetum
852 1573 932 1600 fuerit
950 1572 984 1600 ti-

237 1623 266 1650 bi
282 1628 418 1660 exponat,
445 1627 472 1648 et
493 1630 557 1648 num
582 1619 649 1657 quid
674 1629 766 1647 rursus
786 1618 877 1646 eodem
898 1619 987 1658 proli-

239 1669 341 1696 ciseens
365 1666 532 1706 praestiturus
556 1665 610 1694 sit:
626 1676 685 1694 nam
705 1675 753 1703 ego
780 1665 829 1693 hac
853 1665 886 1693 de
908 1675 986 1693 causa

240 1710 328 1753 ipsum
352 1712 493 1741 convenire
515 1705 668 1740 studebam.
683 1712 836 1749 Utcumque
848 1711 892 1747 sit,
905 1711 986 1749 quid*

240 1759 304 1797 quid
318 1766 424 1787 tuarum
439 1757 555 1797 partium
567 1763 605 1784 est
624 1763 729 1795 praesta‚
742 1767 892 1794 munusque
909 1764 986 1785 tunm

240 1804 327 1842 exple,
339 1804 443 1832 etiamsi
454 1812 544 1831 omnes
565 1812 649 1839 prono
667 1802 753 1840 capite
768 1802 795 1829 in
814 1813 930 1841 praeceps
950 1803 986 1831 fe-

241 1857 335 1877 rantur
348 1861 352 1876 :
366 1859 465 1877 merces
488 1848 558 1876 enim
574 1854 618 1876 tua
633 1847 750 1876 numeris
765 1848 889 1877 omnibus
905 1849 986 1877 abso-

242 1895 298 1923 luta
314 1895 371 1923 erit.
386 1907 399 1920 υ

283 1942 335 1970 Hic
355 1941 430 1970 vides
443 1951 544 1969 novum
560 1940 676 1968 Paulum
691 1951 739 1969 sua
750 1941 839 1970 omnia
855 1941 924 1970 nihil
939 1952 986 1970 eu-

243 1994 359 2023 mntem,
372 1985 521 2015 dummodo
543 1986 713 2024 evangelium
730 1986 779 2014 Dei
795 1987 954 2026 praedicetur
963 1994 987 2016 et

241 2040 414 2073 propagetur.
434 2033 534 2061 [trum
555 2042 619 2060 vcro
633 2032 774 2060 Maruthas
797 2032 987 2072 Chrysostomo

244 2080 352 2108 tandem
369 2077 546 2118 rescripserit,
562 2077 604 2106 vel
629 2078 779 2106 societatem
797 2078 913 2117 aliquam
927 2089 986 2107 cnm

245 2127 292 2154 illo
304 2126 392 2154 inierit
408 2135 455 2164 pro
469 2123 602 2162 evangelii
615 2123 640 2151 in
655 2124 765 2152 Perside
780 2124 985 2162 praedicatione,

244 2183 295 2210 qua
311 2171 345 2199 de
368 2182 395 2199 re
411 2171 454 2199 ille
474 2177 611 2208 tantopere
635 2169 767 2198 sollicitus
789 2177 844 2198 erat
857 2193 863 2205 ,
879 2181 988 2210 prorsus

244 2219 407 2256 ignoramus.
422 2216 609 2254 Nihilquippe
624 2226 653 2243 ea
663 2215 736 2244 dere
749 2216 822 2255 apud
834 2217 985 2255 historicos,

244 2264 286 2292 vel
299 2264 325 2291 in
341 2264 397 2301 ejus
411 2263 546 2301 operibus,
562 2261 604 2290 vel
628 2261 654 2289 in
669 2262 800 2301 epistolis,
817 2263 889 2301 quod
904 2274 988 2301 grave

245 2311 320 2340 dictu
335 2317 387 2340 est.
403 2309 561 2348 reperimus,
589 2309 697 2337 Certum
719 2317 809 2338 autem
833 2317 870 2339 est
890 2313 988 2340 Maru-

248 2357 321 2385 tham
336 2356 363 2384 in
378 2355 570 2393 Mesopotamia
589 2355 744 2394 episcopum
760 2356 859 2391 suisse,
878 2364 923 2386 aut
936 2359 988 2387 Su-

247 2404 437 2442 pharenorum,
453 2408 498 2428 aut
511 2400 646 2439 Sophenes
661 2401 820 2440 provinciae,
833 2410 890 2440 aut,
903 2411 931 2432 ut
942 2405 987 2433 alii

246 2449 341 2478 volunt
355 2470 362 2483 ,
384 2446 597 2485 Martyropoleos
607 2468 614 2480 ‚
629 2457 708 2483 quam
722 2469 728 2482 ,
746 2448 899 2477 Theodosio
913 2450 942 2487 I,
960 2457 989 2478 ut

247 2500 366 2529 narrant,
385 2491 509 2531 pecunias
523 2490 755 2527 subministrante,
778 2493 835 2531 ipse
848 2495 988 2523 Marathas

249 2545 443 2570 constiuxerat.
458 2538 567 2566 Certum
583 2536 646 2565 item
661 2544 699 2565 est
714 2537 794 2576 hujus
809 2541 922 2569 nominis
939 2552 988 2569 ur-

248 2588 306 2615 bem
325 2587 351 2614 in
378 2583 571 2623 Mesopotamia
598 2583 625 2611 in
654 2583 769 2611 confinio
784 2585 902 2615 Persidis
919 2588 986 2615 suis-

249 2644 285 2662 >c.
312 2629 506 2670 Martyropolis
526 2635 614 2656 autem
644 2628 792 2658 vocabatur
806 2653 816 2665 ‚
848 2632 909 2668 quia
949 2633 986 2660 ibi

1038 284 1183 312 multorum
1199 290 1348 323 martyrum
1363 282 1493 320 Reliquiae
1509 282 1636 322 depositae
1656 281 1770 312 fuerant.

1038 330 1154 357 Aitvero
1174 329 1382 369 Chrysostomus
1394 328 1420 356 in
1436 328 1622 364 homilia‚i1n0
1637 328 1726 368 potius
1745 328 1773 355 in

1038 376 1107 404 libro
1123 375 1169 403 illo
1179 397 1186 411 ‚
1201 375 1244 403 cui
1260 375 1368 410 titulus,
1383 374 1462 414 quod
1476 375 1609 403 Christus
1622 376 1658 402 sit
1676 374 1773 409 Deus,

1039 421 1125 449 Tomo
1137 422 1159 456 1,
1174 432 1200 460 p.
1217 421 1273 450 559
1285 432 1291 448 ε
1305 433 1318 447 «
1333 419 1491 448 praedicatio
1511 429 1564 448 non
1582 419 1628 448 hie
1647 425 1749 447 tantum
1764 440 1773 454 ‚

1038 466 1084 495 sed
1097 466 1203 506 etapud
1218 467 1311 495 Persas
1322 466 1409 503 ssoret,
1417 465 1519 494 etiamsi
1531 465 1565 494 ab
1576 464 1629 493 illis
1641 475 1775 503 oppugne-

1038 519 1081 541 tur
1094 524 1100 540 :
1113 512 1210 541 etenim
1226 512 1298 552 apud
1311 512 1371 541 illos
1383 522 1487 550 quoque
1501 517 1653 550 martyrum
1672 509 1776 539 exami-

1039 568 1069 585 na
1089 559 1182 587 multa.
1193 571 1206 584 n
1222 557 1362 586 maruthas
1379 568 1441 595 ergo
1454 558 1479 585 in
1488 556 1598 585 Perside
1610 555 1778 594 evangelium

1039 605 1137 633 Clu-isti
1147 604 1260 632 mirifice
1273 604 1441 644 propagavit,
1449 613 1587 641 magorum
1600 609 1624 630 et
1635 601 1775 630 chaldam-

1038 661 1097 678 rum
1123 651 1315 680 incantationes
1337 650 1439 678 devicit
1454 671 1463 684 ‚
1491 648 1662 687 Isdegerdem
1687 658 1775 686 regem

1037 696 1131 725 morbo
1145 696 1280 724 detentum
1290 719 1297 732 ‚
1312 696 1354 724 cni
1369 695 1439 734 magi
1455 694 1602 724 remedium
1615 694 1710 723 afferre
1720 700 1775 723 ten-

1037 748 1157 770 taverant
1174 763 1181 777 ‚
1204 741 1312 779 integrm
1329 740 1477 770 valetudini
1500 740 1613 769 restituit
1624 761 1633 777 ‚
1648 739 1777 768 miracula

1036 787 1088 815 alia
1104 787 1188 816 multa
1202 787 1329 827 patravit.
1913 814 1916 815 γ

1077 835 1212 869 Quantam
1230 834 1396 862 Gotthorum
1415 833 1614 862 Catholicorum
1626 831 1776 861 Constanti·
1793 834 1927 871 Goutu3rum

1036 881 1127 920 nopoli
1148 880 1304 920 degentium
1321 891 1414 908 curam
1430 886 1531 919 gereret
1550 879 1775 918 Chrysostomus,
1787 867 1910 918 ῗζὲξ”ἳὲ“ξυ’

1036 927 1156 955 vidimus
1180 937 1261 965 supra
1285 926 1317 954 ad
1338 937 1438 955 annum
1465 926 1534 954 599.
1563 925 1679 955 Gotthos
1703 925 1774 954 enim
1787 936 1849 956 gnam
1865 936 1903 964 ει)-

1035 973 1203 1012 Seriptnram
1216 983 1315 1001 sacram
1334 972 1460 1001 Gotthiee
1474 972 1576 1010 legere,
1589 971 1776 1009 Gotthumque
1787 963 1915 1019 ἒᾞῖξζζζζ-

1037 1019 1224 1058 presbyterum
1236 1029 1263 1046 se
1277 1025 1405 1057 praesente
1419 1017 1546 1046 Gotthica
1558 1017 1650 1055 lingua
1665 1016 1774 1045 concio·
1787 1029 1846 1042 mus.

1035 1065 1093 1094 nari
1104 1065 1192 1104 jussit,
1207 1072 1231 1093 et
1248 1072 1307 1103 post
1322 1064 1399 1092 illum
1414 1064 1470 1103 ipse
1489 1064 1584 1092 Graece
1603 1063 1776 1091 concionatus
1787 1064 1829 1091 Et)-
1855 1062 1889 1092 14-
1905 1071 1927 1092 Ρ·
1944 1091 1946 1098 Α

1035 1118 1083 1139 est.
1108 1112 1162 1139 'Nec
1184 1111 1313 1138 minorem
1328 1121 1419 1138 curam
1440 1109 1548 1148 gerebat
1565 1108 1732 1137 Gotthorum
1746 1108 1773 1136 in
1787 1094 1843 1147 232⁷]
1854 1099 1876 1115 οι
1944 1104 1948 1108 ”

1037 1157 1148 1186 Gotthia
1162 1156 1325 1195 degentium.
1344 1158 1403 1185 Non
1425 1157 1461 1184 ita
1486 1155 1588 1195 pridem
1603 1155 1650 1183 illo
1669 1155 1778 1183 miserat

1036 1204 1062 1231 in
1087 1203 1241 1242 episcopum
1259 1202 1384 1237 Unssam,
1400 1202 1491 1230 virum
1505 1200 1713 1238 adnlimndnm5
1731 1199 1778 1228 sed

1036 1251 1154 1285 Marses,
1176 1248 1271 1277 Gotthi
1289 1248 1425 1282 monachi,
1447 1247 1520 1286 apud
1545 1257 1611 1285 quos
1628 1246 1777 1286 Serapion,

1036 1297 1176 1335 episcopus
1189 1295 1322 1324 Heracleae
1336 1318 1342 1331 ,
1359 1301 1488 1334 perpetuo
1505 1293 1692 1328 delitescebat,
1707 1303 1778 1322 nun-

1035 1343 1171 1371 tiaverunt
1190 1341 1224 1376 ei,
1243 1341 1353 1370 Unilam
1366 1341 1473 1377 obiisse,
1485 1347 1626 1380 postquam
1637 1346 1710 1368 tanto
1721 1339 1778 1379 epi-

1036 1398 1115 1427 scopo
1131 1387 1212 1426 digna
1229 1394 1300 1426 gesta
1316 1387 1431 1427 plurima
1446 1386 1580 1422 ediderat,
1592 1385 1781 1415 Moduarium-

1036 1445 1088 1472 que
1103 1433 1245 1462 diaconum
1261 1434 1375 1469 venisse,
1387 1433 1434 1471 qui
1448 1433 1475 1462 id
1490 1438 1655 1467 narraverat,
1667 1442 1697 1460 ac
1710 1431 1781 1469 regis

1039 1481 1202 1509 Gotthorum
1218 1480 1307 1509 literas
1318 1480 1455 1514 afferebat,
1466 1478 1578 1518 petentis
1593 1485 1623 1506 ut
1637 1477 1779 1517 episcopus

1039 1528 1066 1556 in
1083 1527 1222 1557 Gotthiam
1238 1527 1394 1555 mitteretur.
1415 1527 1537 1554 Metuens
1552 1524 1641 1562 itaque
1655 1524 1778 1563 Chryso-

1040 1581 1141 1602 stemus
1163 1584 1195 1602 ne
1208 1573 1332 1601 Arsacius
1355 1580 1382 1601 et
1405 1573 1445 1601 sui
1463 1572 1509 1600 illo
1524 1571 1613 1600 statim
1625 1570 1780 1610 episcopum

1043 1620 1194 1655 mitterent,
1210 1619 1400 1659 Olympiadem
1414 1629 1442 1647 ea
1457 1618 1490 1646 de
1502 1628 1529 1646 re
1543 1623 1631 1646 monet
1645 1617 1671 1644 in
1688 1615 1780 1644 eadem

1043 1666 1154 1705 epistola
1168 1666 1270 1694 decima
1286 1672 1392 1704 quarta,
1405 1671 1434 1693 ut
1448 1664 1508 1693 illos
1524 1663 1652 1702 tantisper
1666 1662 1700 1690 ob
1711 1662 1781 1702 hye-

1042 1724 1111 1742 mem
1130 1720 1276 1742 remoretur
1291 1725 1296 1740 :
1311 1723 1395 1751 neque
1407 1713 1477 1741 enim
1496 1712 1542 1740 illa
1566 1716 1720 1750 tempestate
1735 1716 1782 1737 aut

1044 1760 1070 1788 in
1094 1761 1252 1799 Bosporum,
1275 1766 1320 1788 aut
1336 1760 1361 1787 in
1379 1759 1438 1787 illas
1452 1765 1539 1797 partes
1557 1757 1683 1795 navigare
1706 1762 1779 1794 pote-

1042 1813 1111 1834 rant.
1124 1807 1184 1834 Duo
1200 1806 1271 1834 enim
1286 1805 1347 1834 inde
1362 1805 1430 1834 mala
1446 1809 1641 1841 consequutura
1657 1809 1744 1839 erant,
1756 1807 1783 1830 et

1040 1851 1112 1889 qnod
1127 1851 1161 1880 ab
1176 1851 1229 1880 illis
1242 1851 1372 1880 creandus
1384 1850 1525 1890 episcopus
1536 1849 1580 1878 ille
1593 1855 1670 1884 esset,
1686 1848 1733 1887 qui
1743 1854 1783 1876 tot

1041 1899 1110 1926 mala
1122 1904 1348 1937 perpetraverant,
1361 1904 1385 1926 et
1397 1908 1411 1925 a
1420 1896 1518 1934 quibus
1530 1895 1612 1924 creari
1625 1895 1697 1923 nefas
1704 1899 1783 1931 csset;

1041 1950 1065 1972 et
1077 1945 1147 1982 quod
1159 1944 1194 1972 ab
1204 1944 1260 1971 illis
1269 1950 1420 1977 crearetur,
1434 1942 1481 1980 qui
1494 1940 1635 1981 probitatis
1650 1939 1781 1968 rationem

1041 1990 1143 2017 nullam
1155 1989 1291 2017 haberent.
1307 1990 1401 2028 Opera:
1413 1988 1529 2027 pretium
1541 1993 1629 2015 autem
1638 1986 1693 2014 fore
1700 1985 1779 2022 dicit,

1042 2036 1063 2064 si
1082 2035 1239 2063 Moduarius
1265 2035 1333 2063 clam
1353 2041 1379 2063 et
1402 2035 1458 2062 sine
1472 2033 1584 2071 strepitu
1599 2042 1626 2060 se
1641 2031 1782 2060 convenire

1041 2082 1134 2120 possit.

1080 2128 1147 2162 Quis
1162 2127 1274 2166 hujusce
1285 2127 1385 2166 negotii
1397 2126 1485 2155 exitus
1494 2125 1573 2154 fuerit
1584 2135 1694 2164 prorsus
1708 2125 1783 2164 igno-

1042 2183 1132 2201 ramus
1151 2185 1156 2200 :
1174 2184 1234 2201 nam
1253 2175 1280 2201 in
1292 2172 1402 2212 epistola
1417 2182 1521 2210 quoque
1531 2172 1589 2200 206
1603 2171 1638 2199 ad
1651 2171 1783 2199 Theodu-

1042 2219 1098 2247 lum
1112 2219 1255 2247 diaconum
1271 2219 1350 2247 missa
1366 2218 1459 2247 medice
1474 2224 1499 2246 et
1508 2217 1660 2256 asperrimae
1676 2217 1783 2256 hyemis

1043 2273 1167 2304 tempore,
1180 2264 1257 2292 illum
1272 2264 1335 2293 huic
1345 2263 1449 2303 negotio
1457 2263 1647 2302 advigilantem
1662 2263 1784 2292 hortatur

1043 2320 1072 2341 ut
1085 2314 1172 2341 Deum
1187 2323 1213 2340 ea
1227 2312 1260 2340 de
1276 2322 1352 2340 causa
1368 2318 1499 2351 precetur,
1518 2318 1543 2339 et
1553 2321 1641 2339 moras
1651 2310 1720 2339 trahi
1736 2320 1783 2339 cu-

1043 2366 1091 2387 ret.
1108 2358 1145 2386 Ad
1162 2357 1305 2386 monachos
1320 2357 1469 2386 Gotthosin
1482 2366 1545 2394 agro
1552 2356 1669 2385 Promoti
1682 2355 1783 2394 degen-

1043 2412 1082 2433 tes
1095 2404 1188 2432 eodem
1202 2411 1321 2442 tempore
1335 2403 1474 2441 epistolam
1492 2402 1565 2431 misit
1586 2402 1655 2439 107,
1669 2401 1783 2439 illosque

1043 2450 1134 2478 beatos
1150 2449 1277 2489 praedicat
1293 2448 1328 2477 ob
1339 2459 1471 2478 aerumnas
1487 2456 1512 2477 et
1531 2448 1664 2477 molestias
1681 2447 1733 2476 sibi
1750 2447 1781 2476 il-

1043 2496 1118 2531 latas,
1133 2495 1261 2533 additque
1279 2497 1387 2534 praemia
1400 2502 1427 2523 et
1441 2505 1550 2523 coronas
1571 2494 1634 2522 talia
1657 2493 1782 2533 patienti·

1043 2542 1093 2570 bus
1108 2542 1240 2580 apparari.
1258 2541 1299 2569 llli
1313 2552 1374 2569 vero
1386 2552 1463 2570 omne
1474 2540 1592 2569 studium
1605 2539 1781 2576 exhibebant,

1044 2595 1072 2616 ut
1082 2588 1173 2616 nullus
1188 2588 1213 2615 in
1225 2587 1332 2616 ccclesia
1340 2587 1503 2616 Gotthorum
1516 2586 1646 2615 tumultus
1654 2585 1777 2616 oriretur.

1045 2633 1207 2662 Ilm-labatur
1220 2640 1306 2662 antem
1321 2634 1379 2663 illos
1395 2640 1422 2662 ut
1435 2633 1569 2671 negotium
1589 2638 1717 2670 quantum
1731 2642 1779 2671 po-
