1950 2922
112 299 166 319 Pau.
193 298 251 320 Diill.

112 338 135 358 1¹-
155 329 193 359 4¹-

271 216 336 250 108

302 289 359 318 Hoc
373 289 490 319 Fortassis
504 297 598 320 eventu
614 292 752 330 perculsus
770 293 893 327 Joannes,
912 301 999 319 seces-

229 360 251 378 9⁵
263 345 322 363 sum
345 335 381 364 ad
395 337 552 365 monasteria
569 337 595 365 in
611 337 747 365 montibus
763 337 910 365 Antiochiae
931 337 1000 366 vici-

263 381 303 409 nis
322 382 422 420 posita,
440 393 519 420 quem
538 382 642 420 jamdiu
658 383 748 410 animo
762 389 928 421 conceperat,
951 394 999 412 ar—

260 425 366 455 dentius
378 428 499 466 appetiit.
518 429 609 465 Neque
622 428 692 456 enim
711 428 751 456 illi
766 428 914 466 quidquam
933 439 1000 467 pra:-

261 472 383 500 stabilius
397 473 536 501 videbatur
548 484 604 501 esse
623 474 676 502 vita
690 474 734 501 illa
745 497 751 509 ,
763 485 821 512 quae
834 481 887 502 tota
900 475 1001 503 divinis

261 518 340 546 rebus
352 518 456 546 addicta
469 526 543 547 esset.
559 522 592 547 Et
605 521 660 558 ipse
670 519 777 557 quidem
785 521 841 558 jam
854 530 932 559 penes
945 531 1002 549 ma-

263 570 329 592 trem
352 564 435 591 vitam
460 564 573 593 ducebat
591 565 743 594 monasticae
758 576 809 594 non
829 566 979 594 absimilem
992 589 999 603 ,

262 609 425 648 precationi,
448 611 577 649 jejuniis,
601 611 716 649 vigiliis,
736 611 939 650 Scripturarum
963 612 1002 640 le-

261 655 341 683 ctioni
360 655 467 684 assidue
484 656 617 693 intentus,
632 657 750 685 inclusus
766 668 868 696 semper
882 669 1001 693 manens,

261 707 286 728 et
298 708 449 740 segregatus
465 713 480 730 a
499 703 596 731 saeculo
612 710 637 731 et
656 714 670 730 a
683 703 854 731 saecularibus
869 704 1000 742 negotiis;

262 753 376 775 attamen
395 747 430 775 ad
446 754 548 776 montes
568 749 645 777 illum
665 749 793 777 evocabat
808 750 863 777 vita
884 750 929 778 illa
945 761 1003 778 mo-

262 793 408 821 nachorum
427 794 562 832 angelica,
579 805 658 832 quam
675 806 725 823 non
741 795 820 823 semel
836 795 893 834 ipse
906 795 1004 824 deseri-

132 848 252 870 Munachn-
263 838 310 867 bit.
331 839 374 867 llli
390 850 517 878 namque,
536 841 582 878 qui
598 841 734 869 saecularia
756 842 844 869 omnia
863 841 1003 871 abdicave-

112 888 161 901 rnm
174 882 196 900 in

112 911 223 931 montibus

113 942 129 962 Α
135 950 145 962 n
151 942 235 961 [icelii-”e

113 974 190 993 vicinis
201 973 251 991 vita.

112 1076 190 1104 Chrys.
202 1081 216 1097 t.
231 1082 251 1102 7.

113 1115 135 1135 p.
155 1107 208 1135 074.
230 1107 251 1126 b.

113 1142 134 1158 et
149 1138 251 1165 p.082—-

112 1168 166 1197 684.

140 1212 168 1232 T.
184 1217 218 1235 ιῐ,
231 1220 251 1239 p.

112 1243 167 1265 628.
180 1244 233 1273 629.

264 891 342 921 rant,
362 885 409 913 diu
428 893 489 914 aute
506 886 592 914 lucem
607 887 727 924 quotidie
743 898 852 925 surgere
864 898 1005 917 consueve-

265 937 345 965 rant,
368 937 393 959 et
414 942 465 959 una
488 932 590 960 collecti
611 944 701 972 preces
721 933 867 962 fundebant
889 935 1005 963 Domino

265 976 458 1014 supplicantes,
475 984 505 1005 ut
517 978 543 1006 in
556 979 643 1007 medio
656 980 835 1018 periculorum
852 981 932 1019 hujus
945 981 1005 1009 vitae

265 1020 342 1050 iltaesi
357 1024 520 1061 praete1·irent
531 1047 538 1059 ,
562 1035 592 1052 ac
605 1024 713 1053 demum
729 1033 788 1054 ante
803 1027 920 1055 tribunal
937 1027 1005 1055 illud

265 1075 416 1097 extremum
436 1070 493 1098 sine
506 1077 578 1098 metu
591 1077 615 1099 et
626 1070 724 1100 damno
744 1072 905 1100 accederent.
917 1073 1006 1100 Tunc-

265 1125 316 1152 que
339 1122 475 1153 surgentes
502 1116 579 1144 horas
602 1118 747 1146 matutinas
770 1118 936 1157 psallebant,
960 1128 1006 1146 nee

267 1161 373 1189 modico
389 1161 414 1189 in
436 1162 477 1190 his
492 1163 589 1191 officiis
604 1163 720 1192 insumto
740 1171 871 1202 tempore,
887 1163 920 1191 ad
933 1164 1007 1191 labo-

266 1216 321 1234 rem
338 1218 465 1235 manuum
490 1208 682 1247 properabant.
696 1210 768 1237 Tum
789 1209 835 1237 alii
851 1216 948 1237 terram
966 1209 1007 1237 fo-

266 1252 329 1281 dere
342 1276 349 1287 ,
370 1253 416 1281 alii
428 1254 499 1282 olera
517 1261 541 1282 et
559 1254 693 1292 legumina
712 1265 821 1290 curare,
847 1255 892 1282 alii
911 1265 1006 1292 aquam

266 1305 367 1336 gestare
380 1322 387 1334 ‚
412 1300 458 1327 alii
483 1300 562 1328 cistas
580 1307 604 1328 et
619 1300 705 1328 cilicia
723 1301 828 1338 aliaque
852 1300 1008 1338 hujusmodi

267 1351 355 1372 texere
371 1356 376 1371 :
391 1355 438 1372 uec
458 1345 566 1373 deerant
585 1345 631 1383 qui
652 1345 730 1374 libris
750 1346 902 1374 scribendis
918 1353 943 1374 et
961 1356 1007 1374 ex-

265 1389 412 1418 scribendis
430 1390 523 1419 darent
543 1401 661 1429 operam.

305 1436 409 1464 Partem
431 1437 509 1464 etiam
533 1437 726 1465 matutinarum
742 1437 869 1466 horarum
890 1438 1008 1477 legendis

265 1483 294 1511 S.
309 1483 455 1521 Scripturae
468 1483 544 1511 libris
559 1483 737 1518 insumebant,
750 1483 864 1521 indeque
874 1484 1007 1522 quidquid

265 1528 299 1556 ad
313 1528 454 1556 severioris
472 1528 622 1567 disciplinae
637 1529 722 1567 legem
737 1530 880 1568 pertineret
895 1530 1007 1558 haurie-

264 1575 339 1602 bant.
354 1574 479 1602 Universi
493 1585 583 1612 porrO,
597 1581 655 1602 tum
672 1574 690 1602 ii
706 1575 751 1612 qui
767 1575 918 1603 excolendae
933 1583 1008 1604 terrae

265 1620 392 1648 exercitio
403 1631 456 1648 sese
467 1620 604 1654 dederant,
616 1627 671 1648 tum
682 1621 729 1648 alii
741 1621 785 1658 qui
798 1621 823 1648 in
836 1621 940 1649 cellulis
952 1621 1008 1650 suis

267 1665 372 1694 texendi
385 1666 426 1694 vel
438 1665 580 1694 consuendi
592 1666 712 1694 officium
727 1667 897 1705 peragebant,
910 1678 1007 1706 perpe—

267 1718 312 1740 tuo
325 1711 429 1740 silentio
443 1711 544 1740 addicti
555 1719 639 1740 erant.

306 1757 334 1785 Si
347 1764 433 1785 tamen
447 1758 585 1786 saeculares
604 1757 695 1795 aliqui,
709 1764 762 1785 tam
773 1764 878 1794 sanctae,
897 1765 950 1787 tam
965 1770 1009 1787 ar-

268 1810 316 1831 ctae
332 1803 392 1831 vitae
408 1803 476 1831 fama
491 1803 605 1842 permoti
618 1826 625 1839 ,
639 1804 673 1831 ad
696 1803 806 1832 cellulas
826 1815 918 1832 eorum
937 1816 1010 1833 acce-

268 1848 378 1885 derent3
393 1860 443 1877 non
455 1850 512 1888 jam
527 1849 649 1878 tacebant
667 1850 718 1884 illi,
742 1850 789 1878 sed
809 1850 842 1878 de
862 1850 895 1879 iis
908 1861 965 1888 quae
976 1851 1009 1879 ad

269 1896 407 1933 prtesentis
436 1895 499 1923 vitae
523 1901 685 1923 contemtum
705 1902 730 1923 et
759 1896 854 1924 futurae
875 1896 1011 1934 beataeque

268 1941 436 1969 desiderium
454 1941 559 1969 allicere
575 1948 695 1980 poterant
709 1942 783 1970 haud
801 1942 936 1971 illibenter
948 1954 1012 1971 ver—

269 1987 302 2014 ba
316 1987 455 2015 faciebant.
470 1986 547 2016 Unde
569 1987 702 2015 interdum
721 1988 868 2024 accidebat,
884 1996 913 2017 ut
928 1989 947 2017 ii
965 1990 1011 2027 qui

271 2033 319 2061 hos
334 2033 465 2061 invisendi
489 2043 567 2061 causa
596 2039 699 2061 tantum
721 2041 865 2070 venerant,
883 2034 930 2062 illo
950 2046 1009 2074 per-

272 2079 336 2107 culsi
364 2080 525 2118 spectaculo,
546 2079 665 2118 idipsum
688 2079 748 2107 vitae
763 2089 845 2118 genus
868 2080 1012 2119 amplecte-

272 2133 374 2154 rentur.

315 2172 376 2200 Dies
401 2172 427 2200 in
450 2179 539 2210 partes
555 2179 669 2210 quatuor
691 2172 835 2201 distributa
857 2173 929 2212 apud
953 2173 1013 2202 illos

274 2225 346 2253 era13
366 2218 478 2255 singulae
494 2230 556 2247 vero
569 2226 655 2258 partes
671 2219 764 2247 divino
779 2219 868 2248 officio
883 2219 1012 2248 termina-

275 2263 390 2299 bantur;
409 2264 500 2291 Tertia
513 2274 616 2302 nempe,
628 2266 721 2301 Sexta,
738 2266 812 2293 Nona
828 2272 853 2293 et
869 2266 1012 2305 Vesperis,

276 2319 334 2346 quae
350 2309 459 2337 alternis
470 2309 558 2337 choris
573 2311 736 2348 psalmorum
750 2319 827 2339 cantu
841 2312 1014 2340 celebraban—

276 2360 327 2382 tur.
344 2355 487 2392 Postquam
504 2366 566 2383 vero
580 2356 680 2394 jejuni,
697 2357 768 2385 diem
784 2364 868 2386 totum
884 2358 909 2386 in
926 2358 1013 2397 preci-

275 2400 335 2436 bus,
347 2401 437 2429 labore
447 2411 585 2436 manuum,
596 2402 715 2440 psalmis,
730 2403 921 2432 sacralectione
931 2411 1016 2432 trans-

276 2454 398 2483 egerant,
417 2447 452 2474 ad
467 2447 556 2475 cibum
572 2448 732 2476 sumendum
750 2449 854 2477 tandem
871 2449 1014 2478 convenie-

275 2493 349 2521 bant.
366 2494 451 2521 Ccenae
467 2500 610 2531 apparatus
628 2500 697 2522 totus
712 2501 766 2522 erat
780 2495 856 2533 panis
870 2506 930 2524 eum
946 2496 1012 2533 sale,

275 2538 357 2576 aliqui
370 2539 457 2567 oleum
473 2539 614 2574 addebant,
626 2550 699 2568 senes
713 2547 801 2568 autem
816 2548 840 2569 et
854 2542 1015 2570 infirmiores

274 2585 345 2613 olera
357 2585 398 2613 vel
410 2585 542 2623 legumina
557 2598 562 2613 :
575 2597 644 2624 aqua
658 2586 683 2614 in
696 2593 790 2625 potum
801 2587 863 2615 satis
874 2595 939 2616 erat.
953 2590 1015 2617 Post

275 2642 376 2660 coennm
394 2632 458 2660 fusis
476 2632 600 2671 precibus
619 2633 675 2661 Deo
690 2633 787 2671 gratias
800 2633 923 2672 agebant,
937 2634 1013 2663 exin-

760 232 789 254 S.
815 230 957 254 JoANNts
983 231 1214 256 CHRYSOSTOMI
1239 234 1333 265 Vt'rA,

1053 292 1140 331 deque
1155 294 1274 325 sedentes
1295 305 1344 323 una
1360 293 1394 323 de
1408 294 1487 323 rebus
1506 295 1540 323 ad
1553 295 1664 324 salutem
1681 303 1706 324 et
1720 296 1796 324 ezele-

1052 344 1118 366 stem
1134 340 1218 368 vitam
1232 340 1413 379 spectantibus
1427 340 1509 368 verba
1524 341 1668 377 faciebant,
1686 341 1795 370 demum

1053 383 1119 413 fusis
1141 385 1274 423 precibus,
1289 386 1316 415 in
1336 385 1428 414 storeis
1443 386 1519 414 humi
1537 387 1631 425 positis
1650 387 1792 423 cubantes,

1054 430 1210 459 tenuissimo
1236 432 1296 460 cibo
1321 442 1444 460 somnum
1468 432 1635 461 levissimum
1658 433 1796 462 submini-

1054 482 1160 511 strante,
1170 477 1271 515 aliquot
1282 478 1355 506 horis
1366 478 1547 516 quiescebant,
1556 478 1717 517 demumque
1727 490 1797 518 pra:-

1056 521 1123 549 secto
1139 522 1232 551 leviter
1243 530 1426 552 commonente
1440 530 1465 552 et
1480 524 1536 552 sine
1551 524 1663 563 strepitu
1673 535 1798 564 experge-

1056 567 1132 603 facti,
1147 569 1292 606 surgebant
1305 569 1340 598 ad
1350 569 1439 608 priora
1454 569 1604 608 repetenda.
1621 571 1740 600 Vestitus
1754 579 1797 600 to-

1057 618 1098 640 tus
1113 623 1146 641 ex
1158 613 1222 652 pilis
1236 625 1377 653 caprarum
1389 615 1432 644 vel
1442 616 1604 644 camelorum
1615 623 1672 645 erat
1684 640 1691 653 ,
1707 624 1752 646 aut
1764 629 1798 647 ex

1057 658 1174 697 pellibus
1184 670 1233 688 usu
1250 661 1328 690 tritis.

1095 704 1137 733 Ex
1147 716 1276 734 manuum
1287 707 1378 736 labore
1388 718 1439 736 non
1448 709 1500 736 sibi
1517 708 1596 736 modo
1613 708 1712 737 victum
1722 719 1798 748 para-

1057 750 1141 784 baut;
1158 751 1201 779 sed
1224 762 1284 780 cum
1301 753 1336 781 ita
1355 754 1441 782 tenuis
1456 765 1528 782 coena
1549 765 1676 793 perquam
1694 754 1799 783 minimi

1058 803 1161 825 sumtus
1183 804 1329 836 esset,quae
1349 807 1503 838 supererant
1524 800 1613 828 omnia
1637 800 1800 839 pauperibus

1058 843 1210 881 erogabant.
1218 843 1246 872 Si
1257 845 1317 881 quis
1324 855 1387 874 vero
1403 845 1497 884 hospes
1505 845 1652 881 accederet,
1663 846 1776 874 libenter
1784 858 1799 874 a

1059 889 1196 917 monachis
1207 890 1451 928 excipiebatur,qui
1463 891 1524 919 lotis
1535 891 1557 930 ej
1563 902 1592 919 us
1602 891 1725 930 pedibus,
1733 902 1800 929 quos

1059 945 1138 973 penes
1153 945 1180 963 se
1194 935 1327 967 habebant
1342 937 1414 965 cibos
1426 938 1476 976 ipsi
1489 937 1738 971 subministrabant,
1756 937 1801 966 de-

1059 990 1111 1017 que
1128 991 1217 1009 rerum
1238 988 1402 1010 terrenarum
1421 983 1494 1011 fluxa
1519 983 1671 1011 conditione
1685 984 1800 1012 caelesti-

1060 1037 1158 1065 umque
1174 1027 1299 1056 felicitate
1322 1029 1405 1057 verba
1426 1029 1575 1066 faciebant,
1600 1036 1629 1057 ut
1652 1039 1732 1068 supra
1753 1029 1801 1057 di·-

1060 1081 1160 1099 xunus.

1099 1116 1174 1144 Hanc
1184 1117 1244 1145 vitae
1254 1117 1385 1146 rationem
1391 1118 1524 1157 suscipere
1534 1120 1647 1147 Joannes
1658 1125 1746 1146 noster
1758 1129 1802 1146 cu-

1061 1161 1167 1199 piebat,
1187 1169 1268 1200 utque
1284 1163 1317 1191 ad
1332 1163 1406 1191 illam
1421 1174 1448 1191 se
1463 1170 1644 1202 compararet,
1661 1164 1740 1191 etiam
1755 1162 1802 1192 do-

1062 1207 1097 1234 mi
1112 1209 1238 1236 exercitia
1249 1209 1372 1246 quaedam
1383 1209 1531 1249 monastica
1539 1209 1699 1242 sectabatur;
1709 1219 1802 1238 verum

1061 1253 1095 1280 ab
1115 1253 1164 1281 hoc
1185 1255 1320 1293 proposito
1335 1254 1486 1283 deterrebat
1506 1255 1582 1283 illum
1597 1255 1659 1283 vitae
1674 1256 1803 1294 asperitas

1062 1298 1107 1325 illa
1124 1309 1205 1336 quam
1226 1299 1305 1328 modo
1325 1300 1526 1339 descripsimus.
1544 1300 1583 1328 Ea
1598 1300 1631 1329 de
1646 1312 1674 1329 re
1694 1301 1802 1329 audien-

1062 1343 1112 1372 dus
1128 1345 1172 1373 ille
1186 1352 1232 1373 est.
1245 1359 1258 1373 α
1274 1346 1342 1374 Cum
1365 1358 1449 1386 nuper
1463 1357 1511 1385 ego
1527 1346 1703 1375 decrevissem
1714 1369 1722 1381 ,
1738 1347 1803 1375 reli-

1062 1435 1175 1464 sollicite
1188 1438 1339 1474 quaerebam
1351 1445 1376 1466 et
1390 1438 1558 1473 sciscitabar,
1571 1437 1705 1465 undenam
1717 1447 1804 1465 neces-

1061 1481 1193 1510 sariorum
1206 1490 1368 1511 commeatus
1383 1483 1526 1511 adfuturus
1539 1490 1617 1520 esset,
1627 1490 1652 1511 et
1667 1493 1730 1511 num
1743 1483 1802 1511 fieri

1062 1534 1152 1566 posset
1166 1535 1195 1555 ut
1211 1529 1287 1567 panis
1296 1540 1386 1557 recens
1397 1536 1422 1557 et
1433 1529 1546 1557 diurnus
1558 1528 1740 1557 comederetur
1751 1541 1756 1556 :
1770 1539 1803 1557 an

1062 1571 1122 1609 quis
1135 1582 1175 1599 me
1187 1579 1327 1601 coacturus
1341 1580 1408 1601 esset
1420 1573 1514 1602 eodem
1528 1573 1566 1601 uti
1583 1573 1640 1601 oleo
1657 1583 1706 1611 pro
1719 1572 1805 1600 lucer-

1063 1627 1096 1644 na
1110 1624 1134 1644 et
1147 1628 1195 1655 pro
1208 1618 1284 1653 cibo;
1304 1629 1337 1646 an
1352 1618 1412 1656 quis
1432 1629 1474 1647 me
1489 1619 1655 1658 impulsui-us
1671 1618 1705 1646 ad
1720 1619 1804 1647 mise-

1063 1674 1121 1691 ram
1136 1664 1303 1702 leguminum
1316 1675 1418 1701 escam;
1431 1675 1464 1693 an
1475 1665 1658 1703 assignaturus
1669 1675 1736 1703 opus
1745 1664 1801 1692 du—

1065 1721 1141 1745 rum,
1157 1717 1185 1738 ut
1203 1717 1250 1747 est,
1266 1710 1366 1746 fodere,
1383 1711 1457 1749 ligna
1474 1711 1593 1745 deferre,
1611 1721 1709 1749 aquam
1732 1721 1803 1739 com-

1064 1764 1186 1796 portare,
1204 1764 1228 1785 ct
1246 1765 1339 1785 caetera
1358 1758 1448 1786 omnia
1468 1757 1623 1796 hujusmodi
1639 1757 1802 1792 ministeria;

1065 1811 1089 1832 et
1110 1811 1139 1832 ut
1153 1804 1306 1832 summatim
1322 1804 1420 1840 dicam,
1437 1805 1520 1833 multa
1534 1804 1568 1832 de
1583 1805 1671 1843 quiete
1686 1805 1805 1844 corporis

1064 1850 1274 1888 percontabar.»
1291 1852 1323 1879 At
1344 1851 1392 1878 lios
1407 1850 1469 1886 ille,
1486 1851 1532 1888 qui
1547 1861 1603 1879 sese
1613 1851 1696 1879 menti
1711 1851 1805 1879 offere-

1065 1896 1130 1924 bant
1143 1896 1241 1930 obices,
1255 1896 1363 1924 virtutis
1378 1903 1403 1924 et
1414 1897 1555 1925 severioris
1567 1896 1718 1935 disciplinae
1732 1907 1806 1926 amo-

1066 1953 1094 1970 re
1106 1941 1220 1977 ductus,
1235 1942 1341 1970 tandem
1359 1943 1506 1981 superavit,
1521 1949 1547 1971 et
1566 1942 1600 1971 ad
1611 1943 1658 1971 illa
1673 1943 1806 1972 montium

1068 1987 1235 2016 tabernacula
1251 1988 1420 2016 conscendit:
1436 1988 1505 2016 nihil
1518 1996 1626 2028 potuere
1640 1988 1732 2018 matris
1744 2000 1802 2028 pre-

1069 2044 1110 2061 ces
1122 2041 1147 2061 et
1158 2033 1295 2073 lacryma),
1309 2041 1338 2062 ut
1354 2034 1432 2062 illum
1445 2042 1593 2063 averterent
1605 2046 1620 2064 a
1638 2041 1691 2063 tam
1703 2035 1806 2064 salubri

1068 2080 1216 2119 proposito,
1233 2079 1278 2108 sed
1295 2081 1394 2108 Christi
1409 2080 1520 2109 consilio
1534 2081 1729 2119 obtemperans,
1745 2091 1806 2109 ma-

1068 2133 1135 2154 trem
1150 2126 1257 2164 reliquit
1274 2133 1304 2154 ut
1317 2126 1406 2165 ipsum
1421 2134 1583 2164 sequeretur.

1109 2172 1158 2200 lllo
1171 2182 1231 2199 cum
1241 2172 1365 2206 venisset,
1380 2172 1407 2199 in
1420 2173 1520 2211 Syrum
1536 2171 1678 2210 quemdem
1693 2171 1807 2209 incidit,
1829 2181 1893 2202 Anno
1905 2180 1926 2208 3:

1819 2212 1926 2264 {:2?.⁷.⁵¹

1069 2269 1101 2291 tce
1123 2263 1245 2291 instituta
1261 2262 1382 2291 imitatus
1402 2270 1440 2291 est
1459 2263 1534 2291 annis
1552 2271 1686 2302 quatuor,
1703 2264 1807 2293 luctans
1841 2274 1924 2296 Pana-t.

1070 2319 1131 2337 cum
1153 2309 1323 2347 voluptatum
1347 2308 1482 2347 scopulis,
1497 2319 1564 2346 quos
1583 2310 1661 2338 facile
1681 2320 1734 2338 non
1754 2303 1858 2338 tam4¹·

1068 2355 1251 2392 laborequam
1273 2355 1374 2383 ratione
1396 2355 1540 2393 superavit.
1562 2356 1646 2384 Paulo
1667 2362 1807 2394 postquam
1821 2373 1917 2394 Joannes

1069 2401 1104 2429 ad
1119 2407 1219 2429 montes
1231 2400 1372 2429 secedendi
1382 2411 1459 2429 causa
1474 2412 1501 2429 se
1514 2401 1672 2437 contulerat,
1684 2412 1699 2429 a
1713 2402 1810 2429 Deme-
1822 2409 1926 2424 monaste·

1821 2444 1878 2487 23¹3?
1880 2443 1926 2488 ⁵11?ss

1070 2495 1127 2523 Hoc
1136 2494 1253 2534 primum
1268 2494 1399 2533 specimen
1414 2493 1488 2522 dedit
1501 2494 1638 2532 scriptoris
1654 2493 1689 2522 ad
1706 2504 1809 2522 summa
1822 2499 1861 2525 git-

1068 2217 1241 2245 severissimae
1256 2216 1403 2256 disciplinae
1414 2228 1515 2253 senem,
1530 2224 1556 2245 et
1566 2217 1674 2246 duriora
1690 2218 1747 2257 ejus
1758 2218 1807 2247 vi-

1070 2447 1121 2476 trio
1129 2448 1214 2476 amico
1224 2454 1332 2485 rogatus
1341 2447 1441 2475 librum
1449 2446 1483 2475 de
1491 2447 1701 2486 Compuuctione
1711 2446 1807 2475 edidit.

1070 2542 1124 2570 nati
1139 2554 1144 2569 :
1160 2542 1204 2570 hic
1224 2541 1358 2579 quidquid
1380 2541 1415 2569 ad
1440 2540 1607 2570 suadendum
1627 2540 1744 2570 validius
1757 2550 1808 2568 ex-

1071 2588 1181 2626 cogitari
1216 2594 1299 2626 potest
1327 2586 1480 2615 adhibetur.
1501 2587 1563 2615 Post
1593 2586 1663 2614 huuc
1687 2596 1748 2614 vero
1771 2585 1808 2613 li-

1069 2635 1148 2663 brum
1163 2633 1196 2662 ad
1208 2633 1370 2662 stelechium
1380 2633 1493 2662 alterum
1507 2632 1541 2661 de
1550 2631 1759 2671 Compunctionc
1771 2642 1811 2660 ar-

1815 1341 1881 1360 trium
1898 1340 1926 1360 de

1814 1371 1867 1390 Com
1889 1387 1893 1391 .
1903 1376 1920 1391 ῑ.

1062 1397 1102 1419 cta
1116 1392 1197 1427 urbe,
1215 1392 1249 1420 ad
1265 1393 1437 1421 tabernacula
1458 1393 1648 1421 monachorum
1661 1393 1782 1421 secedere
1793 1415 1801 1430 ,
1815 1410 1836 1430 p.
1852 1379 1902 1423 mie.
1917 1408 1928 1422 c

1827 1309 1860 1329 Ad
1871 1309 1926 1329 Dem
