1884 2922
767 217 869 239 ttxntzx
898 216 1025 240 RERUM.

136 282 165 303 6¹
178 281 199 303 t.
223 286 248 303 c.
268 280 331 304 6155.
350 275 416 314 Ejus
437 276 614 315 principatus.
633 284 664 305 v.
681 282 745 308 308.
766 287 791 306 n.
810 289 870 317 sqq.

131 320 293 357 Unigenitus
309 321 358 348 Dei
371 320 456 348 Filius
471 327 524 348 tam
542 320 684 349 honoravit
699 321 829 358 homiues,
845 329 874 349 ut

132 370 239 402 propter
250 374 294 391 eos
306 364 392 392 sactus
407 364 440 392 sit
453 364 543 393 homo,
560 371 590 392 V.
605 369 670 393 257.
686 367 768 393 Docet
782 366 873 393 nemi-

131 417 189 434 nem
209 406 308 434 vidisse
324 408 420 435 Deum.
451 415 472 436 I.
497 412 561 436 581.
583 419 608 436 A.
635 410 723 444 Quam
746 409 875 437 terribilis

131 450 273 479 descendet
287 451 312 478 in
325 451 368 480 die
379 451 487 490 judicii.
504 459 549 480 vt.
566 457 628 481 349.
646 464 670 480 A.
684 453 727 480 V.
742 453 839 481 thcs
849 460 874 481 et

133 494 285 524 CHRISTUS.

171 541 284 568 Uxms
299 540 475 569 admirandus
493 541 544 575 vir,
565 551 579 568 a
595 540 788 580 Chrysostomo
807 542 872 570 Got-

131 583 193 611 thiae
206 584 346 623 episcopus
358 585 508 613 ordinatus.
523 592 567 613 III.
585 589 652 613 722.
667 598 693 614 A,
707 585 836 613 Praeclara
848 585 874 613 in

133 626 182 654 hac
196 628 301 665 regione
318 629 407 665 gessit,
424 631 470 657 Ih.

172 672 284 699 Umrio
307 679 462 700 naturarum
487 673 554 701 facta
582 680 618 701 est
637 673 664 701 in
687 673 805 702 Christo.
826 680 871 702 111.

133 719 198 743 897.
208 720 273 743 898.
283 716 313 744 Si
327 727 377 744 non
389 717 423 744 sit
433 717 530 751 uniti0‚
541 717 661 745 confusio
673 724 711 745 est
724 724 747 746 ct
756 717 874 746 abolitio.

132 760 178 786 Ib.
209 759 364 788 Unitionem
387 760 434 797 qui
456 759 544 796 dixit,
568 760 635 789 duas
658 760 729 789 dixit
748 768 874 798 naturas;

137 802 222 830 unitio
234 814 286 831 non
300 811 384 843 potest
396 804 475 832 unius
487 811 589 833 tantum
601 815 666 833 csse.
683 810 746 834 898.
762 816 785 833 A.

179 848 322 883 Ument-s,
336 855 409 887 pater
422 849 555 877 Phoenicis
567 849 750 886 adolescentis,
769 851 816 888 qui
837 850 875 878 la-

142 901 206 928 psus
221 892 341 930 resipuit.
368 901 388 921 I.
414 898 458 922 34.
476 904 502 921 c.
525 895 567 923 V.
582 894 719 924 Puotmx.

167 937 286 965 Unmcm
296 937 419 975 episcopo
427 937 535 976 epistola
544 938 738 977 Chrysostomi.
753 945 797 966 III.
808 943 873 966 787.

169 980 255 1007 Umns
267 980 378 1009 cmlestis
387 980 540 1019 descriptiO.
555 988 612 1009 VII.
630 986 675 1010 20.

170 1023 290 1051 Urbium
310 1030 428 1052 tutamen
445 1034 495 1051 non
511 1024 536 1052 in
552 1024 686 1063 lapidibus
700 1032 746 1054 aut
757 1025 875 1064 pruden-

131 1069 166 1096 tia
180 1067 290 1103 civium,
302 1068 385 1096 sedin
403 1068 570 1107 providentia
583 1068 685 1098 divina.
702 1077 747 1098 vt.
764 1075 810 1100 39.
832 1081 860 1100 D.

170 1112 260 1140 Umas
275 1118 397 1139 mortuus
413 1112 502 1140 omnia
522 1112 655 1141 subvertit
675 1113 700 1141 in
717 1113 799 1142 domo
816 1115 875 1142 Da-

133 1155 264 1185 vid.v11.
281 1160 344 1184 512.
363 1168 390 1185 A.

168 1201 331 1235 Usqm-:QL'O
346 1209 400 1227 vox
420 1198 447 1227 in
463 1200 593 1237 Psalmis,
611 1208 649 1229 est
675 1201 807 1237 dolentis,
822 1211 874 1230 non

130 1244 239 1272 moleste
252 1243 370 1271 serentis.
388 1250 420 1271 v.
437 1247 482 1271 53.
501 1254 526 1272 E.
543 1249 606 1275 147.
623 1255 650 1275 n.
670 1250 732 1274 148.

170 1289 261 1316 Unsos
280 1287 422 1325 variasque
441 1287 508 1316 feras
532 1289 611 1317 multi
628 1289 736 1318 alebant
756 1296 875 1329 tempore

130 1331 328 1370 chrysostomi.
346 1338 418 1360 vui.
435 1336 498 1360 324.
510 1344 536 1361 Β.

168 1376 277 1404 Usnnffi
296 1375 458 1404 immanitas.
485 1382 542 1405 VII.
565 1380 629 1404 646.
655 1380 718 1404 647.
740 1376 817 1405 Nihil
844 1388 872 1406 ea

129 1422 250 1461 turpius,
265 1422 335 1452 nihil
353 1422 500 1451 crudelius.
521 1430 579 1454 VII.
597 1428 643 1453 96.
662 1424 717 1452 Cur
737 1425 874 1464 prohibita

130 1467 174 1497 sit.
189 1473 234 1495 IV.
251 1471 317 1496 478.
332 1474 463 1505 quantum
480 1467 592 1507 pauperi
610 1478 710 1496 amara.
727 1476 770 1498 III.
784 1475 829 1498 99.
845 1482 871 1498 A.

131 1522 156 1539 Β.
169 1522 195 1540 c.
211 1510 258 1539 sed
279 1518 403 1539 mutuum
424 1512 561 1550 praestanti
582 1523 632 1541 non
649 1512 738 1541 minus
759 1513 872 1542 exitiosa

130 1565 210 1593 quam
220 1555 367 1594 accipienti.
380 1563 425 1584 IV.
441 1561 503 1584 478.
519 1568 543 1586 Β.
555 1556 617 1586 Sola
632 1557 780 1596 spiritualis
793 1568 873 1586 usura

129 1599 157 1626 in
184 1599 271 1627 mutui
297 1599 467 1637 praestatione
488 1600 642 1638 quaerenda.
658 1608 715 1629 VII.
735 1606 779 1630 96.
805 1613 828 1629 A.
846 1612 870 1630 Β.

130 1643 188 1671 Deo
209 1649 314 1681 oportet
333 1643 474 1679 foenerari,
494 1644 573 1682 idque
594 1656 642 1684 per
662 1645 871 1674 miscricordiam

132 1686 157 1714 in
174 1697 315 1726 pauperes.
341 1694 398 1716 VII.
423 1692 487 1716 228.
511 1689 549 1716 Ne
575 1689 600 1717 in
618 1689 724 1718 lucrum
738 1697 873 1719 vertamus

131 1730 231 1759 alienas
257 1731 420 1760 calamitates
431 1755 437 1765 ‚
461 1739 486 1760 et
513 1743 573 1770 quae
600 1733 635 1762 ad
663 1733 873 1763 misericordiam

131 1781 258 1813 spectant.
266 1782 323 1804 VII.
332 1780 395 1804 645.
409 1788 430 1804 A.
439 1778 493 1805 Nee
501 1777 657 1816 objiciendae
667 1778 737 1817 leges
744 1786 871 1816 externae,

131 1819 193 1856 quia
216 1818 411 1848 damnationem
434 1831 485 1848 non
504 1821 666 1860 impediunt.
683 1824 727 1850 ΙΙ),
744 1833 769 1851 c.
792 1823 870 1851 Usu-

131 1873 189 1890 ram
207 1862 376 1901 reprehendit
391 1870 414 1892 et
430 1864 574 1893 insectatur
586 1866 803 1904 Chrysostomus.
824 1869 870 1895 ΙΙ).

132 1917 157 1934 c.
175 1917 239 1945 sqq.
263 1907 416 1944 Usurariis,
437 1908 483 1946 qui
510 1910 609 1937 scenora
632 1910 778 1938 soenorihus
800 1910 872 1951 adji-

131 1951 224 1984 ciunt,
248 1957 365 1979 extrema
391 1952 461 1980 mala
482 1954 654 1992 praentmtiat.
675 1961 730 1984 VII.
749 1959 814 1983 684.
842 1967 868 1984 A.

131 1999 194 2024 685.
210 1995 327 2023 Usuram
342 1995 482 2024 immanem
495 1996 596 2035 carpit,
611 2008 691 2035 quam
703 1999 872 2028 centesimam

130 2038 271 2067 vocabant.
291 2046 348 2067 VII.
364 2043 428 2067 645.
445 2050 473 2068 c.
491 2041 530 2069 V.
548 2047 656 2069 notam.
688 2048 713 2070 et
735 2042 872 2079 quoddam

131 2092 218 2110 usnrae
234 2092 316 2121 genus
329 2082 494 2112 horrendum
506 2108 513 2122 ‚
528 2095 582 2123 quo
598 2095 648 2113 non
662 2086 803 2114 centesima
818 2098 873 2116 sor-

133 2126 176 2161 tis,
189 2125 233 2154 sed
246 2126 390 2154 dimidium
403 2127 530 2166 exigitur.
546 2135 603 2157 VII.
617 2133 681 2157 692.
701 2130 734 2159 V.
747 2130 869 2159 Fomxr‘s.

170 2171 306 2198 Urmia-as
321 2172 427 2210 propria
441 2172 587 2201 Christiani
597 2173 623 2201 in
633 2174 873 2213 utilitateproximi

130 2213 180 2241 sita
195 2221 245 2242 est.
263 2221 296 2242 Χ.
312 2219 374 2243 353.
393 2226 418 2243 A.
435 2226 458 2243 Β.
475 2221 540 2245 354.
556 2216 675 2245 Utilitati
687 2218 804 2257 proximi
820 2219 872 2248 ad-

131 2256 310 2294 vigilandum.
327 2265 360 2288 X.
381 2263 446 2288 263.
462 2271 491 2290 A.
509 2272 533 2291 n.
549 2261 659 2290 Utilitas
681 2262 871 2292 calamitatum.

132 2306 177 2328 IX.
192 2305 256 2329 446.
274 2311 301 2331 E.
328 2313 352 2330 A.
365 2302 492 2332 festorum
507 2311 532 2332 et
549 2312 736 2334 conventuum.
758 2314 789 2335 V.
807 2312 868 2337 408.

130 2353 152 2370 Β.
165 2342 337 2374 historiarum
352 2356 499 2376 sacrarum.
517 2355 549 2377 v.
563 2353 626 2377 173.
642 2360 668 2379 o.

1614 212 1683 258 599

976 280 1104 307 Uxoncxu
1118 278 1217 307 officia.
1238 286 1280 308 XI.
1295 284 1360 309 814.
1377 292 1403 308 A.
1421 283 1571 311 815.Uxor
1585 290 1621 313 est
1635 284 1680 313 ad·

925 323 1015 361 jutrix
1029 323 1097 359 viri,
1112 323 1257 360 quomodo.
1272 330 1317 352 lv.
1336 328 1400 352 455.
1418 335 1442 353 Ε.
1461 336 1484 353 A.
1497 326 1564 355 Viro
1581 338 1674 366 parcre

929 365 1018 394 debet.
1035 373 1080 394 Iv.
1099 371 1164 395 173.
1177 377 1204 394 D.
1223 377 1248 395 Ε.
1262 372 1365 396 A.174.
1379 367 1426 396 Est
1435 369 1488 398 viri
1501 380 1624 409 regnum.
1639 378 1671 399 V.

930 414 954 438 5.
972 421 999 437 E.
1017 411 1065 438 Est
1086 409 1217 438 secundus
1240 410 1424 450 principat1153
1449 423 1481 442 ne
1499 424 1563 452 ergo
1583 415 1674 453 exigat

928 454 1108 492 mqualitatcm
1123 454 1243 483 honoris.
1268 462 1315 483 XI.
1336 461 1398 484 170.
1417 467 1443 484 E.
1466 468 1527 486 nam
1543 458 1622 487 debet
1637 460 1674 487 si-

929 498 986 526 mul
1001 498 1095 526 timere
1110 505 1135 526 et
1146 498 1259 536 diligere
1271 499 1370 527 virum.
1384 502 1428 528 ΙΙ).
1448 512 1472 530 r.
1488 513 1514 529 A.
1529 502 1674 537 Quomodo

929 541 1019 569 virum
1047 541 1178 580 adjuvare
1204 541 1300 570 debeat
1329 542 1355 570 in
1390 544 1581 582 spiritualibus
1613 553 1675 575 ante

929 586 1030 614 omnia.
1049 592 1066 613 I.
1081 590 1144 614 374.
1155 597 1180 614 Β.
1195 596 1257 625 sqq.
1273 593 1317 615 XI.
1337 592 1401 615 815.
1419 599 1445 617 E.
1460 599 1486 616 r.
1500 590 1635 627 quomodo
1647 591 1674 619 in

929 630 1053 658 omnibus
1074 637 1180 668 portare
1201 629 1297 659 debeat
1317 638 1436 660 catenam
1456 633 1632 663 matrimonii.
1652 643 1674 664 I.

930 679 993 702 376.
1007 685 1034 702 r..
1051 686 1073 703 A.
1086 676 1153 710 Quae
1164 674 1249 703 invito
1262 675 1320 703 viro
1336 676 1471 705 continens
1492 684 1530 706 cst
1541 700 1548 714 ‚
1564 679 1675 717 gravio-

931 727 971 744 res
983 727 1073 755 poeuas
1094 725 1131 746 est
1146 717 1258 754 datura,
1275 719 1298 746 si
1314 719 1335 747 is
1356 719 1498 750 adulteret.
1524 730 1543 750 I.
1566 727 1631 751 376.
1649 735 1674 751 Α.

931 766 996 789 377.
1021 761 1222 799 Calamitatum,
1240 774 1298 801 qnae
1314 764 1373 792 viro
1385 765 1522 803 accidunt,
1539 767 1674 806 particeps

929 805 962 833 sit
976 812 1088 844 oportet.
1105 813 1123 835 I.
1136 811 1200 835 435.
1212 818 1238 835 D.
1256 807 1358 836 [xoris
1375 816 1403 837 ut
1420 809 1521 848 placeat
1537 812 1597 840 viro
1617 812 1675 840 sol-

929 848 1040 876 licitudo
1063 860 1183 878 onerosa.
1211 858 1243 879 X.
1273 856 1335 880 196.
1360 863 1388 881 Ε.
1424 854 1552 883 'uomodo
1577 866 1591 884 a
1616 856 1678 885 viro

929 892 1013 919 amari
1040 893 1145 930 poterit.
1163 900 1232 922 VIII.
1258 899 1322 925 420.
1349 907 1375 925 D.
1396 908 1423 927 E.
1442 899 1544 928 Uxoris
1568 900 1676 938 optima:

930 935 1004 963 dotes
1014 958 1020 970 ,
1031 936 1226 973 benevolentia,
1239 938 1377 975 modestia,
1387 940 1492 978 lenitas,
1506 942 1676 982 benignita53

930 988 981 1006 non
997 979 1116 1018 corporis
1127 979 1266 1017 elegantia.
1285 989 1331 1013 XI.
1352 988 1415 1012 167.
1439 996 1489 1014 un.

969 1023 1047 1051 Uxor
1062 1030 1147 1051 creata
1163 1031 1217 1060 est,
1234 1032 1263 1054 ut
1283 1034 1352 1055 esset
1372 1027 1494 1067 adjutrix
1516 1030 1584 1066 viri,
1601 1042 1672 1071 prce-

929 1066 1021 1094 sertim
1037 1067 1070 1095 ad
1087 1067 1217 1103 salutem3
1238 1069 1284 1097 sed
1300 1080 1352 1099 non
1368 1070 1394 1099 in
1410 1071 1460 1101 hoc
1475 1075 1633 1113 permansit.
1651 1083 1670 1105 I.

930 1115 995 1139 373.
1020 1115 1084 1139 374.
1116 1111 1233 1140 Econtra
1249 1124 1345 1142 uxores
1367 1116 1474 1152 multae,
1494 1125 1518 1146 et
1536 1117 1594 1146 Eva
1613 1127 1676 1147 ante

928 1164 1032 1191 omnes,
1050 1155 1241 1194 impedimento
1256 1157 1371 1188 fuerunt.
1389 1161 1434 1189 lb.
1456 1161 1533 1190 Uxor
1552 1162 1604 1191 Job
1617 1163 1675 1192 viro

929 1198 1025 1226 insonti
1051 1198 1238 1227 insidiabatur.
1259 1207 1290 1229 V.
1310 1206 1337 1232 4.
1354 1213 1380 1231 E.
1403 1204 1508 1233 Uxores
1522 1205 1587 1234 viris
1602 1207 1672 1236 inse-

929 1249 984 1271 stae.
995 1249 1026 1270 V.
1042 1247 1068 1271 3.
1084 1247 1109 1271 4.
1126 1244 1204 1272 Uxor
1218 1245 1287 1274 mala
1302 1248 1433 1285 peccatori
1449 1249 1628 1289 colaphus.V.
1643 1255 1671 1280 3.

930 1297 954 1314 n.
971 1286 1001 1314 In
1018 1297 1101 1315 uxore
1115 1298 1236 1326 quaenam
1249 1290 1314 1318 vitia
1329 1291 1446 1321 ferenda.
1462 1300 1507 1322 XI.
1525 1299 1587 1323 169.
1602 1306 1629 1325 r.
1645 1307 1671 1323 A.

928 1331 1007 1359 Uxor
1021 1331 1091 1358 mala
1103 1332 1261 1371 corrigenda
1276 1341 1322 1363 aut
1336 1336 1491 1367 auferenda.
1509 1345 1555 1366 VI.
1575 1344 1639 1368 144.

967 1375 1045 1402 Uxor
1065 1385 1189 1413 quaenam
1211 1375 1341 1407 ducenda.
1363 1387 1408 1408 Ix.
1432 1385 1496 1409 416.
1522 1382 1671 1418 Quaerenda

928 1418 984 1446 sola
995 1420 1081 1447 virtus
1096 1426 1120 1447 ct
1134 1430 1238 1448 morum
1253 1423 1385 1460 probitas.
1401 1432 1445 1453 III.
1460 1430 1524 1454 261.
1542 1437 1606 1465 sqq.
1623 1435 1670 1456 XI.

929 1466 991 1490 167.
1004 1474 1031 1491 A.
1047 1473 1071 1491 Β.
1090 1473 1154 1502 sqq.
1174 1464 1277 1493 Uxores
1294 1467 1428 1504 quomodo
1448 1468 1605 1508 diligendae.
1623 1478 1670 1500 III.

928 1510 992 1534 256.
1005 1516 1100 1546 n.5qq.
1113 1508 1267 1546 parentibus
1279 1511 1465 1549 praestrendce,
1477 1520 1501 1542 et
1516 1524 1607 1552 quare.
1625 1522 1670 1544 III.

928 1554 993 1578 258.
1007 1551 1086 1579 Uxor
1097 1551 1232 1589 quomodo
1244 1553 1402 1584 erudienda.
1418 1564 1466 1588 XI.
1481 1563 1544 1587 179.
1559 1570 1585 1587 e.
1602 1569 1667 1598 sqq.

927 1594 1015 1622 Multa
1031 1595 1098 1623 bona
1118 1603 1227 1634 praesrat
1247 1607 1317 1626 uxor
1332 1598 1399 1628 bene
1422 1601 1603 1640 morigerata3
1625 1603 1672 1632 sed

927 1638 1072 1677 prudenter
1090 1646 1113 1667 ct
1135 1639 1247 1678 benigne
1265 1641 1405 1681 dirigenda
1424 1652 1471 1673 est.
1493 1653 1538 1674 XI.
1562 1650 1626 1675 629.
1645 1658 1670 1675 Β.

927 1692 990 1720 sqq.
1007 1684 1129 1712 Uxorem
1146 1684 1285 1714 verberare
1300 1697 1380 1724 quam
1396 1695 1473 1728 turpe
1491 1689 1536 1720 sit.
1553 1697 1586 1719 x.
1604 1695 1669 1720 278.

928 1736 956 1755 A.
981 1737 1046 1766 sqq.
1069 1727 1152 1755 Nemo
1173 1736 1327 1768 exspectare
1353 1731 1431 1760 debet
1458 1740 1486 1761 ut
1513 1733 1615 1762 ditetur
1635 1735 1670 1764 ab

928 1780 1022 1805 uxore,
1035 1781 1082 1799 nec
1100 1779 1255 1811 exspectare
1269 1774 1327 1812 ejus
1344 1776 1479 1814 pecunias.
1497 1785 1544 1806 XI.
1565 1783 1629 1807 167.
1643 1789 1668 1808 c.

928 1814 1033 1842 Uxores
1048 1814 1148 1843 divites
1163 1823 1294 1855 protervae
1309 1825 1370 1846 sunt
1381 1841 1388 1854 ‚
1410 1827 1435 1848 et
1456 1830 1551 1859 magna
1575 1821 1675 1851 habent

927 1856 1107 1887 incommoda.
1141 1866 1186 1890 III.
1216 1865 1280 1889 261.
1312 1873 1336 1890 n.
1366 1873 1393 1890 e.
1422 1863 1505 1903 AEgre
1531 1865 1590 1894 viro
1612 1873 1674 1895 sunt

927 1901 1053 1931 subditae.
1077 1909 1097 1931 Ι.
1121 1908 1184 1932 385.
1218 1905 1253 1933 Et
1282 1916 1352 1934 uxor
1378 1918 1480 1946 pauper
1501 1908 1552 1937 viri
1579 1909 1674 1939 divitis

926 1953 1024 1983 quanta
1044 1947 1124 1975 etiam
1147 1949 1274 1987 patiatur.
1299 1952 1344 1978 ΙΙ).
1375 1961 1399 1980 n.
1422 1953 1529 1981 Uxores
1552 1954 1671 1992 Impera-

928 1995 1015 2017 torum
1036 2001 1093 2019 aevo
1112 1991 1298 2031 Chrysostomi
1318 1994 1401 2023 variis
1421 1996 1610 2026 vexationibus
1626 2004 1673 2026 aut

926 2032 1006 2061 etiam
1029 2033 1138 2063 necibus
1165 2036 1278 2066 affectae.
1305 2044 1326 2066 I.
1358 2043 1421 2068 420.
1447 2050 1472 2068 B.
1504 2044 1568 2068 421.
1596 2041 1674 2070 Uxor

927 2076 1063 2105 Theodori
1086 2078 1133 2116 qui
1160 2079 1304 2119 imperium
1324 2082 1508 2120 affectaverat,
1535 2083 1561 2112 in
1583 2084 1675 2124 lacry-

927 2120 1052 2149 mabilem
1070 2121 1189 2161 inopiam
1214 2124 1330 2155 redacta.
1356 2133 1376 2157 1.
1401 2132 1466 2157 420.

967 2166 1072 2194 Uxores
1094 2167 1186 2205 plures
1211 2169 1307 2207 priscis
1332 2171 1500 2210 temporibus
1522 2171 1620 2201 habere
1640 2173 1672 2202 li—

927 2207 1012 2241 cebat,
1038 2209 1110 2247 quod
1133 2210 1258 2240 Christus
1279 2213 1409 2250 sustulit,
1433 2215 1568 2253 angelicos
1586 2227 1675 2246 mores

927 2251 1106 2281 introducens.
1121 2261 1165 2281 Iv.
1185 2259 1250 2283 627.
1267 2267 1294 2286 c.
1308 2267 1336 2285 D.
1350 2258 1471 2287 Uxorem
1485 2260 1627 2299 repudiare
1647 2267 1672 2290 et

926 2295 1006 2324 aliam
1027 2296 1124 2326 ducere
1148 2308 1200 2327 non
1220 2299 1290 2329 licet.
1320 2308 1366 2329 III.
1391 2307 1454 2331 429.
1476 2313 1523 2332 nee
1546 2304 1675 2344 repudia-

926 2346 979 2368 tam
999 2339 1104 2369 ducere.
1127 2348 1173 2370 III.
1198 2346 1261 2371 245.
1286 2355 1308 2372 B.
1333 2354 1397 2384 sqq.
1424 2347 1457 2373 V.
1475 2347 1605 2375 Momm.
