<?xml version="1.0" encoding="UTF-8"?>
<!DOCTYPE html PUBLIC "-//W3C//DTD XHTML 1.0 Transitional//EN"
    "http://www.w3.org/TR/xhtml1/DTD/xhtml1-transitional.dtd">
<html xmlns="http://www.w3.org/1999/xhtml" xml:lang="en" lang="en">
 <head>
  <title>
</title>
<meta http-equiv="Content-Type" content="text/html;charset=utf-8" />
  <meta name='ocr-system' content='tesseract 3.04.00' />
  <meta name='ocr-capabilities' content='ocr_page ocr_carea ocr_par ocr_line ocrx_word'/>
</head>
<body>
  <div class='ocr_page' id='page_1' title='image "./operaomniaquaeex13johnuoft_0020.png"; bbox 0 0 1849 2927; ppageno 0'>
   <div class='ocr_carea' id='block_1_1' title="bbox 132 238 984 261">
    <p class='ocr_par' dir='ltr' id='par_1_1' title="bbox 132 238 984 261">
     <span class='ocr_line' id='line_1_1' title="bbox 132 238 984 261; baseline -0.001 -2"><span class='ocrx_word' id='word_1_1' title='bbox 132 238 177 259; x_wconf 79' lang='lat' dir='ltr'>Xtt</span> <span class='ocrx_word' id='word_1_2' title='bbox 803 239 840 261; x_wconf 74' lang='lat'>1³1:</span> <span class='ocrx_word' id='word_1_3' title='bbox 848 238 984 260; x_wconf 54' lang='lat' dir='ltr'>firmio.</span> 
     </span>
    </p>
   </div>
   <div class='ocr_carea' id='block_1_2' title="bbox 656 450 1168 493">
    <p class='ocr_par' dir='ltr' id='par_1_2' title="bbox 656 450 1168 493">
     <span class='ocr_line' id='line_1_2' title="bbox 656 450 1168 493; baseline -0.002 0"><span class='ocrx_word' id='word_1_4' title='bbox 656 452 734 493; x_wconf 84' lang='lat' dir='ltr'>EX</span> <span class='ocrx_word' id='word_1_5' title='bbox 770 450 1168 493; x_wconf 72' lang='lat' dir='ltr'><strong>PRAEFATIONE</strong></span> 
     </span>
    </p>
   </div>
   <div class='ocr_carea' id='block_1_3' title="bbox 751 585 1081 615">
    <p class='ocr_par' dir='ltr' id='par_1_3' title="bbox 751 585 1081 615">
     <span class='ocr_line' id='line_1_3' title="bbox 751 585 1081 615; baseline -0.006 0"><span class='ocrx_word' id='word_1_6' title='bbox 751 586 905 615; x_wconf 78' lang='lat' dir='ltr'>EMERICI</span> <span class='ocrx_word' id='word_1_7' title='bbox 926 585 1081 615; x_wconf 82' lang='lat' dir='ltr'>BlGOTtt.</span> 
     </span>
    </p>
   </div>
   <div class='ocr_carea' id='block_1_4' title="bbox 130 812 1695 2356">
    <p class='ocr_par' dir='ltr' id='par_1_4' title="bbox 130 812 1695 2356">
     <span class='ocr_line' id='line_1_4' title="bbox 173 812 1689 855; baseline -0.002 -11"><span class='ocrx_word' id='word_1_8' title='bbox 173 830 186 844; x_wconf 73' lang='grc' dir='ltr'>(ι</span> <span class='ocrx_word' id='word_1_9' title='bbox 202 817 269 845; x_wconf 88' lang='lat' dir='ltr'>Cum</span> <span class='ocrx_word' id='word_1_10' title='bbox 287 816 405 855; x_wconf 87' lang='lat' dir='ltr'>primum</span> <span class='ocrx_word' id='word_1_11' title='bbox 419 814 452 843; x_wconf 85' lang='lat' dir='ltr'>de</span> <span class='ocrx_word' id='word_1_12' title='bbox 468 813 570 843; x_wconf 88' lang='lat' dir='ltr'>edendo</span> <span class='ocrx_word' id='word_1_13' title='bbox 589 813 657 842; x_wconf 62' lang='lat' dir='ltr'>Vitae</span> <span class='ocrx_word' id='word_1_14' title='bbox 671 814 698 841; x_wconf 77' lang='lat' dir='ltr'>S.</span> <span class='ocrx_word' id='word_1_15' title='bbox 713 812 823 842; x_wconf 76' lang='lat' dir='ltr'>Joannis</span> <span class='ocrx_word' id='word_1_16' title='bbox 839 812 1024 851; x_wconf 79' lang='lat' dir='ltr'>Chrysostomi</span> <span class='ocrx_word' id='word_1_17' title='bbox 1038 812 1133 840; x_wconf 78' lang='lat' dir='ltr'>Graeco</span> <span class='ocrx_word' id='word_1_18' title='bbox 1146 819 1270 841; x_wconf 78' lang='lat' dir='ltr'>contextu</span> <span class='ocrx_word' id='word_1_19' title='bbox 1285 813 1401 852; x_wconf 82' lang='lat' dir='ltr'>cogitare</span> <span class='ocrx_word' id='word_1_20' title='bbox 1412 813 1490 852; x_wconf 80' lang='lat' dir='ltr'>coepi,</span> <span class='ocrx_word' id='word_1_21' title='bbox 1503 813 1689 842; x_wconf 84' lang='lat' dir='ltr'>Lectorbcnc-</span> 
     </span>
     <span class='ocr_line' id='line_1_5' title="bbox 132 857 1692 898; baseline -0.001 -9"><span class='ocrx_word' id='word_1_22' title='bbox 132 862 201 895; x_wconf 87' lang='lat' dir='ltr'>vole,</span> <span class='ocrx_word' id='word_1_23' title='bbox 217 861 351 889; x_wconf 83' lang='lat' dir='ltr'>uberiores</span> <span class='ocrx_word' id='word_1_24' title='bbox 363 867 437 888; x_wconf 85' lang='lat' dir='ltr'>notas</span> <span class='ocrx_word' id='word_1_25' title='bbox 451 860 477 888; x_wconf 94' lang='lat' dir='ltr'>in</span> <span class='ocrx_word' id='word_1_26' title='bbox 489 870 550 888; x_wconf 83' lang='lat' dir='ltr'>eam</span> <span class='ocrx_word' id='word_1_27' title='bbox 566 859 681 888; x_wconf 84' lang='lat' dir='ltr'>scribere</span> <span class='ocrx_word' id='word_1_28' title='bbox 694 865 839 886; x_wconf 74' lang='lat' dir='ltr'>statueram</span> <span class='ocrx_word' id='word_1_29' title='bbox 852 870 858 892; x_wconf 86' lang='lat'>;</span> <span class='ocrx_word' id='word_1_30' title='bbox 876 858 910 886; x_wconf 87' lang='lat' dir='ltr'>ob</span> <span class='ocrx_word' id='word_1_31' title='bbox 923 857 1003 895; x_wconf 85' lang='lat' dir='ltr'>idque</span> <span class='ocrx_word' id='word_1_32' title='bbox 1017 858 1176 896; x_wconf 79' lang='lat' dir='ltr'>collegeram</span> <span class='ocrx_word' id='word_1_33' title='bbox 1195 858 1331 896; x_wconf 84' lang='lat' dir='ltr'>quidquid</span> <span class='ocrx_word' id='word_1_34' title='bbox 1346 859 1374 888; x_wconf 94' lang='lat' dir='ltr'>in</span> <span class='ocrx_word' id='word_1_35' title='bbox 1399 859 1524 898; x_wconf 77' lang='lat' dir='ltr'>operibus</span> <span class='ocrx_word' id='word_1_36' title='bbox 1535 859 1692 897; x_wconf 81' lang='lat' dir='ltr'>eloquentis-</span> 
     </span>
     <span class='ocr_line' id='line_1_6' title="bbox 131 905 1691 945; baseline -0.002 -8"><span class='ocrx_word' id='word_1_37' title='bbox 131 909 191 937; x_wconf 89' lang='lat' dir='ltr'>simi</span> <span class='ocrx_word' id='word_1_38' title='bbox 207 908 334 944; x_wconf 87' lang='lat' dir='ltr'>doctoris,</span> <span class='ocrx_word' id='word_1_39' title='bbox 344 906 476 945; x_wconf 80' lang='lat' dir='ltr'>quidquid</span> <span class='ocrx_word' id='word_1_40' title='bbox 490 907 516 935; x_wconf 92' lang='lat' dir='ltr'>in</span> <span class='ocrx_word' id='word_1_41' title='bbox 528 906 634 945; x_wconf 82' lang='lat' dir='ltr'>scriptis</span> <span class='ocrx_word' id='word_1_42' title='bbox 647 907 756 934; x_wconf 86' lang='lat' dir='ltr'>Patrum</span> <span class='ocrx_word' id='word_1_43' title='bbox 772 905 928 943; x_wconf 75' lang='lat' dir='ltr'>aequalium,</span> <span class='ocrx_word' id='word_1_44' title='bbox 945 905 1082 943; x_wconf 89' lang='lat' dir='ltr'>quidquid</span> <span class='ocrx_word' id='word_1_45' title='bbox 1096 905 1213 944; x_wconf 84' lang='lat' dir='ltr'>denique</span> <span class='ocrx_word' id='word_1_46' title='bbox 1236 906 1310 945; x_wconf 85' lang='lat' dir='ltr'>apud</span> <span class='ocrx_word' id='word_1_47' title='bbox 1336 906 1477 935; x_wconf 87' lang='lat' dir='ltr'>historicos</span> <span class='ocrx_word' id='word_1_48' title='bbox 1503 906 1691 935; x_wconf 71' lang='lat' dir='ltr'>ecclesiasticos</span> 
     </span>
     <span class='ocr_line' id='line_1_7' title="bbox 131 953 1691 993; baseline -0.003 -7"><span class='ocrx_word' id='word_1_49' title='bbox 131 957 165 986; x_wconf 89' lang='lat' dir='ltr'>ad</span> <span class='ocrx_word' id='word_1_50' title='bbox 181 968 238 986; x_wconf 87' lang='lat' dir='ltr'>eam</span> <span class='ocrx_word' id='word_1_51' title='bbox 253 956 439 985; x_wconf 76' lang='lat' dir='ltr'>illustrandam</span> <span class='ocrx_word' id='word_1_52' title='bbox 453 956 570 984; x_wconf 82' lang='lat' dir='ltr'>conferre</span> <span class='ocrx_word' id='word_1_53' title='bbox 584 954 649 983; x_wconf 72' lang='lat' dir='ltr'>mihi</span> <span class='ocrx_word' id='word_1_54' title='bbox 667 954 818 983; x_wconf 80' lang='lat' dir='ltr'>videbatur.</span> <span class='ocrx_word' id='word_1_55' title='bbox 834 954 902 982; x_wconf 85' lang='lat' dir='ltr'>Cum</span> <span class='ocrx_word' id='word_1_56' title='bbox 918 954 943 982; x_wconf 91' lang='lat' dir='ltr'>in</span> <span class='ocrx_word' id='word_1_57' title='bbox 959 954 1010 982; x_wconf 81' lang='lat' dir='ltr'>hac</span> <span class='ocrx_word' id='word_1_58' title='bbox 1021 954 1116 993; x_wconf 81' lang='lat' dir='ltr'>Sparta</span> <span class='ocrx_word' id='word_1_59' title='bbox 1128 954 1283 982; x_wconf 79' lang='lat' dir='ltr'>exornanda</span> <span class='ocrx_word' id='word_1_60' title='bbox 1298 965 1430 991; x_wconf 82' lang='lat' dir='ltr'>versarer,</span> <span class='ocrx_word' id='word_1_61' title='bbox 1442 954 1511 983; x_wconf 84' lang='lat' dir='ltr'>varii</span> <span class='ocrx_word' id='word_1_62' title='bbox 1525 953 1640 983; x_wconf 86' lang='lat' dir='ltr'>subinde</span> <span class='ocrx_word' id='word_1_63' title='bbox 1650 964 1691 982; x_wconf 89' lang='lat' dir='ltr'>me</span> 
     </span>
     <span class='ocr_line' id='line_1_8' title="bbox 132 1001 1689 1042; baseline -0.003 -9"><span class='ocrx_word' id='word_1_64' title='bbox 132 1005 219 1033; x_wconf 82' lang='lat' dir='ltr'>morbi</span> <span class='ocrx_word' id='word_1_65' title='bbox 231 1011 376 1039; x_wconf 79' lang='lat' dir='ltr'>vexarunt3</span> <span class='ocrx_word' id='word_1_66' title='bbox 391 1004 436 1042; x_wconf 93' lang='lat' dir='ltr'>qui</span> <span class='ocrx_word' id='word_1_67' title='bbox 452 1004 605 1031; x_wconf 87' lang='lat' dir='ltr'>institutum</span> <span class='ocrx_word' id='word_1_68' title='bbox 622 1012 688 1041; x_wconf 82' lang='lat' dir='ltr'>opus</span> <span class='ocrx_word' id='word_1_69' title='bbox 701 1002 727 1029; x_wconf 93' lang='lat' dir='ltr'>in</span> <span class='ocrx_word' id='word_1_70' title='bbox 743 1001 888 1040; x_wconf 84' lang='lat' dir='ltr'>longinqua</span> <span class='ocrx_word' id='word_1_71' title='bbox 906 1008 1026 1040; x_wconf 84' lang='lat' dir='ltr'>tempora</span> <span class='ocrx_word' id='word_1_72' title='bbox 1041 1001 1163 1040; x_wconf 82' lang='lat' dir='ltr'><strong>rejecere.</strong></span> <span class='ocrx_word' id='word_1_73' title='bbox 1182 1002 1285 1030; x_wconf 83' lang='lat' dir='ltr'><strong>Interea</strong></span> <span class='ocrx_word' id='word_1_74' title='bbox 1299 1001 1399 1040; x_wconf 86' lang='lat' dir='ltr'>prodiit</span> <span class='ocrx_word' id='word_1_75' title='bbox 1414 1002 1440 1030; x_wconf 90' lang='lat' dir='ltr'>in</span> <span class='ocrx_word' id='word_1_76' title='bbox 1456 1002 1544 1030; x_wconf 76' lang='lat' dir='ltr'>lucem</span> <span class='ocrx_word' id='word_1_77' title='bbox 1557 1001 1689 1030; x_wconf 81' lang='lat' dir='ltr'>eximium</span> 
     </span>
     <span class='ocr_line' id='line_1_9' title="bbox 131 1048 1690 1091; baseline -0.002 -11"><span class='ocrx_word' id='word_1_78' title='bbox 131 1062 198 1091; x_wconf 89' lang='lat' dir='ltr'>opus</span> <span class='ocrx_word' id='word_1_79' title='bbox 213 1051 246 1080; x_wconf 86' lang='lat' dir='ltr'>de</span> <span class='ocrx_word' id='word_1_80' title='bbox 263 1051 447 1090; x_wconf 83' lang='lat' dir='ltr'>Chrysostomi</span> <span class='ocrx_word' id='word_1_81' title='bbox 459 1050 550 1089; x_wconf 81' lang='lat' dir='ltr'>gestis,</span> <span class='ocrx_word' id='word_1_82' title='bbox 563 1049 597 1077; x_wconf 83' lang='lat' dir='ltr'>ab</span> <span class='ocrx_word' id='word_1_83' title='bbox 614 1049 794 1077; x_wconf 85' lang='lat' dir='ltr'>eruditissimo</span> <span class='ocrx_word' id='word_1_84' title='bbox 809 1056 833 1077; x_wconf 89' lang='lat' dir='ltr'>et</span> <span class='ocrx_word' id='word_1_85' title='bbox 849 1048 882 1077; x_wconf 87' lang='lat' dir='ltr'>de</span> <span class='ocrx_word' id='word_1_86' title='bbox 896 1048 1004 1077; x_wconf 86' lang='lat' dir='ltr'>historia</span> <span class='ocrx_word' id='word_1_87' title='bbox 1020 1049 1196 1077; x_wconf 82' lang='lat' dir='ltr'>ecclesiastica</span> <span class='ocrx_word' id='word_1_88' title='bbox 1217 1049 1318 1088; x_wconf 83' lang='lat' dir='ltr'>optime</span> <span class='ocrx_word' id='word_1_89' title='bbox 1328 1049 1439 1083; x_wconf 87' lang='lat' dir='ltr'>merito,</span> <span class='ocrx_word' id='word_1_90' title='bbox 1455 1048 1606 1078; x_wconf 80' lang='lat' dir='ltr'>Godefrido</span> <span class='ocrx_word' id='word_1_91' title='bbox 1623 1049 1690 1077; x_wconf 83' lang='lat' dir='ltr'>Her·</span> 
     </span>
     <span class='ocr_line' id='line_1_10' title="bbox 132 1095 1690 1135; baseline -0.001 -10"><span class='ocrx_word' id='word_1_92' title='bbox 132 1098 242 1133; x_wconf 74' lang='lat' dir='ltr'>mantio,</span> <span class='ocrx_word' id='word_1_93' title='bbox 261 1097 365 1125; x_wconf 81' lang='lat' dir='ltr'>Gallice</span> <span class='ocrx_word' id='word_1_94' title='bbox 379 1096 572 1135; x_wconf 84' lang='lat' dir='ltr'>conscriptum:</span> <span class='ocrx_word' id='word_1_95' title='bbox 588 1096 615 1124; x_wconf 91' lang='lat' dir='ltr'>in</span> <span class='ocrx_word' id='word_1_96' title='bbox 633 1106 685 1133; x_wconf 90' lang='lat' dir='ltr'>quo</span> <span class='ocrx_word' id='word_1_97' title='bbox 698 1095 830 1133; x_wconf 86' lang='lat' dir='ltr'>quidquid</span> <span class='ocrx_word' id='word_1_98' title='bbox 845 1095 933 1123; x_wconf 76' lang='lat' dir='ltr'>animo</span> <span class='ocrx_word' id='word_1_99' title='bbox 947 1105 1128 1134; x_wconf 80' lang='lat' dir='ltr'><strong>conceperam,</strong></span> <span class='ocrx_word' id='word_1_100' title='bbox 1143 1095 1188 1123; x_wconf 90' lang='lat' dir='ltr'>ille</span> <span class='ocrx_word' id='word_1_101' title='bbox 1198 1095 1301 1123; x_wconf 87' lang='lat' dir='ltr'>erudite</span> <span class='ocrx_word' id='word_1_102' title='bbox 1310 1102 1388 1134; x_wconf 80' lang='lat' dir='ltr'>atque</span> <span class='ocrx_word' id='word_1_103' title='bbox 1397 1096 1530 1134; x_wconf 84' lang='lat' dir='ltr'><strong>eleganter</strong></span> <span class='ocrx_word' id='word_1_104' title='bbox 1540 1095 1690 1133; x_wconf 84' lang='lat' dir='ltr'>occupavit,</span> 
     </span>
     <span class='ocr_line' id='line_1_11' title="bbox 132 1141 1689 1182; baseline -0.001 -11"><span class='ocrx_word' id='word_1_105' title='bbox 132 1144 167 1171; x_wconf 87' lang='lat' dir='ltr'>ita</span> <span class='ocrx_word' id='word_1_106' title='bbox 183 1151 211 1171; x_wconf 94' lang='lat' dir='ltr'>ut</span> <span class='ocrx_word' id='word_1_107' title='bbox 226 1143 293 1171; x_wconf 86' lang='lat' dir='ltr'>nihil</span> <span class='ocrx_word' id='word_1_108' title='bbox 309 1143 373 1171; x_wconf 85' lang='lat' dir='ltr'>mihi</span> <span class='ocrx_word' id='word_1_109' title='bbox 390 1143 507 1182; x_wconf 86' lang='lat' dir='ltr'>amplius</span> <span class='ocrx_word' id='word_1_110' title='bbox 517 1143 652 1180; x_wconf 85' lang='lat' dir='ltr'>reliquum</span> <span class='ocrx_word' id='word_1_111' title='bbox 667 1142 742 1177; x_wconf 84' lang='lat' dir='ltr'>foret,</span> <span class='ocrx_word' id='word_1_112' title='bbox 752 1148 931 1180; x_wconf 80' lang='lat' dir='ltr'>quamactum</span> <span class='ocrx_word' id='word_1_113' title='bbox 942 1152 1019 1179; x_wconf 78' lang='lat' dir='ltr'>agere</span> <span class='ocrx_word' id='word_1_114' title='bbox 1037 1154 1042 1169; x_wconf 94' lang='lat'>:</span> <span class='ocrx_word' id='word_1_115' title='bbox 1058 1141 1131 1180; x_wconf 87' lang='lat' dir='ltr'>quod</span> <span class='ocrx_word' id='word_1_116' title='bbox 1144 1153 1158 1170; x_wconf 85' lang='lat' dir='ltr'>a</span> <span class='ocrx_word' id='word_1_117' title='bbox 1174 1141 1240 1170; x_wconf 87' lang='lat' dir='ltr'>meis</span> <span class='ocrx_word' id='word_1_118' title='bbox 1252 1142 1372 1170; x_wconf 74' lang='lat' dir='ltr'>moribus</span> <span class='ocrx_word' id='word_1_119' title='bbox 1387 1153 1490 1181; x_wconf 82' lang='lat' dir='ltr'><strong>semper</strong></span> <span class='ocrx_word' id='word_1_120' title='bbox 1500 1142 1551 1170; x_wconf 88' lang='lat' dir='ltr'>fuit</span> <span class='ocrx_word' id='word_1_121' title='bbox 1562 1141 1689 1170; x_wconf 82' lang='lat' dir='ltr'>alienum.</span> 
     </span>
     <span class='ocr_line' id='line_1_12' title="bbox 132 1188 1690 1229; baseline -0.001 -11"><span class='ocrx_word' id='word_1_122' title='bbox 132 1192 224 1229; x_wconf 85' lang='lat' dir='ltr'>Itaque</span> <span class='ocrx_word' id='word_1_123' title='bbox 240 1190 398 1218; x_wconf 81' lang='lat' dir='ltr'>mutandum</span> <span class='ocrx_word' id='word_1_124' title='bbox 414 1190 481 1218; x_wconf 83' lang='lat' dir='ltr'>mihi</span> <span class='ocrx_word' id='word_1_125' title='bbox 494 1190 636 1218; x_wconf 89' lang='lat' dir='ltr'>consilium</span> <span class='ocrx_word' id='word_1_126' title='bbox 653 1190 713 1223; x_wconf 82' lang='lat' dir='ltr'>fnit,</span> <span class='ocrx_word' id='word_1_127' title='bbox 725 1196 748 1217; x_wconf 84' lang='lat' dir='ltr'>et</span> <span class='ocrx_word' id='word_1_128' title='bbox 760 1189 812 1217; x_wconf 85' lang='lat' dir='ltr'>alio</span> <span class='ocrx_word' id='word_1_129' title='bbox 825 1188 1003 1217; x_wconf 79' lang='lat' dir='ltr'>convertenda</span> <span class='ocrx_word' id='word_1_130' title='bbox 1016 1189 1104 1217; x_wconf 85' lang='lat' dir='ltr'>studia</span> <span class='ocrx_word' id='word_1_131' title='bbox 1116 1201 1122 1216; x_wconf 89' lang='lat'>:</span> <span class='ocrx_word' id='word_1_132' title='bbox 1138 1199 1242 1228; x_wconf 83' lang='lat' dir='ltr'><strong>nempe,</strong></span> <span class='ocrx_word' id='word_1_133' title='bbox 1254 1196 1284 1217; x_wconf 90' lang='lat' dir='ltr'>ut</span> <span class='ocrx_word' id='word_1_134' title='bbox 1295 1189 1383 1217; x_wconf 88' lang='lat' dir='ltr'>solum</span> <span class='ocrx_word' id='word_1_135' title='bbox 1399 1196 1552 1218; x_wconf 83' lang='lat' dir='ltr'>contextum</span> <span class='ocrx_word' id='word_1_136' title='bbox 1565 1190 1690 1218; x_wconf 79' lang='lat' dir='ltr'>Graecum</span> 
     </span>
     <span class='ocr_line' id='line_1_13' title="bbox 132 1234 1692 1275; baseline -0.001 -11"><span class='ocrx_word' id='word_1_137' title='bbox 132 1247 192 1264; x_wconf 88' lang='lat' dir='ltr'>cuni</span> <span class='ocrx_word' id='word_1_138' title='bbox 207 1247 274 1265; x_wconf 85' lang='lat' dir='ltr'>nova</span> <span class='ocrx_word' id='word_1_139' title='bbox 290 1237 383 1264; x_wconf 79' lang='lat' dir='ltr'>Latina</span> <span class='ocrx_word' id='word_1_140' title='bbox 400 1237 520 1264; x_wconf 78' lang='lat' dir='ltr'><strong>versione</strong></span> <span class='ocrx_word' id='word_1_141' title='bbox 534 1236 636 1275; x_wconf 85' lang='lat' dir='ltr'>publici</span> <span class='ocrx_word' id='word_1_142' title='bbox 649 1236 719 1274; x_wconf 83' lang='lat' dir='ltr'>juris</span> <span class='ocrx_word' id='word_1_143' title='bbox 730 1236 842 1263; x_wconf 75' lang='lat' dir='ltr'>facerem</span> <span class='ocrx_word' id='word_1_144' title='bbox 855 1258 862 1270; x_wconf 84' lang='lat'><strong>‚</strong></span> <span class='ocrx_word' id='word_1_145' title='bbox 880 1246 958 1273; x_wconf 82' lang='lat' dir='ltr'>quein</span> <span class='ocrx_word' id='word_1_146' title='bbox 970 1246 984 1263; x_wconf 85' lang='lat' dir='ltr'>a</span> <span class='ocrx_word' id='word_1_147' title='bbox 1000 1236 1066 1264; x_wconf 78' lang='lat' dir='ltr'>viris</span> <span class='ocrx_word' id='word_1_148' title='bbox 1082 1235 1167 1264; x_wconf 85' lang='lat' dir='ltr'>doctis</span> <span class='ocrx_word' id='word_1_149' title='bbox 1181 1235 1261 1263; x_wconf 62' lang='lat' dir='ltr'>avide</span> <span class='ocrx_word' id='word_1_150' title='bbox 1280 1235 1427 1274; x_wconf 74' lang='lat' dir='ltr'>exspectari</span> <span class='ocrx_word' id='word_1_151' title='bbox 1443 1234 1636 1273; x_wconf 80' lang='lat' dir='ltr'>intelligebam.</span> <span class='ocrx_word' id='word_1_152' title='bbox 1652 1235 1692 1263; x_wconf 78' lang='lat' dir='ltr'>Ad</span> 
     </span>
     <span class='ocr_line' id='line_1_14' title="bbox 131 1282 1689 1323; baseline -0.002 -11"><span class='ocrx_word' id='word_1_153' title='bbox 131 1294 191 1312; x_wconf 87' lang='lat' dir='ltr'>eum</span> <span class='ocrx_word' id='word_1_154' title='bbox 206 1294 254 1323; x_wconf 85' lang='lat' dir='ltr'>pro</span> <span class='ocrx_word' id='word_1_155' title='bbox 265 1284 436 1312; x_wconf 79' lang='lat' dir='ltr'>uberioribus</span> <span class='ocrx_word' id='word_1_156' title='bbox 451 1283 740 1317; x_wconf 77' lang='lat' dir='ltr'>animadversionibus,</span> <span class='ocrx_word' id='word_1_157' title='bbox 756 1294 821 1320; x_wconf 86' lang='lat' dir='ltr'>quas</span> <span class='ocrx_word' id='word_1_158' title='bbox 838 1283 928 1310; x_wconf 86' lang='lat' dir='ltr'>animo</span> <span class='ocrx_word' id='word_1_159' title='bbox 939 1282 1154 1316; x_wconf 65' lang='lat' dir='ltr'>destinarcram,</span> <span class='ocrx_word' id='word_1_160' title='bbox 1170 1282 1299 1320; x_wconf 85' lang='lat' dir='ltr'>quasdam</span> <span class='ocrx_word' id='word_1_161' title='bbox 1315 1283 1434 1318; x_wconf 83' lang='lat' dir='ltr'>criticas,</span> <span class='ocrx_word' id='word_1_162' title='bbox 1446 1288 1689 1317; x_wconf 69' lang='lat' dir='ltr'>uirocant‚notas,</span> 
     </span>
     <span class='ocr_line' id='line_1_15' title="bbox 131 1328 1693 1369; baseline -0.001 -11"><span class='ocrx_word' id='word_1_163' title='bbox 131 1341 190 1368; x_wconf 84' lang='lat' dir='ltr'>quae</span> <span class='ocrx_word' id='word_1_164' title='bbox 205 1331 323 1369; x_wconf 79' lang='lat' dir='ltr'>phrasim</span> <span class='ocrx_word' id='word_1_165' title='bbox 345 1331 458 1359; x_wconf 85' lang='lat' dir='ltr'>subinde</span> <span class='ocrx_word' id='word_1_166' title='bbox 482 1331 572 1358; x_wconf 89' lang='lat' dir='ltr'>minus</span> <span class='ocrx_word' id='word_1_167' title='bbox 593 1330 718 1358; x_wconf 80' lang='lat' dir='ltr'>usitatam</span> <span class='ocrx_word' id='word_1_168' title='bbox 743 1337 767 1358; x_wconf 88' lang='lat' dir='ltr'>ct</span> <span class='ocrx_word' id='word_1_169' title='bbox 784 1331 956 1368; x_wconf 65' lang='grc' dir='ltr'>σολοικοφανῆ</span> <span class='ocrx_word' id='word_1_170' title='bbox 971 1330 1147 1369; x_wconf 76' lang='lat' dir='ltr'><strong>explicarent,</strong></span> <span class='ocrx_word' id='word_1_171' title='bbox 1158 1329 1374 1366; x_wconf 80' lang='lat' dir='ltr'>elucidarentque</span> <span class='ocrx_word' id='word_1_172' title='bbox 1392 1329 1464 1357; x_wconf 89' lang='lat' dir='ltr'>locos</span> <span class='ocrx_word' id='word_1_173' title='bbox 1478 1328 1630 1363; x_wconf 88' lang='lat' dir='ltr'>nonnullos,</span> <span class='ocrx_word' id='word_1_174' title='bbox 1646 1329 1693 1366; x_wconf 89' lang='lat' dir='ltr'>qui</span> 
     </span>
     <span class='ocr_line' id='line_1_16' title="bbox 132 1374 1691 1415; baseline -0.002 -9"><span class='ocrx_word' id='word_1_175' title='bbox 132 1378 220 1406; x_wconf 85' lang='lat' dir='ltr'>varios</span> <span class='ocrx_word' id='word_1_176' title='bbox 241 1388 333 1405; x_wconf 85' lang='lat' dir='ltr'>sensus</span> <span class='ocrx_word' id='word_1_177' title='bbox 353 1377 493 1414; x_wconf 84' lang='lat' dir='ltr'>variasque</span> <span class='ocrx_word' id='word_1_178' title='bbox 513 1376 742 1415; x_wconf 76' lang='lat' dir='ltr'><strong>interpretationes</strong></span> <span class='ocrx_word' id='word_1_179' title='bbox 765 1376 906 1403; x_wconf 80' lang='lat' dir='ltr'><strong>admittere</strong></span> <span class='ocrx_word' id='word_1_180' title='bbox 928 1376 1100 1411; x_wconf 83' lang='lat' dir='ltr'>videbantur,</span> <span class='ocrx_word' id='word_1_181' title='bbox 1117 1375 1264 1415; x_wconf 85' lang='lat' dir='ltr'>adjungere</span> <span class='ocrx_word' id='word_1_182' title='bbox 1278 1374 1533 1414; x_wconf 85' lang='lat' dir='ltr'>statui.Suppuduit</span> <span class='ocrx_word' id='word_1_183' title='bbox 1547 1385 1589 1403; x_wconf 87' lang='lat' dir='ltr'>me</span> <span class='ocrx_word' id='word_1_184' title='bbox 1605 1381 1691 1403; x_wconf 81' lang='lat' dir='ltr'>tamen</span> 
     </span>
     <span class='ocr_line' id='line_1_17' title="bbox 132 1421 1694 1462; baseline -0.001 -11"><span class='ocrx_word' id='word_1_185' title='bbox 132 1430 220 1462; x_wconf 80' lang='lat' dir='ltr'>postea</span> <span class='ocrx_word' id='word_1_186' title='bbox 230 1423 330 1457; x_wconf 84' lang='lat' dir='ltr'>‚fateor</span> <span class='ocrx_word' id='word_1_187' title='bbox 341 1445 349 1456; x_wconf 95' lang='lat'><em>,</em></span> <span class='ocrx_word' id='word_1_188' title='bbox 368 1422 495 1461; x_wconf 79' lang='lat' dir='ltr'>propositi</span> <span class='ocrx_word' id='word_1_189' title='bbox 512 1422 578 1457; x_wconf 82' lang='lat' dir='ltr'>mei3</span> <span class='ocrx_word' id='word_1_190' title='bbox 592 1421 788 1459; x_wconf 84' lang='lat' dir='ltr'>indignumque</span> <span class='ocrx_word' id='word_1_191' title='bbox 802 1422 941 1460; x_wconf 81' lang='lat' dir='ltr'>reputavi,</span> <span class='ocrx_word' id='word_1_192' title='bbox 955 1422 1141 1461; x_wconf 60' lang='lat' dir='ltr'>praetermissis</span> <span class='ocrx_word' id='word_1_193' title='bbox 1159 1421 1328 1450; x_wconf 84' lang='lat' dir='ltr'>uberioribus</span> <span class='ocrx_word' id='word_1_194' title='bbox 1342 1422 1426 1457; x_wconf 85' lang='lat' dir='ltr'>notis,</span> <span class='ocrx_word' id='word_1_195' title='bbox 1442 1421 1477 1449; x_wconf 86' lang='lat' dir='ltr'>ad</span> <span class='ocrx_word' id='word_1_196' title='bbox 1493 1421 1552 1449; x_wconf 90' lang='lat' dir='ltr'>illas</span> <span class='ocrx_word' id='word_1_197' title='bbox 1567 1421 1694 1449; x_wconf 81' lang='lat' dir='ltr'>minutias</span> 
     </span>
     <span class='ocr_line' id='line_1_18' title="bbox 136 1467 1694 1507; baseline -0.001 -9"><span class='ocrx_word' id='word_1_198' title='bbox 136 1469 312 1503; x_wconf 80' lang='lat' dir='ltr'>descendere;</span> <span class='ocrx_word' id='word_1_199' title='bbox 325 1470 426 1497; x_wconf 85' lang='lat' dir='ltr'>veritus</span> <span class='ocrx_word' id='word_1_200' title='bbox 442 1470 531 1497; x_wconf 87' lang='lat' dir='ltr'>locum</span> <span class='ocrx_word' id='word_1_201' title='bbox 548 1468 612 1497; x_wconf 83' lang='lat' dir='ltr'>dare</span> <span class='ocrx_word' id='word_1_202' title='bbox 628 1469 735 1507; x_wconf 78' lang='lat' dir='ltr'>vulgari</span> <span class='ocrx_word' id='word_1_203' title='bbox 746 1469 843 1507; x_wconf 79' lang='lat' dir='ltr'>adagio</span> <span class='ocrx_word' id='word_1_204' title='bbox 854 1491 861 1505; x_wconf 91' lang='lat'>,</span> <span class='ocrx_word' id='word_1_205' title='bbox 877 1471 937 1497; x_wconf 83' lang='lat' dir='ltr'>Pro</span> <span class='ocrx_word' id='word_1_206' title='bbox 954 1470 1090 1498; x_wconf 78' lang='lat' dir='ltr'>thesauro</span> <span class='ocrx_word' id='word_1_207' title='bbox 1102 1471 1251 1498; x_wconf 79' lang='lat' dir='ltr'>carbones.</span> <span class='ocrx_word' id='word_1_208' title='bbox 1267 1471 1301 1496; x_wconf 77' lang='lat' dir='ltr'>At</span> <span class='ocrx_word' id='word_1_209' title='bbox 1315 1479 1379 1496; x_wconf 77' lang='lat' dir='ltr'>vero</span> <span class='ocrx_word' id='word_1_210' title='bbox 1396 1467 1529 1506; x_wconf 81' lang='lat' dir='ltr'>quidquid</span> <span class='ocrx_word' id='word_1_211' title='bbox 1545 1468 1595 1496; x_wconf 90' lang='lat' dir='ltr'>boc</span> <span class='ocrx_word' id='word_1_212' title='bbox 1610 1467 1694 1496; x_wconf 85' lang='lat' dir='ltr'>libelli</span> 
     </span>
     <span class='ocr_line' id='line_1_19' title="bbox 134 1514 1695 1554; baseline -0.002 -9"><span class='ocrx_word' id='word_1_213' title='bbox 134 1523 172 1545; x_wconf 84' lang='lat' dir='ltr'>est</span> <span class='ocrx_word' id='word_1_214' title='bbox 186 1539 193 1553; x_wconf 80' lang='lat'><em>‚</em></span> <span class='ocrx_word' id='word_1_215' title='bbox 207 1517 381 1554; x_wconf 77' lang='lat' dir='ltr'>quantumvis</span> <span class='ocrx_word' id='word_1_216' title='bbox 398 1515 596 1544; x_wconf 82' lang='lat' dir='ltr'>commentariis</span> <span class='ocrx_word' id='word_1_217' title='bbox 614 1515 737 1544; x_wconf 87' lang='lat' dir='ltr'>destituti</span> <span class='ocrx_word' id='word_1_218' title='bbox 750 1538 758 1552; x_wconf 82' lang='lat'><em>‚</em></span> <span class='ocrx_word' id='word_1_219' title='bbox 774 1526 824 1554; x_wconf 87' lang='lat' dir='ltr'>pro</span> <span class='ocrx_word' id='word_1_220' title='bbox 836 1525 931 1554; x_wconf 86' lang='lat' dir='ltr'>niagno</span> <span class='ocrx_word' id='word_1_221' title='bbox 941 1538 946 1550; x_wconf 87' lang='lat'><em>,</em></span> <span class='ocrx_word' id='word_1_222' title='bbox 958 1522 1029 1544; x_wconf 88' lang='lat' dir='ltr'>certo</span> <span class='ocrx_word' id='word_1_223' title='bbox 1044 1516 1097 1544; x_wconf 88' lang='lat' dir='ltr'>scio</span> <span class='ocrx_word' id='word_1_224' title='bbox 1109 1538 1116 1551; x_wconf 89' lang='lat'><em>,</em></span> <span class='ocrx_word' id='word_1_225' title='bbox 1128 1515 1270 1543; x_wconf 84' lang='lat' dir='ltr'>habiturus</span> <span class='ocrx_word' id='word_1_226' title='bbox 1285 1525 1311 1543; x_wconf 88' lang='lat' dir='ltr'>es</span> <span class='ocrx_word' id='word_1_227' title='bbox 1324 1515 1449 1543; x_wconf 86' lang='lat' dir='ltr'>thesauro</span> <span class='ocrx_word' id='word_1_228' title='bbox 1459 1536 1466 1549; x_wconf 90' lang='lat'>‚</span> <span class='ocrx_word' id='word_1_229' title='bbox 1485 1514 1507 1543; x_wconf 89' lang='lat' dir='ltr'>si</span> <span class='ocrx_word' id='word_1_230' title='bbox 1522 1514 1676 1542; x_wconf 87' lang='lat' dir='ltr'>memineris</span> <span class='ocrx_word' id='word_1_231' title='bbox 1688 1537 1695 1549; x_wconf 91' lang='lat'>‚</span> 
     </span>
     <span class='ocr_line' id='line_1_20' title="bbox 130 1561 1694 1602; baseline -0.001 -11"><span class='ocrx_word' id='word_1_232' title='bbox 130 1570 228 1602; x_wconf 75' lang='lat' dir='ltr'>quanto</span> <span class='ocrx_word' id='word_1_233' title='bbox 243 1562 341 1597; x_wconf 87' lang='lat' dir='ltr'>studio,</span> <span class='ocrx_word' id='word_1_234' title='bbox 351 1569 482 1600; x_wconf 84' lang='lat' dir='ltr'>quantave</span> <span class='ocrx_word' id='word_1_235' title='bbox 493 1562 633 1600; x_wconf 74' lang='lat' dir='ltr'>diligentia</span> <span class='ocrx_word' id='word_1_236' title='bbox 651 1563 791 1590; x_wconf 74' lang='lat' dir='ltr'>clarissimi</span> <span class='ocrx_word' id='word_1_237' title='bbox 805 1564 920 1602; x_wconf 88' lang='lat' dir='ltr'>Operum</span> <span class='ocrx_word' id='word_1_238' title='bbox 934 1564 962 1591; x_wconf 84' lang='lat' dir='ltr'>S.</span> <span class='ocrx_word' id='word_1_239' title='bbox 975 1563 1085 1591; x_wconf 84' lang='lat' dir='ltr'>Joannis</span> <span class='ocrx_word' id='word_1_240' title='bbox 1098 1562 1282 1602; x_wconf 84' lang='lat' dir='ltr'>Chrysostomi</span> <span class='ocrx_word' id='word_1_241' title='bbox 1294 1561 1563 1597; x_wconf 82' lang='lat' dir='ltr'>editores‚Henrieus</span> <span class='ocrx_word' id='word_1_242' title='bbox 1574 1561 1694 1590; x_wconf 84' lang='lat' dir='ltr'>Savilius</span> 
     </span>
     <span class='ocr_line' id='line_1_21' title="bbox 132 1608 1693 1649; baseline -0.001 -12"><span class='ocrx_word' id='word_1_243' title='bbox 132 1617 156 1637; x_wconf 86' lang='lat' dir='ltr'>et</span> <span class='ocrx_word' id='word_1_244' title='bbox 170 1610 268 1637; x_wconf 88' lang='lat' dir='ltr'>Fronto</span> <span class='ocrx_word' id='word_1_245' title='bbox 280 1611 411 1644; x_wconf 79' lang='lat' dir='ltr'>Ducaeus,</span> <span class='ocrx_word' id='word_1_246' title='bbox 426 1619 493 1647; x_wconf 88' lang='lat' dir='ltr'>opus</span> <span class='ocrx_word' id='word_1_247' title='bbox 514 1609 587 1637; x_wconf 88' lang='lat' dir='ltr'>illud</span> <span class='ocrx_word' id='word_1_248' title='bbox 610 1619 824 1648; x_wconf 79' lang='lat' dir='ltr'>quaquaversum</span> <span class='ocrx_word' id='word_1_249' title='bbox 855 1610 1053 1649; x_wconf 84' lang='lat' dir='ltr'>perquisierint.</span> <span class='ocrx_word' id='word_1_250' title='bbox 1075 1609 1127 1638; x_wconf 86' lang='lat' dir='ltr'>Sed</span> <span class='ocrx_word' id='word_1_251' title='bbox 1150 1619 1210 1638; x_wconf 89' lang='lat' dir='ltr'>cum</span> <span class='ocrx_word' id='word_1_252' title='bbox 1231 1609 1329 1637; x_wconf 85' lang='lat' dir='ltr'>frustra</span> <span class='ocrx_word' id='word_1_253' title='bbox 1354 1619 1444 1637; x_wconf 89' lang='lat' dir='ltr'>omnes</span> <span class='ocrx_word' id='word_1_254' title='bbox 1468 1608 1693 1637; x_wconf 81' lang='lat' dir='ltr'>bibliothecarum</span> 
     </span>
     <span class='ocr_line' id='line_1_22' title="bbox 132 1655 1694 1695; baseline -0.001 -11"><span class='ocrx_word' id='word_1_255' title='bbox 132 1657 232 1685; x_wconf 78' lang='lat' dir='ltr'>forulos</span> <span class='ocrx_word' id='word_1_256' title='bbox 256 1656 433 1685; x_wconf 78' lang='lat' dir='ltr'>excussissem</span> <span class='ocrx_word' id='word_1_257' title='bbox 444 1679 453 1691; x_wconf 87' lang='lat'><em>,</em></span> <span class='ocrx_word' id='word_1_258' title='bbox 480 1656 565 1684; x_wconf 84' lang='lat' dir='ltr'>sancti</span> <span class='ocrx_word' id='word_1_259' title='bbox 588 1656 705 1685; x_wconf 88' lang='lat' dir='ltr'>doctoris</span> <span class='ocrx_word' id='word_1_260' title='bbox 731 1656 863 1684; x_wconf 86' lang='lat' dir='ltr'>studiosos</span> <span class='ocrx_word' id='word_1_261' title='bbox 888 1656 994 1695; x_wconf 87' lang='lat' dir='ltr'>scriptis</span> <span class='ocrx_word' id='word_1_262' title='bbox 1021 1656 1076 1684; x_wconf 85' lang='lat' dir='ltr'>suis</span> <span class='ocrx_word' id='word_1_263' title='bbox 1100 1656 1136 1684; x_wconf 83' lang='lat' dir='ltr'>ad</span> <span class='ocrx_word' id='word_1_264' title='bbox 1160 1655 1283 1684; x_wconf 82' lang='lat' dir='ltr'>eamdem</span> <span class='ocrx_word' id='word_1_265' title='bbox 1310 1666 1401 1684; x_wconf 88' lang='lat' dir='ltr'>curam</span> <span class='ocrx_word' id='word_1_266' title='bbox 1430 1655 1579 1684; x_wconf 84' lang='lat' dir='ltr'>invitarunt</span> <span class='ocrx_word' id='word_1_267' title='bbox 1600 1677 1608 1689; x_wconf 91' lang='lat'><em>,</em></span> <span class='ocrx_word' id='word_1_268' title='bbox 1636 1665 1694 1683; x_wconf 88' lang='lat' dir='ltr'>mo·-</span> 
     </span>
     <span class='ocr_line' id='line_1_23' title="bbox 133 1702 1694 1744; baseline -0.001 -12"><span class='ocrx_word' id='word_1_269' title='bbox 133 1711 300 1742; x_wconf 86' lang='lat' dir='ltr'>nuernntqne</span> <span class='ocrx_word' id='word_1_270' title='bbox 325 1704 393 1732; x_wconf 82' lang='lat' dir='ltr'>hanc</span> <span class='ocrx_word' id='word_1_271' title='bbox 417 1704 508 1733; x_wconf 84' lang='lat' dir='ltr'>Vitam</span> <span class='ocrx_word' id='word_1_272' title='bbox 536 1704 572 1732; x_wconf 85' lang='lat' dir='ltr'>ad</span> <span class='ocrx_word' id='word_1_273' title='bbox 599 1704 760 1742; x_wconf 79' lang='lat' dir='ltr'>paucissima</span> <span class='ocrx_word' id='word_1_274' title='bbox 784 1704 947 1744; x_wconf 77' lang='lat' dir='ltr'>exemplaria</span> <span class='ocrx_word' id='word_1_275' title='bbox 972 1704 1105 1732; x_wconf 83' lang='lat' dir='ltr'>redactam</span> <span class='ocrx_word' id='word_1_276' title='bbox 1131 1714 1194 1732; x_wconf 81' lang='lat' dir='ltr'>esse.</span> <span class='ocrx_word' id='word_1_277' title='bbox 1216 1704 1294 1732; x_wconf 89' lang='lat' dir='ltr'>Hunc</span> <span class='ocrx_word' id='word_1_278' title='bbox 1313 1713 1361 1741; x_wconf 86' lang='lat' dir='ltr'>ego</span> <span class='ocrx_word' id='word_1_279' title='bbox 1382 1703 1559 1742; x_wconf 77' lang='lat' dir='ltr'>archetypum</span> <span class='ocrx_word' id='word_1_280' title='bbox 1584 1702 1694 1731; x_wconf 85' lang='lat' dir='ltr'>Floren-</span> 
     </span>
     <span class='ocr_line' id='line_1_24' title="bbox 134 1750 1692 1790; baseline -0.001 -11"><span class='ocrx_word' id='word_1_281' title='bbox 134 1751 177 1779; x_wconf 79' lang='lat' dir='ltr'>tiae</span> <span class='ocrx_word' id='word_1_282' title='bbox 201 1751 285 1790; x_wconf 87' lang='lat' dir='ltr'>reperi</span> <span class='ocrx_word' id='word_1_283' title='bbox 309 1752 334 1779; x_wconf 94' lang='lat' dir='ltr'>in</span> <span class='ocrx_word' id='word_1_284' title='bbox 359 1751 525 1780; x_wconf 81' lang='lat' dir='ltr'>Bibliotheca</span> <span class='ocrx_word' id='word_1_285' title='bbox 544 1751 664 1780; x_wconf 86' lang='lat' dir='ltr'>Medicea</span> <span class='ocrx_word' id='word_1_286' title='bbox 676 1763 681 1778; x_wconf 94' lang='lat'><strong>:</strong></span> <span class='ocrx_word' id='word_1_287' title='bbox 702 1752 812 1790; x_wconf 80' lang='lat' dir='ltr'>ejusque</span> <span class='ocrx_word' id='word_1_288' title='bbox 833 1751 1002 1780; x_wconf 80' lang='lat' dir='ltr'>exscribendi</span> <span class='ocrx_word' id='word_1_289' title='bbox 1023 1751 1097 1790; x_wconf 82' lang='lat' dir='ltr'>copia</span> <span class='ocrx_word' id='word_1_290' title='bbox 1121 1751 1282 1790; x_wconf 80' lang='lat' dir='ltr'>perbenigne</span> <span class='ocrx_word' id='word_1_291' title='bbox 1314 1750 1382 1778; x_wconf 87' lang='lat' dir='ltr'>mihi</span> <span class='ocrx_word' id='word_1_292' title='bbox 1403 1751 1471 1779; x_wconf 84' lang='lat' dir='ltr'>facta</span> <span class='ocrx_word' id='word_1_293' title='bbox 1497 1757 1535 1778; x_wconf 90' lang='lat' dir='ltr'>est</span> <span class='ocrx_word' id='word_1_294' title='bbox 1559 1761 1573 1778; x_wconf 80' lang='lat' dir='ltr'>a</span> <span class='ocrx_word' id='word_1_295' title='bbox 1596 1760 1692 1789; x_wconf 85' lang='lat' dir='ltr'>magno</span> 
     </span>
     <span class='ocr_line' id='line_1_25' title="bbox 134 1797 1691 1837; baseline 0 -10"><span class='ocrx_word' id='word_1_296' title='bbox 134 1798 250 1827; x_wconf 72' lang='lat' dir='ltr'>Etruriae</span> <span class='ocrx_word' id='word_1_297' title='bbox 266 1800 352 1833; x_wconf 87' lang='lat' dir='ltr'>Duce,</span> <span class='ocrx_word' id='word_1_298' title='bbox 371 1798 540 1827; x_wconf 84' lang='lat' dir='ltr'>Ferdinando</span> <span class='ocrx_word' id='word_1_299' title='bbox 554 1800 580 1827; x_wconf 89' lang='lat' dir='ltr'>H</span> <span class='ocrx_word' id='word_1_300' title='bbox 599 1811 605 1827; x_wconf 89' lang='lat'>:</span> <span class='ocrx_word' id='word_1_301' title='bbox 619 1799 676 1837; x_wconf 80' lang='lat' dir='ltr'>qui,</span> <span class='ocrx_word' id='word_1_302' title='bbox 692 1810 769 1827; x_wconf 80' lang='lat' dir='ltr'>verus</span> <span class='ocrx_word' id='word_1_303' title='bbox 785 1800 870 1837; x_wconf 74' lang='lat' dir='ltr'>gentis</span> <span class='ocrx_word' id='word_1_304' title='bbox 883 1798 1010 1828; x_wconf 83' lang='lat' dir='ltr'>Mediceae</span> <span class='ocrx_word' id='word_1_305' title='bbox 1024 1799 1119 1832; x_wconf 46' lang='lat' dir='ltr'>hiere&amp;</span> <span class='ocrx_word' id='word_1_306' title='bbox 1133 1809 1249 1827; x_wconf 85' lang='lat' dir='ltr'>amorem</span> <span class='ocrx_word' id='word_1_307' title='bbox 1265 1809 1326 1837; x_wconf 82' lang='lat' dir='ltr'>erga</span> <span class='ocrx_word' id='word_1_308' title='bbox 1339 1798 1429 1826; x_wconf 80' lang='lat' dir='ltr'>literas</span> <span class='ocrx_word' id='word_1_309' title='bbox 1439 1804 1463 1826; x_wconf 94' lang='lat' dir='ltr'>et</span> <span class='ocrx_word' id='word_1_310' title='bbox 1478 1797 1594 1826; x_wconf 79' lang='lat' dir='ltr'>literatos</span> <span class='ocrx_word' id='word_1_311' title='bbox 1608 1798 1691 1834; x_wconf 79' lang='lat' dir='ltr'>viros,</span> 
     </span>
     <span class='ocr_line' id='line_1_26' title="bbox 134 1843 1693 1885; baseline -0.001 -11"><span class='ocrx_word' id='word_1_312' title='bbox 134 1853 163 1874; x_wconf 86' lang='lat' dir='ltr'>ut</span> <span class='ocrx_word' id='word_1_313' title='bbox 178 1846 369 1885; x_wconf 79' lang='lat' dir='ltr'>patrimonium</span> <span class='ocrx_word' id='word_1_314' title='bbox 384 1856 399 1873; x_wconf 83' lang='lat' dir='ltr'>a</span> <span class='ocrx_word' id='word_1_315' title='bbox 418 1845 574 1884; x_wconf 87' lang='lat' dir='ltr'>parentibus</span> <span class='ocrx_word' id='word_1_316' title='bbox 594 1852 741 1884; x_wconf 78' lang='lat' dir='ltr'>acceptum,</span> <span class='ocrx_word' id='word_1_317' title='bbox 756 1846 790 1873; x_wconf 85' lang='lat' dir='ltr'>ad</span> <span class='ocrx_word' id='word_1_318' title='bbox 805 1846 894 1873; x_wconf 80' lang='lat' dir='ltr'>lilium</span> <span class='ocrx_word' id='word_1_319' title='bbox 909 1846 1037 1873; x_wconf 84' lang='lat' dir='ltr'>Cosmum</span> <span class='ocrx_word' id='word_1_320' title='bbox 1048 1846 1087 1873; x_wconf 82' lang='lat' dir='ltr'>tlt</span> <span class='ocrx_word' id='word_1_321' title='bbox 1103 1845 1216 1873; x_wconf 83' lang='lat' dir='ltr'>feliciter</span> <span class='ocrx_word' id='word_1_322' title='bbox 1228 1845 1385 1873; x_wconf 84' lang='lat' dir='ltr'>transmisit.</span> <span class='ocrx_word' id='word_1_323' title='bbox 1398 1844 1448 1872; x_wconf 87' lang='lat' dir='ltr'>Hic</span> <span class='ocrx_word' id='word_1_324' title='bbox 1464 1844 1522 1883; x_wconf 91' lang='lat' dir='ltr'>ipse</span> <span class='ocrx_word' id='word_1_325' title='bbox 1536 1850 1574 1872; x_wconf 86' lang='lat' dir='ltr'>est</span> <span class='ocrx_word' id='word_1_326' title='bbox 1590 1843 1693 1879; x_wconf 85' lang='lat' dir='ltr'>Codex,</span> 
     </span>
     <span class='ocr_line' id='line_1_27' title="bbox 133 1891 1694 1932; baseline -0.001 -11"><span class='ocrx_word' id='word_1_327' title='bbox 133 1903 186 1931; x_wconf 86' lang='lat' dir='ltr'>quo</span> <span class='ocrx_word' id='word_1_328' title='bbox 200 1903 262 1921; x_wconf 89' lang='lat' dir='ltr'>usus</span> <span class='ocrx_word' id='word_1_329' title='bbox 277 1900 315 1921; x_wconf 87' lang='lat' dir='ltr'>est</span> <span class='ocrx_word' id='word_1_330' title='bbox 331 1892 488 1921; x_wconf 75' lang='lat' dir='ltr'>Ambrosius</span> <span class='ocrx_word' id='word_1_331' title='bbox 500 1892 730 1929; x_wconf 72' lang='lat' dir='ltr'>Camaldnlensis3</span> <span class='ocrx_word' id='word_1_332' title='bbox 746 1893 793 1930; x_wconf 88' lang='lat' dir='ltr'>qui</span> <span class='ocrx_word' id='word_1_333' title='bbox 803 1893 876 1932; x_wconf 85' lang='lat' dir='ltr'>prior</span> <span class='ocrx_word' id='word_1_334' title='bbox 887 1893 954 1920; x_wconf 89' lang='lat' dir='ltr'>hanc</span> <span class='ocrx_word' id='word_1_335' title='bbox 964 1893 1057 1921; x_wconf 68' lang='lat' dir='ltr'>Vitam</span> <span class='ocrx_word' id='word_1_336' title='bbox 1070 1893 1164 1921; x_wconf 81' lang='lat' dir='ltr'>Latine</span> <span class='ocrx_word' id='word_1_337' title='bbox 1175 1892 1271 1920; x_wconf 74' lang='lat' dir='ltr'>vertit:</span> <span class='ocrx_word' id='word_1_338' title='bbox 1284 1895 1365 1921; x_wconf 81' lang='lat' dir='ltr'>vertit</span> <span class='ocrx_word' id='word_1_339' title='bbox 1376 1898 1464 1920; x_wconf 79' lang='lat' dir='ltr'>autem</span> <span class='ocrx_word' id='word_1_340' title='bbox 1480 1892 1584 1928; x_wconf 81' lang='lat' dir='ltr'>Romae,</span> <span class='ocrx_word' id='word_1_341' title='bbox 1597 1897 1626 1919; x_wconf 91' lang='lat' dir='ltr'>ut</span> <span class='ocrx_word' id='word_1_342' title='bbox 1637 1891 1694 1931; x_wconf 89' lang='lat' dir='ltr'>ipse</span> 
     </span>
     <span class='ocr_line' id='line_1_28' title="bbox 133 1937 1692 1978; baseline -0.002 -10"><span class='ocrx_word' id='word_1_343' title='bbox 133 1947 244 1968; x_wconf 84' lang='lat' dir='ltr'>testatur</span> <span class='ocrx_word' id='word_1_344' title='bbox 260 1940 286 1967; x_wconf 93' lang='lat' dir='ltr'>in</span> <span class='ocrx_word' id='word_1_345' title='bbox 299 1939 409 1978; x_wconf 85' lang='lat' dir='ltr'>epistola</span> <span class='ocrx_word' id='word_1_346' title='bbox 423 1939 615 1977; x_wconf 80' lang='lat' dir='ltr'>nuncupatoria</span> <span class='ocrx_word' id='word_1_347' title='bbox 626 1939 662 1967; x_wconf 85' lang='lat' dir='ltr'>ad</span> <span class='ocrx_word' id='word_1_348' title='bbox 678 1939 829 1977; x_wconf 80' lang='lat' dir='ltr'>Eugenium</span> <span class='ocrx_word' id='word_1_349' title='bbox 845 1939 946 1978; x_wconf 79' lang='lat' dir='ltr'>Pnpani</span> <span class='ocrx_word' id='word_1_350' title='bbox 961 1940 1013 1968; x_wconf 80' lang='lat' dir='ltr'>lv.</span> <span class='ocrx_word' id='word_1_351' title='bbox 1029 1939 1149 1978; x_wconf 85' lang='lat' dir='ltr'>Ejusque</span> <span class='ocrx_word' id='word_1_352' title='bbox 1160 1939 1248 1967; x_wconf 76' lang='lat' dir='ltr'>versio</span> <span class='ocrx_word' id='word_1_353' title='bbox 1259 1939 1332 1978; x_wconf 84' lang='lat' dir='ltr'>typis</span> <span class='ocrx_word' id='word_1_354' title='bbox 1345 1949 1442 1967; x_wconf 71' lang='lat' dir='ltr'>excusa</span> <span class='ocrx_word' id='word_1_355' title='bbox 1455 1937 1558 1977; x_wconf 86' lang='lat' dir='ltr'>prodiit</span> <span class='ocrx_word' id='word_1_356' title='bbox 1574 1937 1692 1977; x_wconf 87' lang='lat' dir='ltr'>primum</span> 
     </span>
     <span class='ocr_line' id='line_1_29' title="bbox 133 1983 1694 2024; baseline -0.002 -9"><span class='ocrx_word' id='word_1_357' title='bbox 133 1986 251 2015; x_wconf 82' lang='lat' dir='ltr'>Venetiis</span> <span class='ocrx_word' id='word_1_358' title='bbox 265 1986 291 2014; x_wconf 94' lang='lat' dir='ltr'>in</span> <span class='ocrx_word' id='word_1_359' title='bbox 304 1986 388 2013; x_wconf 86' lang='lat' dir='ltr'>forma</span> <span class='ocrx_word' id='word_1_360' title='bbox 397 1991 500 2019; x_wconf 83' lang='lat' dir='ltr'>octava,</span> <span class='ocrx_word' id='word_1_361' title='bbox 515 1995 579 2013; x_wconf 91' lang='lat' dir='ltr'>cura</span> <span class='ocrx_word' id='word_1_362' title='bbox 594 1992 618 2013; x_wconf 90' lang='lat' dir='ltr'>et</span> <span class='ocrx_word' id='word_1_363' title='bbox 630 1985 721 2013; x_wconf 88' lang='lat' dir='ltr'>studio</span> <span class='ocrx_word' id='word_1_364' title='bbox 736 1985 838 2013; x_wconf 83' lang='lat' dir='ltr'>Nicolai</span> <span class='ocrx_word' id='word_1_365' title='bbox 853 1985 989 2024; x_wconf 63' lang='lat' dir='ltr'>Erythraei</span> <span class='ocrx_word' id='word_1_366' title='bbox 999 2007 1006 2020; x_wconf 91' lang='lat'>‚</span> <span class='ocrx_word' id='word_1_367' title='bbox 1016 1985 1128 2014; x_wconf 78' lang='lat' dir='ltr'>Lutetiae</span> <span class='ocrx_word' id='word_1_368' title='bbox 1144 1985 1242 2024; x_wconf 83' lang='lat' dir='ltr'>saepius</span> <span class='ocrx_word' id='word_1_369' title='bbox 1257 1992 1346 2024; x_wconf 71' lang='lat' dir='ltr'>postea</span> <span class='ocrx_word' id='word_1_370' title='bbox 1361 1995 1465 2013; x_wconf 85' lang='lat' dir='ltr'>recusa.</span> <span class='ocrx_word' id='word_1_371' title='bbox 1476 1983 1564 2020; x_wconf 87' lang='lat' dir='ltr'>Hunc,</span> <span class='ocrx_word' id='word_1_372' title='bbox 1576 1984 1694 2022; x_wconf 83' lang='lat' dir='ltr'>inquam,</span> 
     </span>
     <span class='ocr_line' id='line_1_30' title="bbox 133 2030 1694 2071; baseline -0.001 -12"><span class='ocrx_word' id='word_1_373' title='bbox 133 2034 219 2071; x_wconf 87' lang='lat' dir='ltr'>ipsum</span> <span class='ocrx_word' id='word_1_374' title='bbox 232 2043 288 2060; x_wconf 85' lang='lat' dir='ltr'>esse</span> <span class='ocrx_word' id='word_1_375' title='bbox 303 2031 438 2064; x_wconf 70' lang='lat' dir='ltr'>codicem,</span> <span class='ocrx_word' id='word_1_376' title='bbox 450 2041 502 2068; x_wconf 89' lang='lat' dir='ltr'>quo</span> <span class='ocrx_word' id='word_1_377' title='bbox 517 2041 579 2059; x_wconf 85' lang='lat' dir='ltr'>usus</span> <span class='ocrx_word' id='word_1_378' title='bbox 593 2038 631 2059; x_wconf 86' lang='lat' dir='ltr'>est</span> <span class='ocrx_word' id='word_1_379' title='bbox 644 2031 812 2067; x_wconf 80' lang='lat' dir='ltr'>Ambrosius,</span> <span class='ocrx_word' id='word_1_380' title='bbox 825 2031 989 2070; x_wconf 86' lang='lat' dir='ltr'>deprehendi</span> <span class='ocrx_word' id='word_1_381' title='bbox 1007 2042 1069 2060; x_wconf 89' lang='lat' dir='ltr'>cum</span> <span class='ocrx_word' id='word_1_382' title='bbox 1085 2042 1118 2060; x_wconf 84' lang='lat' dir='ltr'>ex</span> <span class='ocrx_word' id='word_1_383' title='bbox 1134 2031 1259 2070; x_wconf 89' lang='lat' dir='ltr'>pluribus</span> <span class='ocrx_word' id='word_1_384' title='bbox 1276 2031 1339 2059; x_wconf 88' lang='lat' dir='ltr'>locis</span> <span class='ocrx_word' id='word_1_385' title='bbox 1350 2053 1358 2067; x_wconf 81' lang='lat'><em>,</em></span> <span class='ocrx_word' id='word_1_386' title='bbox 1373 2030 1418 2069; x_wconf 91' lang='lat' dir='ltr'>qui</span> <span class='ocrx_word' id='word_1_387' title='bbox 1430 2031 1510 2058; x_wconf 83' lang='lat' dir='ltr'>unius</span> <span class='ocrx_word' id='word_1_388' title='bbox 1524 2036 1570 2058; x_wconf 82' lang='lat' dir='ltr'>aut</span> <span class='ocrx_word' id='word_1_389' title='bbox 1584 2030 1694 2058; x_wconf 86' lang='lat' dir='ltr'>alterius</span> 
     </span>
     <span class='ocr_line' id='line_1_31' title="bbox 132 2077 1695 2119; baseline -0.002 -11"><span class='ocrx_word' id='word_1_390' title='bbox 132 2081 215 2108; x_wconf 71' lang='lat' dir='ltr'>litera:</span> <span class='ocrx_word' id='word_1_391' title='bbox 235 2079 381 2108; x_wconf 82' lang='lat' dir='ltr'>mutatione</span> <span class='ocrx_word' id='word_1_392' title='bbox 405 2079 524 2118; x_wconf 86' lang='lat' dir='ltr'>corrupti</span> <span class='ocrx_word' id='word_1_393' title='bbox 542 2086 614 2107; x_wconf 82' lang='lat' dir='ltr'>erant</span> <span class='ocrx_word' id='word_1_394' title='bbox 629 2101 637 2112; x_wconf 87' lang='lat'><em>,</em></span> <span class='ocrx_word' id='word_1_395' title='bbox 655 2086 712 2107; x_wconf 89' lang='lat' dir='ltr'>tum</span> <span class='ocrx_word' id='word_1_396' title='bbox 727 2089 760 2107; x_wconf 76' lang='lat' dir='ltr'>ex</span> <span class='ocrx_word' id='word_1_397' title='bbox 775 2079 864 2107; x_wconf 85' lang='lat' dir='ltr'>verbis</span> <span class='ocrx_word' id='word_1_398' title='bbox 880 2079 1022 2117; x_wconf 85' lang='lat' dir='ltr'>literisque</span> <span class='ocrx_word' id='word_1_399' title='bbox 1036 2090 1174 2119; x_wconf 77' lang='lat' dir='ltr'>perperam</span> <span class='ocrx_word' id='word_1_400' title='bbox 1202 2079 1350 2118; x_wconf 70' lang='lat' dir='ltr'>conjunctis</span> <span class='ocrx_word' id='word_1_401' title='bbox 1366 2085 1412 2107; x_wconf 89' lang='lat' dir='ltr'>aut</span> <span class='ocrx_word' id='word_1_402' title='bbox 1425 2077 1531 2106; x_wconf 80' lang='lat' dir='ltr'>divisis.</span> <span class='ocrx_word' id='word_1_403' title='bbox 1547 2077 1627 2112; x_wconf 89' lang='lat' dir='ltr'>Quod</span> <span class='ocrx_word' id='word_1_404' title='bbox 1639 2084 1695 2106; x_wconf 88' lang='lat' dir='ltr'>tute</span> 
     </span>
     <span class='ocr_line' id='line_1_32' title="bbox 134 2124 1694 2167; baseline -0.002 -12"><span class='ocrx_word' id='word_1_405' title='bbox 134 2138 182 2167; x_wconf 90' lang='lat' dir='ltr'>per</span> <span class='ocrx_word' id='word_1_406' title='bbox 199 2127 313 2166; x_wconf 86' lang='lat' dir='ltr'>teipsum</span> <span class='ocrx_word' id='word_1_407' title='bbox 328 2126 405 2154; x_wconf 80' lang='lat' dir='ltr'>facile</span> <span class='ocrx_word' id='word_1_408' title='bbox 421 2126 633 2160; x_wconf 78' lang='lat' dir='ltr'>animadvertes,</span> <span class='ocrx_word' id='word_1_409' title='bbox 650 2126 770 2155; x_wconf 85' lang='lat' dir='ltr'>studiose</span> <span class='ocrx_word' id='word_1_410' title='bbox 782 2127 888 2162; x_wconf 83' lang='lat' dir='ltr'>Lector⁷</span> <span class='ocrx_word' id='word_1_411' title='bbox 902 2127 924 2155; x_wconf 89' lang='lat' dir='ltr'>si</span> <span class='ocrx_word' id='word_1_412' title='bbox 939 2127 1085 2155; x_wconf 85' lang='lat' dir='ltr'>attenderis</span> <span class='ocrx_word' id='word_1_413' title='bbox 1097 2128 1130 2155; x_wconf 87' lang='lat' dir='ltr'>ad</span> <span class='ocrx_word' id='word_1_414' title='bbox 1146 2126 1234 2154; x_wconf 86' lang='lat' dir='ltr'>varias</span> <span class='ocrx_word' id='word_1_415' title='bbox 1245 2126 1372 2154; x_wconf 87' lang='lat' dir='ltr'>lectiones</span> <span class='ocrx_word' id='word_1_416' title='bbox 1387 2124 1556 2164; x_wconf 86' lang='lat' dir='ltr'>marginibus</span> <span class='ocrx_word' id='word_1_417' title='bbox 1567 2135 1582 2153; x_wconf 79' lang='lat' dir='ltr'>a</span> <span class='ocrx_word' id='word_1_418' title='bbox 1596 2135 1639 2153; x_wconf 90' lang='lat' dir='ltr'>me</span> <span class='ocrx_word' id='word_1_419' title='bbox 1646 2125 1694 2153; x_wconf 85' lang='lat' dir='ltr'>ad-</span> 
     </span>
     <span class='ocr_line' id='line_1_33' title="bbox 134 2171 1694 2214; baseline -0.002 -11"><span class='ocrx_word' id='word_1_420' title='bbox 134 2175 256 2214; x_wconf 81' lang='lat' dir='ltr'>scriptas,</span> <span class='ocrx_word' id='word_1_421' title='bbox 271 2185 338 2212; x_wconf 82' lang='lat' dir='ltr'>quas</span> <span class='ocrx_word' id='word_1_422' title='bbox 352 2173 468 2202; x_wconf 84' lang='lat' dir='ltr'>desumsi</span> <span class='ocrx_word' id='word_1_423' title='bbox 484 2173 582 2212; x_wconf 84' lang='lat' dir='ltr'>partim</span> <span class='ocrx_word' id='word_1_424' title='bbox 597 2184 629 2202; x_wconf 80' lang='lat' dir='ltr'>ex</span> <span class='ocrx_word' id='word_1_425' title='bbox 646 2174 744 2213; x_wconf 90' lang='lat' dir='ltr'>scripto</span> <span class='ocrx_word' id='word_1_426' title='bbox 761 2174 885 2212; x_wconf 82' lang='lat' dir='ltr'>Georgii,</span> <span class='ocrx_word' id='word_1_427' title='bbox 899 2174 1075 2203; x_wconf 80' lang='lat' dir='ltr'>Alexandrini</span> <span class='ocrx_word' id='word_1_428' title='bbox 1089 2174 1283 2212; x_wconf 74' lang='lat' dir='ltr'>archiepiscopi</span> <span class='ocrx_word' id='word_1_429' title='bbox 1293 2195 1300 2206; x_wconf 82' lang='grc'><em>,</em></span> <span class='ocrx_word' id='word_1_430' title='bbox 1312 2173 1411 2212; x_wconf 82' lang='lat' dir='ltr'>partim</span> <span class='ocrx_word' id='word_1_431' title='bbox 1425 2183 1459 2200; x_wconf 76' lang='lat' dir='ltr'>ex</span> <span class='ocrx_word' id='word_1_432' title='bbox 1472 2171 1594 2211; x_wconf 76' lang='lat' dir='ltr'>Epistola</span> <span class='ocrx_word' id='word_1_433' title='bbox 1607 2172 1694 2212; x_wconf 80' lang='lat' dir='ltr'>Chry-</span> 
     </span>
     <span class='ocr_line' id='line_1_34' title="bbox 135 2219 1692 2260; baseline -0.003 -10"><span class='ocrx_word' id='word_1_434' title='bbox 135 2222 242 2250; x_wconf 88' lang='lat' dir='ltr'>sostomi</span> <span class='ocrx_word' id='word_1_435' title='bbox 257 2222 292 2249; x_wconf 91' lang='lat' dir='ltr'>ad</span> <span class='ocrx_word' id='word_1_436' title='bbox 309 2220 492 2249; x_wconf 89' lang='lat' dir='ltr'>Innocentium</span> <span class='ocrx_word' id='word_1_437' title='bbox 507 2221 623 2260; x_wconf 81' lang='lat' dir='ltr'>Papam,</span> <span class='ocrx_word' id='word_1_438' title='bbox 636 2231 695 2259; x_wconf 80' lang='lat' dir='ltr'>qnae</span> <span class='ocrx_word' id='word_1_439' title='bbox 715 2221 783 2250; x_wconf 82' lang='lat' dir='ltr'>inter</span> <span class='ocrx_word' id='word_1_440' title='bbox 803 2221 987 2260; x_wconf 77' lang='lat' dir='ltr'>Chrysostomi</span> <span class='ocrx_word' id='word_1_441' title='bbox 1002 2223 1090 2260; x_wconf 84' lang='lat' dir='ltr'>Opera</span> <span class='ocrx_word' id='word_1_442' title='bbox 1110 2227 1196 2249; x_wconf 78' lang='lat' dir='ltr'>exstat</span> <span class='ocrx_word' id='word_1_443' title='bbox 1208 2243 1214 2256; x_wconf 92' lang='lat'>,</span> <span class='ocrx_word' id='word_1_444' title='bbox 1225 2227 1300 2248; x_wconf 80' lang='lat' dir='ltr'>eruta</span> <span class='ocrx_word' id='word_1_445' title='bbox 1319 2231 1352 2248; x_wconf 76' lang='lat' dir='ltr'>ex</span> <span class='ocrx_word' id='word_1_446' title='bbox 1371 2220 1431 2248; x_wconf 86' lang='lat' dir='ltr'>aliis</span> <span class='ocrx_word' id='word_1_447' title='bbox 1451 2219 1597 2248; x_wconf 86' lang='lat' dir='ltr'>Codicibus</span> <span class='ocrx_word' id='word_1_448' title='bbox 1613 2230 1692 2249; x_wconf 87' lang='lat' dir='ltr'>mss.:</span> 
     </span>
     <span class='ocr_line' id='line_1_35' title="bbox 135 2266 1695 2309; baseline -0.001 -12"><span class='ocrx_word' id='word_1_449' title='bbox 135 2269 232 2308; x_wconf 87' lang='lat' dir='ltr'>partim</span> <span class='ocrx_word' id='word_1_450' title='bbox 247 2268 362 2306; x_wconf 86' lang='lat' dir='ltr'>denique</span> <span class='ocrx_word' id='word_1_451' title='bbox 375 2279 408 2297; x_wconf 71' lang='lat' dir='ltr'>cx</span> <span class='ocrx_word' id='word_1_452' title='bbox 417 2269 650 2307; x_wconf 77' lang='lat' dir='ltr'>fragmento,quotl</span> <span class='ocrx_word' id='word_1_453' title='bbox 663 2280 695 2298; x_wconf 80' lang='lat' dir='ltr'>ex</span> <span class='ocrx_word' id='word_1_454' title='bbox 707 2270 804 2298; x_wconf 87' lang='lat' dir='ltr'>Codice</span> <span class='ocrx_word' id='word_1_455' title='bbox 816 2270 956 2309; x_wconf 81' lang='lat' dir='ltr'>Cujatiano</span> <span class='ocrx_word' id='word_1_456' title='bbox 972 2270 1071 2298; x_wconf 87' lang='lat' dir='ltr'>Fronto</span> <span class='ocrx_word' id='word_1_457' title='bbox 1087 2269 1202 2296; x_wconf 87' lang='lat' dir='ltr'>Dncaeus</span> <span class='ocrx_word' id='word_1_458' title='bbox 1216 2267 1337 2296; x_wconf 86' lang='lat' dir='ltr'>ediditin</span> <span class='ocrx_word' id='word_1_459' title='bbox 1354 2267 1405 2296; x_wconf 84' lang='lat' dir='ltr'>fine</span> <span class='ocrx_word' id='word_1_460' title='bbox 1417 2266 1521 2305; x_wconf 81' lang='lat' dir='ltr'>vulgati</span> <span class='ocrx_word' id='word_1_461' title='bbox 1533 2277 1547 2294; x_wconf 86' lang='lat' dir='ltr'>a</span> <span class='ocrx_word' id='word_1_462' title='bbox 1563 2277 1590 2295; x_wconf 88' lang='lat' dir='ltr'>se</span> <span class='ocrx_word' id='word_1_463' title='bbox 1604 2266 1695 2296; x_wconf 79' lang='lat' dir='ltr'>dialo-</span> 
     </span>
     <span class='ocr_line' id='line_1_36' title="bbox 136 2315 1693 2356; baseline -0.001 -12"><span class='ocrx_word' id='word_1_464' title='bbox 136 2316 172 2354; x_wconf 81' lang='lat' dir='ltr'>gi.</span> <span class='ocrx_word' id='word_1_465' title='bbox 190 2317 237 2344; x_wconf 77' lang='lat' dir='ltr'>His</span> <span class='ocrx_word' id='word_1_466' title='bbox 252 2316 327 2344; x_wconf 86' lang='lat' dir='ltr'>vitiis</span> <span class='ocrx_word' id='word_1_467' title='bbox 341 2322 366 2343; x_wconf 80' lang='lat' dir='ltr'>ct</span> <span class='ocrx_word' id='word_1_468' title='bbox 378 2315 554 2344; x_wconf 85' lang='lat' dir='ltr'>incommodis</span> <span class='ocrx_word' id='word_1_469' title='bbox 569 2316 595 2344; x_wconf 93' lang='lat' dir='ltr'>in</span> <span class='ocrx_word' id='word_1_470' title='bbox 608 2316 822 2354; x_wconf 75' lang='lat' dir='ltr'>versione‚quam</span> <span class='ocrx_word' id='word_1_471' title='bbox 837 2327 885 2356; x_wconf 87' lang='lat' dir='ltr'>pro</span> <span class='ocrx_word' id='word_1_472' title='bbox 897 2316 1007 2345; x_wconf 86' lang='lat' dir='ltr'>modulo</span> <span class='ocrx_word' id='word_1_473' title='bbox 1022 2326 1081 2344; x_wconf 87' lang='lat' dir='ltr'>meo</span> <span class='ocrx_word' id='word_1_474' title='bbox 1093 2315 1264 2351; x_wconf 81' lang='lat' dir='ltr'>concinnavi,</span> <span class='ocrx_word' id='word_1_475' title='bbox 1278 2322 1423 2353; x_wconf 84' lang='lat' dir='ltr'>utcumque</span> <span class='ocrx_word' id='word_1_476' title='bbox 1433 2324 1572 2343; x_wconf 89' lang='lat' dir='ltr'>occurrere</span> <span class='ocrx_word' id='word_1_477' title='bbox 1583 2321 1693 2343; x_wconf 84' lang='lat' dir='ltr'>conatus</span> 
     </span>
    </p>
   </div>
   <div class='ocr_carea' id='block_1_5' title="bbox 136 2361 1695 2448">
    <p class='ocr_par' dir='ltr' id='par_1_5' title="bbox 136 2361 1695 2448">
     <span class='ocr_line' id='line_1_37' title="bbox 136 2361 1695 2402; baseline -0.001 -11"><span class='ocrx_word' id='word_1_478' title='bbox 136 2374 207 2400; x_wconf 78' lang='lat' dir='ltr'>sum,</span> <span class='ocrx_word' id='word_1_479' title='bbox 225 2374 315 2391; x_wconf 86' lang='lat' dir='ltr'>veram</span> <span class='ocrx_word' id='word_1_480' title='bbox 330 2373 360 2391; x_wconf 84' lang='lat' dir='ltr'>ac</span> <span class='ocrx_word' id='word_1_481' title='bbox 374 2363 517 2401; x_wconf 82' lang='lat' dir='ltr'>genuinam</span> <span class='ocrx_word' id='word_1_482' title='bbox 531 2370 636 2391; x_wconf 86' lang='lat' dir='ltr'>secutus</span> <span class='ocrx_word' id='word_1_483' title='bbox 652 2363 801 2396; x_wconf 76' lang='lat' dir='ltr'>lectionem,</span> <span class='ocrx_word' id='word_1_484' title='bbox 819 2375 898 2402; x_wconf 81' lang='lat' dir='ltr'>quam</span> <span class='ocrx_word' id='word_1_485' title='bbox 913 2364 1003 2392; x_wconf 84' lang='lat' dir='ltr'>notavi</span> <span class='ocrx_word' id='word_1_486' title='bbox 1019 2363 1054 2391; x_wconf 80' lang='lat' dir='ltr'>ad</span> <span class='ocrx_word' id='word_1_487' title='bbox 1067 2363 1226 2401; x_wconf 71' lang='lat' dir='ltr'>marginem,</span> <span class='ocrx_word' id='word_1_488' title='bbox 1243 2369 1342 2390; x_wconf 84' lang='lat' dir='ltr'>retenta</span> <span class='ocrx_word' id='word_1_489' title='bbox 1358 2362 1384 2390; x_wconf 92' lang='lat' dir='ltr'>in</span> <span class='ocrx_word' id='word_1_490' title='bbox 1400 2369 1474 2390; x_wconf 80' lang='lat' dir='ltr'>textu</span> <span class='ocrx_word' id='word_1_491' title='bbox 1491 2361 1590 2400; x_wconf 83' lang='lat' dir='ltr'>dialogi</span> <span class='ocrx_word' id='word_1_492' title='bbox 1602 2361 1695 2390; x_wconf 90' lang='lat' dir='ltr'>lectio-</span> 
     </span>
     <span class='ocr_line' id='line_1_38' title="bbox 136 2409 791 2448; baseline 0.002 -11"><span class='ocrx_word' id='word_1_493' title='bbox 136 2420 243 2447; x_wconf 72' lang='lat' dir='ltr'>ne,qn;e</span> <span class='ocrx_word' id='word_1_494' title='bbox 255 2410 282 2438; x_wconf 90' lang='lat' dir='ltr'>in</span> <span class='ocrx_word' id='word_1_495' title='bbox 299 2409 395 2438; x_wconf 87' lang='lat' dir='ltr'>Codice</span> <span class='ocrx_word' id='word_1_496' title='bbox 409 2409 590 2448; x_wconf 82' lang='lat' dir='ltr'>manuscripto</span> <span class='ocrx_word' id='word_1_497' title='bbox 603 2410 752 2438; x_wconf 77' lang='lat' dir='ltr'>habebatur</span> <span class='ocrx_word' id='word_1_498' title='bbox 777 2422 791 2435; x_wconf 50' lang='grc' dir='ltr'>ἢ</span> 
     </span>
    </p>
   </div>
   <div class='ocr_carea' id='block_1_6' title="bbox 137 2453 1697 2681">
    <p class='ocr_par' dir='ltr' id='par_1_6' title="bbox 137 2453 1697 2681">
     <span class='ocr_line' id='line_1_39' title="bbox 177 2453 1695 2493; baseline -0.001 -10"><span class='ocrx_word' id='word_1_499' title='bbox 177 2467 190 2482; x_wconf 75' lang='grc' dir='ltr'><strong>α</strong></span> <span class='ocrx_word' id='word_1_500' title='bbox 200 2455 252 2483; x_wconf 85' lang='lat' dir='ltr'>llic</span> <span class='ocrx_word' id='word_1_501' title='bbox 268 2465 396 2483; x_wconf 90' lang='lat' dir='ltr'>nonnemo</span> <span class='ocrx_word' id='word_1_502' title='bbox 413 2455 519 2483; x_wconf 78' lang='lat' dir='ltr'>sortasse</span> <span class='ocrx_word' id='word_1_503' title='bbox 535 2455 653 2493; x_wconf 80' lang='lat' dir='ltr'>objiciat,</span> <span class='ocrx_word' id='word_1_504' title='bbox 666 2455 786 2483; x_wconf 80' lang='lat' dir='ltr'>diversos</span> <span class='ocrx_word' id='word_1_505' title='bbox 801 2456 851 2483; x_wconf 79' lang='lat' dir='ltr'>sibi</span> <span class='ocrx_word' id='word_1_506' title='bbox 868 2455 953 2484; x_wconf 81' lang='lat' dir='ltr'>videri</span> <span class='ocrx_word' id='word_1_507' title='bbox 966 2454 1085 2489; x_wconf 76' lang='lat' dir='ltr'>Codices,</span> <span class='ocrx_word' id='word_1_508' title='bbox 1101 2454 1306 2482; x_wconf 71' lang='lat' dir='ltr'>Ambrosianum</span> <span class='ocrx_word' id='word_1_509' title='bbox 1319 2464 1349 2482; x_wconf 83' lang='lat' dir='ltr'>ac</span> <span class='ocrx_word' id='word_1_510' title='bbox 1360 2453 1543 2482; x_wconf 85' lang='lat' dir='ltr'>Florentinum</span> <span class='ocrx_word' id='word_1_511' title='bbox 1554 2464 1560 2481; x_wconf 87' lang='lat'><strong>:</strong></span> <span class='ocrx_word' id='word_1_512' title='bbox 1570 2460 1695 2493; x_wconf 90' lang='lat' dir='ltr'>propter-</span> 
     </span>
     <span class='ocr_line' id='line_1_40' title="bbox 138 2501 1693 2541; baseline 0 -12"><span class='ocrx_word' id='word_1_513' title='bbox 138 2513 165 2531; x_wconf 77' lang='lat' dir='ltr'>ea</span> <span class='ocrx_word' id='word_1_514' title='bbox 181 2501 253 2540; x_wconf 87' lang='lat' dir='ltr'>quod</span> <span class='ocrx_word' id='word_1_515' title='bbox 275 2502 433 2530; x_wconf 84' lang='lat' dir='ltr'>Ambrosius</span> <span class='ocrx_word' id='word_1_516' title='bbox 452 2502 578 2530; x_wconf 86' lang='lat' dir='ltr'>nonnulla</span> <span class='ocrx_word' id='word_1_517' title='bbox 592 2502 713 2540; x_wconf 68' lang='lat' dir='ltr'>prooemii</span> <span class='ocrx_word' id='word_1_518' title='bbox 730 2503 786 2530; x_wconf 89' lang='lat' dir='ltr'>loco</span> <span class='ocrx_word' id='word_1_519' title='bbox 803 2503 929 2541; x_wconf 64' lang='lat' dir='ltr'>pra‘inisit</span> <span class='ocrx_word' id='word_1_520' title='bbox 947 2503 972 2530; x_wconf 94' lang='lat' dir='ltr'>in</span> <span class='ocrx_word' id='word_1_521' title='bbox 984 2514 1030 2531; x_wconf 89' lang='lat' dir='ltr'>sua</span> <span class='ocrx_word' id='word_1_522' title='bbox 1048 2502 1244 2539; x_wconf 56' lang='lat' dir='ltr'>vci*sione,quae</span> <span class='ocrx_word' id='word_1_523' title='bbox 1257 2501 1283 2529; x_wconf 93' lang='lat' dir='ltr'>in</span> <span class='ocrx_word' id='word_1_524' title='bbox 1301 2501 1455 2529; x_wconf 87' lang='lat' dir='ltr'>Florentino</span> <span class='ocrx_word' id='word_1_525' title='bbox 1466 2511 1518 2528; x_wconf 88' lang='lat' dir='ltr'>non</span> <span class='ocrx_word' id='word_1_526' title='bbox 1529 2508 1693 2539; x_wconf 85' lang='lat' dir='ltr'>comparent.</span> 
     </span>
     <span class='ocr_line' id='line_1_41' title="bbox 137 2547 1695 2585; baseline -0.002 -7"><span class='ocrx_word' id='word_1_527' title='bbox 137 2549 211 2578; x_wconf 82' lang='lat' dir='ltr'>ldcin</span> <span class='ocrx_word' id='word_1_528' title='bbox 223 2548 338 2577; x_wconf 88' lang='lat' dir='ltr'>subinde</span> <span class='ocrx_word' id='word_1_529' title='bbox 348 2548 462 2577; x_wconf 76' lang='lat' dir='ltr'>occurrit</span> <span class='ocrx_word' id='word_1_530' title='bbox 478 2549 502 2576; x_wconf 90' lang='lat' dir='ltr'>in</span> <span class='ocrx_word' id='word_1_531' title='bbox 519 2548 632 2576; x_wconf 80' lang='lat' dir='ltr'>decursu</span> <span class='ocrx_word' id='word_1_532' title='bbox 645 2549 756 2585; x_wconf 70' lang='lat' dir='ltr'>dialogi,</span> <span class='ocrx_word' id='word_1_533' title='bbox 774 2556 801 2576; x_wconf 91' lang='lat' dir='ltr'>ut</span> <span class='ocrx_word' id='word_1_534' title='bbox 817 2549 902 2577; x_wconf 76' lang='lat' dir='ltr'>cnivis</span> <span class='ocrx_word' id='word_1_535' title='bbox 919 2549 1014 2585; x_wconf 72' lang='lat' dir='ltr'>legenti</span> <span class='ocrx_word' id='word_1_536' title='bbox 1030 2549 1174 2577; x_wconf 82' lang='lat' dir='ltr'>observare</span> <span class='ocrx_word' id='word_1_537' title='bbox 1186 2548 1370 2576; x_wconf 82' lang='lat' dir='ltr'>licet.Vcrnm</span> <span class='ocrx_word' id='word_1_538' title='bbox 1383 2547 1504 2585; x_wconf 84' lang='lat' dir='ltr'>quisquis</span> <span class='ocrx_word' id='word_1_539' title='bbox 1518 2557 1572 2575; x_wconf 90' lang='lat' dir='ltr'>rem</span> <span class='ocrx_word' id='word_1_540' title='bbox 1587 2557 1695 2576; x_wconf 81' lang='lat' dir='ltr'>accura-</span> 
     </span>
     <span class='ocr_line' id='line_1_42' title="bbox 140 2593 1697 2634; baseline -0.001 -11"><span class='ocrx_word' id='word_1_541' title='bbox 140 2604 162 2623; x_wconf 79' lang='lat' dir='ltr'>te</span> <span class='ocrx_word' id='word_1_542' title='bbox 176 2595 356 2634; x_wconf 71' lang='lat' dir='ltr'>perpenderit,</span> <span class='ocrx_word' id='word_1_543' title='bbox 372 2595 449 2623; x_wconf 76' lang='lat' dir='ltr'>facile</span> <span class='ocrx_word' id='word_1_544' title='bbox 466 2605 568 2622; x_wconf 87' lang='lat' dir='ltr'>mecum</span> <span class='ocrx_word' id='word_1_545' title='bbox 580 2595 758 2631; x_wconf 72' lang='lat' dir='ltr'>existimabit,</span> <span class='ocrx_word' id='word_1_546' title='bbox 773 2595 942 2623; x_wconf 54' lang='lat' dir='ltr'>merosium</span> <span class='ocrx_word' id='word_1_547' title='bbox 959 2596 1005 2623; x_wconf 52' lang='lat' dir='ltr'>ista</span> <span class='ocrx_word' id='word_1_548' title='bbox 1021 2594 1054 2623; x_wconf 82' lang='lat' dir='ltr'>dc</span> <span class='ocrx_word' id='word_1_549' title='bbox 1072 2606 1118 2622; x_wconf 85' lang='lat' dir='ltr'>suo</span> <span class='ocrx_word' id='word_1_550' title='bbox 1132 2593 1279 2627; x_wconf 68' lang='lat' dir='ltr'>addidisse,</span> <span class='ocrx_word' id='word_1_551' title='bbox 1295 2600 1322 2621; x_wconf 88' lang='lat' dir='ltr'>ut</span> <span class='ocrx_word' id='word_1_552' title='bbox 1336 2593 1370 2621; x_wconf 83' lang='lat' dir='ltr'>ad</span> <span class='ocrx_word' id='word_1_553' title='bbox 1383 2593 1521 2631; x_wconf 76' lang='lat' dir='ltr'>dialogum</span> <span class='ocrx_word' id='word_1_554' title='bbox 1532 2615 1540 2627; x_wconf 90' lang='lat'><em>,</em></span> <span class='ocrx_word' id='word_1_555' title='bbox 1558 2593 1602 2631; x_wconf 85' lang='lat' dir='ltr'>qni</span> <span class='ocrx_word' id='word_1_556' title='bbox 1617 2594 1697 2622; x_wconf 82' lang='lat' dir='ltr'>nimis</span> 
     </span>
     <span class='ocr_line' id='line_1_43' title="bbox 139 2640 1693 2681; baseline -0.003 -8"><span class='ocrx_word' id='word_1_557' title='bbox 139 2643 252 2681; x_wconf 67' lang='lat' dir='ltr'>:1bnupw</span> <span class='ocrx_word' id='word_1_558' title='bbox 265 2642 375 2671; x_wconf 79' lang='lat' dir='ltr'>exordio</span> <span class='ocrx_word' id='word_1_559' title='bbox 390 2641 556 2681; x_wconf 79' lang='lat' dir='ltr'>procedebat,</span> <span class='ocrx_word' id='word_1_560' title='bbox 567 2643 641 2670; x_wconf 65' lang='lat' dir='ltr'>viam</span> <span class='ocrx_word' id='word_1_561' title='bbox 653 2643 767 2681; x_wconf 71' lang='lat' dir='ltr'>aperiret</span> <span class='ocrx_word' id='word_1_562' title='bbox 785 2655 790 2669; x_wconf 88' lang='lat'>:</span> <span class='ocrx_word' id='word_1_563' title='bbox 807 2642 930 2680; x_wconf 73' lang='lat' dir='ltr'>idemque</span> <span class='ocrx_word' id='word_1_564' title='bbox 948 2643 1100 2681; x_wconf 58' lang='lat' dir='ltr'>pinrstitissc</span> <span class='ocrx_word' id='word_1_565' title='bbox 1114 2643 1137 2670; x_wconf 91' lang='lat' dir='ltr'>in</span> <span class='ocrx_word' id='word_1_566' title='bbox 1151 2642 1216 2670; x_wconf 70' lang='lat' dir='ltr'>serie</span> <span class='ocrx_word' id='word_1_567' title='bbox 1226 2641 1342 2680; x_wconf 68' lang='lat' dir='ltr'>dialogi,</span> <span class='ocrx_word' id='word_1_568' title='bbox 1357 2641 1441 2669; x_wconf 79' lang='lat' dir='ltr'>sicubi</span> <span class='ocrx_word' id='word_1_569' title='bbox 1454 2641 1532 2669; x_wconf 87' lang='lat' dir='ltr'>nimis</span> <span class='ocrx_word' id='word_1_570' title='bbox 1546 2640 1634 2669; x_wconf 80' lang='lat' dir='ltr'>hiulca</span> <span class='ocrx_word' id='word_1_571' title='bbox 1651 2641 1693 2669; x_wconf 73' lang='lat' dir='ltr'>vi-</span> 
     </span>
    </p>
   </div>
  </div>
 </body>
</html>
