1884 2922
250 188 317 221 320

252 269 329 300 ptura
341 260 416 298 quies
427 259 505 287 etiam
522 257 610 292 malis,
627 257 689 294 quin
705 256 775 293 cogit
790 265 834 284 eos
848 257 920 285 Deus
932 257 990 294 qui—

247 315 333 333 escere
346 315 360 332 n
378 303 489 332 malitia.
510 308 552 330 IV.
572 305 635 328 806.
650 310 677 328 n.
704 304 768 330 807.
785 300 859 327 Mors
875 300 990 328 hominis

247 348 376 376 mundani
397 369 404 382 ,
426 344 517 383 cupidi
532 351 556 371 et
578 343 686 382 superbi
705 353 784 380 quam
805 345 917 372 funesta.
942 350 988 373 lv,

249 396 316 420 239.
338 402 364 419 r).
382 401 445 428 sqq.
465 390 578 416 Mortem
591 387 661 426 parit
678 387 808 425 impietas,
824 394 855 415 V.
875 391 937 415 126.
963 397 986 415 ιι.

247 437 325 463 Mors
337 441 445 467 cuncta,
458 433 484 459 iu
498 431 596 469 quibus
610 430 721 458 confidit
736 431 815 460 homo
827 430 989 464 mundanus,

248 477 381 505 abscindit
395 487 409 503 a
425 475 525 503 radice.
545 481 576 502 v.
595 478 659 502 265.
679 484 706 501 D.
724 481 749 502 et
764 474 860 502 exinde
879 474 990 511 gravius

248 528 341 559 postca
362 526 512 557 torquetur.
529 519 573 545 ΙΙ).
588 528 614 545 Ε.
633 528 696 555 sqq.
713 519 787 546 Mors
803 518 922 556 corporis
937 527 988 545 non

248 571 287 592 est
302 574 382 601 grave
398 563 514 597 maluin3
529 572 600 589 mors
614 569 703 589 autem
716 562 810 589 animae
822 561 952 589 horrenda
965 567 989 588 et

249 606 385 635 terribilis.
399 613 445 634 XI.
466 610 526 633 149.
543 615 566 634 Β.
582 615 607 631 c.
626 603 699 638 Quid
712 605 826 632 sitmors
836 605 941 632 animm.
958 611 988 633 V.

254 655 318 678 261.
332 661 359 678 D.
373 651 447 677 Mors
464 647 621 676 immortalis
636 655 695 686 post
706 655 819 676 mortem
834 655 920 676 manct
934 647 989 675 iin—

249 694 318 732 pios.
329 695 374 721 lb.
387 691 546 721 1³.seeunda
558 701 628 719 mors
639 691 799 719 immortalis
811 691 887 728 ⁷quia
898 690 989 718 nullus

249 737 309 764 linis
318 736 454 775 supplicii.
474 742 544 763 ΠΙΙ.
559 739 604 763 47.
622 745 649 761 Α.
664 740 689 761 et
703 733 803 762 idcirco
818 734 989 772 vigilandum

248 791 282 808 ne
296 787 407 808 mortem
416 779 485 807 hanc
495 779 670 806 incurramus.
680 778 722 804 lh.
733 777 850 805 Praesens
859 777 913 805 vita
923 777 990 805 benc

247 823 343 862 agendi
354 830 458 861 tempus
473 829 526 857 cst;
543 828 601 860 post
615 827 727 848 mortem
740 831 803 849 vero
817 821 902 849 aderit
913 820 990 860 judi-

247 868 319 895 cium
335 873 360 894 et
372 866 547 905 supplicium.
565 872 620 893 ΠΙ.
634 869 698 893 463.
714 871 747 892 ΙΙ.
766 869 829 892 413.
845 875 872 892 E.
890 870 953 893 414.

289 912 403 938 Mortem
425 909 541 947 effugere
565 918 641 936 nemo
664 914 758 946 potest.
783 915 837 936 ΠΙ.
869 913 932 936 191.
961 919 986 937 c.

248 955 317 982 llinc
334 954 470 993 praesentis
485 953 547 981 vitaz
566 952 644 980 bonis
660 961 736 979 nemo
749 951 826 980 debet
840 952 986 980 adhoercre.

249 1006 304 1027 ΠΙ.
319 1003 422 1026 524.1›:.
436 997 533 1025 Mortis
545 1002 632 1023 autem
648 1002 752 1033 tempus
765 995 905 1023 utilissime
918 996 989 1034 igno—

248 1048 332 1069 ratur.
344 1048 401 1070 ΠΙ.
419 1045 482 1068 849.
502 1051 527 1068 A.
544 1049 607 1077 sqq.
619 1039 675 1066 Cur
687 1038 884 1066 volueritDeus
900 1040 989 1067 inccr-

249 1091 305 1112 tum
319 1084 395 1112 nobis
409 1093 514 1112 manere
529 1083 624 1109 mortis
634 1081 716 1109 diem.
740 1089 788 1110 XI.
806 1086 869 1110 563.
884 1092 910 1110 Ε.
923 1093 986 1121 sqq.

247 1128 344 1155 Mortis
360 1127 482 1166 proxima
501 1126 662 1164 exspectatio
675 1135 727 1153 non
745 1125 807 1153 sinit
823 1136 870 1153 nos
886 1125 990 1154 deliciis

248 1170 310 1199 frui.
331 1177 387 1198 ΠΙ.
400 1174 465 1198 753.
480 1180 502 1196 u.
527 1179 554 1197 c.
578 1168 619 1196 Ad
633 1168 725 1196 mortis
743 1175 846 1207 tempus
859 1179 910 1196 non
927 1179 989 1207 pro-

247 1213 422 1242 crastinandae
435 1213 620 1250 elecinosynae.
633 1218 690 1239 ΠΙ.
708 1217 772 1240 850.
789 1223 813 1239 Β.
826 1212 905 1240 Tunc
917 1212 988 1240 cnim

246 1257 379 1286 bonorum
392 1266 503 1295 operum
517 1255 669 1283 facultatem
682 1265 751 1294 saepe
763 1266 833 1283 mors
844 1255 989 1294 improvisa

248 1301 329 1329 tollit.
342 1301 448 1334 Ib.Qui
459 1303 513 1328 Deo
524 1298 633 1327 reddere
645 1305 705 1327 vota
716 1298 833 1335 distulit,
847 1306 871 1327 et
886 1310 991 1337 praeoc-

248 1352 359 1384 cupatus
370 1344 449 1372 suerit
464 1354 477 1371 a
494 1349 578 1371 morte
588 1363 596 1377 ‚
610 1352 660 1370 non
678 1342 810 1370 obtinebit
825 1343 940 1370 veniam.
955 1349 988 1372 Y.

249 1393 313 1418 539.
328 1399 352 1416 Α.
378 1388 440 1415 Post
454 1393 566 1415 mortem
581 1386 671 1413 nullus
687 1386 850 1424 poenitentia:
866 1386 951 1414 locus.
970 1393 990 1414 Ι.

250 1436 296 1460 13.
310 1442 335 1459 13.
352 1441 376 1458 c.
394 1432 455 1459 Post
470 1437 582 1458 mortem
592 1429 661 1457 nihil
673 1430 768 1458 mereri
779 1431 935 1468 poterimus.
955 1437 987 1458 ΙΙ.

249 1479 314 1503 413.
333 1485 401 1502 n.1-:.
416 1473 511 1502 Omnis
523 1473 639 1500 humana
652 1472 788 1501 distinctio
804 1480 866 1501 tunc
882 1473 988 1512 peribit.

250 1520 296 1547 Ila.
320 1522 385 1547 414.
399 1516 543 1545 Funeralia
557 1516 674 1544 divitum
689 1524 713 1544 ct
730 1527 876 1555 pauperum
889 1528 991 1555 nequa-

251 1572 332 1599 quam
345 1560 453 1595 similia,
469 1560 530 1588 licet
545 1570 616 1588 mors
625 1561 763 1598 omnejam
772 1561 915 1588 discrimen
926 1561 993 1589 inter

251 1613 395 1642 utrumque
404 1603 552 1632 sustulerit.
574 1610 618 1632 IV.
632 1607 694 1631 864.
709 1605 776 1631 Ante
786 1610 901 1632 mortem
917 1615 992 1632 ncmo

251 1649 400 1678 laudandus
412 1671 419 1685 ‚
436 1648 497 1686 quia
510 1658 614 1686 semper
629 1654 724 1676 natura
740 1648 859 1686 fragilis.
878 1656 910 1677 ΙΙ.
926 1654 992 1679 719.

254 1707 280 1724 Α,
299 1699 364 1722 720.

292 1744 367 1770 Mors
382 1751 433 1769 non
447 1739 576 1768 timenda.
594 1747 651 1770 ΠΙ.
669 1745 733 1769 407.
746 1751 772 1769 A.
787 1747 856 1770 ΠΙΙ.
874 1746 937 1769 576.
956 1754 987 1770 A.

252 1788 274 1813 A
286 1785 381 1813 timore
396 1784 488 1812 mortis
505 1784 611 1812 liberati
630 1791 691 1812 sunt
704 1783 860 1813 Christiani.
879 1792 911 1813 II.
926 1790 992 1813 761.

253 1840 277 1856 Λ.
295 1839 359 1868 sqq.
373 1829 402 1857 Si
417 1828 476 1866 quis
493 1828 676 1856 Christianum
691 1838 717 1856 se
732 1829 872 1866 profitetur
887 1851 894 1863 ,
917 1828 995 1857 debet

250 1883 296 1910 per
312 1879 472 1901 contemtum
486 1872 578 1900 mortis
592 1871 672 1899 fidem
684 1882 759 1899 suam
783 1872 930 1900 ostendere.
961 1883 993 1904 11.

250 1921 296 1944 73.
313 1927 375 1955 sqq.
392 1915 520 1944 Sitimeat
528 1921 641 1943 mortem
656 1921 684 1942 ut
697 1925 825 1953 paganus,
841 1922 878 1943 est
890 1916 996 1943 inexcw

260 1960 362 1988 sabilis.
384 1966 442 1987 YII.
458 1963 522 1986 408.
541 1970 566 1985 Α.
582 1958 655 1985 Inter
668 1968 758 1996 poenas
772 1959 908 1997 praesentis
927 1966 993 1987 tem-

255 2003 327 2042 poris
344 2003 418 2031 nulla
429 2002 543 2030 habetur
558 2002 665 2040 gravior
681 2008 726 2034 aut
741 2003 887 2031 terribilior
900 2010 994 2031 morte.

252 2055 300 2076 ΙΙΙ.
313 2052 376 2075 667.
391 2050 516 2075 Attamen
530 2056 630 2073 moeror
645 2055 847 2084 nonnumquam
864 2047 919 2085 ipsa
935 2057 996 2084 gra-

258 2090 318 2118 vior
340 2097 390 2126 cst;
413 2096 438 2118 et
461 2089 582 2117 moeroris
605 2088 734 2116 acerbitas
749 2090 847 2117 excitat
865 2090 890 2117 in
908 2091 996 2118 anima

259 2133 423 2162 desiderium
435 2133 538 2161 mortis.
549 2133 594 2160 ΙΙ).
610 2136 673 2160 668.
687 2143 778 2173 e.sqq.
792 2133 843 2161 Sed
858 2134 925 2161 nihil
940 2134 997 2162 for-

254 2177 397 2211 midabile,
421 2187 452 2204 ne
469 2176 525 2214 ipsa
543 2174 653 2213 quidem
676 2186 763 2212 mors,
791 2177 831 2204 illi
854 2178 898 2214 qui
923 2178 996 2206 timet

253 2228 401 2260 peccatum.
418 2228 450 2249 V.
469 2225 533 2248 249.
550 2231 578 2248 D.
598 2224 662 2249 250.
677 2231 702 2248 Λ.
724 2231 748 2248 Β.
767 2222 885 2249 Mortem
900 2223 996 2250 curti-

254 2275 383 2293 mcnmus.
403 2272 434 2292 ΙΙ.
450 2269 495 2292 75.
511 2275 537 2292 c.
555 2274 582 2291 D.
597 2274 661 2302 sqq.
678 2264 747 2299 Quia
763 2264 828 2302 quid
845 2265 878 2293 sit
892 2266 998 2303 ignora-

251 2320 321 2338 mus.
331 2311 375 2336 Il).
385 2316 409 2336 et
420 2310 480 2346 quia
489 2318 539 2335 non
551 2307 681 2335 habemus
688 2318 782 2346 puram
795 2309 992 2338 conscientiam.

253 2362 285 2383 II.
298 2359 343 2382 76.
357 2365 384 2382 Ε.
408 2361 433 2382 et
459 2353 634 2392 praesentibus
654 2353 732 2381 bonis
754 2353 931 2383 adhaeremus.
949 2357 993 2383 lb.

252 2409 315 2436 sqq.
340 2408 386 2426 nec
409 2407 501 2425 sumus
523 2397 592 2424 circa
617 2397 764 2435 corporalia
784 2398 939 2427 mortificati
966 2406 995 2427 ut

252 2449 364 2480 opor2et.
390 2448 422 2469 ΙΙ.
445 2446 490 2469 90.
506 2451 531 2469 Β.
549 2445 595 2468 91.
611 2441 664 2468 Nec
679 2451 751 2469 mors
767 2441 924 2476 timeretur,
942 2443 993 2472 nisi

251 2495 298 2512 nos
307 2492 403 2512 teneret
416 2484 588 2522 pecuniarum
600 2491 624 2511 ct
633 2484 719 2512 inanis
731 2485 823 2523 glorisc.
839 2485 948 2523 cupido.
968 2495 988 2516 I.

256 2532 317 2556 135.
333 2539 360 2556 r..
375 2528 419 2555 Nil
429 2527 537 2565 prodest
548 2527 623 2555 tarde
637 2527 714 2555 mori.
729 2535 775 2556 IX.
787 2533 850 2557 445.
861 2530 992 2559 Morsnon

253 2576 290 2597 est
303 2570 418 2601 timenda
433 2570 603 2608 sperantibus
616 2570 641 2598 in
655 2571 737 2599 vitam
750 2579 882 2600 attornam.
897 2580 917 2600 ΙΙ
945 2579 991 2602 73.

894 196 995 219 INDEX
1025 195 1149 218 RERUM.

1045 267 1109 295 sqq.
1128 257 1202 284 Mors
1217 255 1389 294 despicienda
1403 256 1430 284 in
1446 255 1581 284 meliorem
1595 256 1679 284 vitam
1694 264 1782 283 resur-

1045 299 1168 328 recturis.
1200 306 1256 328 VII.
1282 304 1346 328 445.
1367 300 1443 328 Mors
1469 309 1522 328 non
1541 299 1657 328 timenda
1676 309 1735 337 quae
1750 297 1785 325 ad

1045 342 1182 370 meliorem
1195 343 1276 370 vitam
1292 342 1425 381 perducit.
1449 349 1507 371 ΠΙ.
1524 347 1588 370 628.
1612 353 1641 371 n.
1663 353 1691 371 E.
1708 343 1785 370 Sub-

1044 387 1167 414 stantiam
1180 397 1230 414 non
1247 386 1384 414 interimit.
1403 393 1434 415 V.
1451 391 1514 414 253.
1533 397 1557 413 n.
1573 390 1638 414 254.
1650 387 1708 415 Non
1724 395 1787 423 per-

1044 429 1084 458 dit
1098 440 1205 468 corpus,
1221 429 1266 457 sed
1282 430 1414 457 consumit
1427 429 1635 468 corruptionem.
1648 431 1693 457 111.
1708 431 1785 458 Mors

1043 483 1094 500 non
1117 473 1286 507 estimatum,
1304 472 1348 500 sed
1364 472 1432 500 male
1446 472 1514 500 mori
1539 471 1641 499 malum
1656 478 1704 500 est.
1724 478 1783 499 ΠΙ.

1043 521 1107 544 449.
1125 527 1153 544 E.
1171 517 1306 554 Martyres
1321 515 1432 554 plurimi
1448 522 1559 543 mortem
1574 515 1731 543 timuerunt.
1752 521 1784 542 Il.

1043 564 1106 588 607.
1123 571 1148 589 13.
1164 559 1210 587 sed
1232 559 1258 586 in
1280 558 1331 586 hoc
1352 558 1487 597 praecipue
1507 559 1642 588 mirabiles
1663 568 1786 596 compro-

1043 603 1160 638 bantur,
1182 602 1253 641 quod
1270 602 1343 630 illam
1362 601 1462 630 idcirco
1477 603 1589 633 minime
1612 603 1783 641 refugerunt;

1043 647 1106 684 quin
1124 653 1149 674 et
1167 646 1265 674 Paulus
1280 652 1397 674 mortem
1417 646 1524 682 timuit,
1542 656 1588 674 nec
1604 647 1689 685 ipsam
1703 655 1785 673 recu-

1043 690 1117 718 sabat
1129 690 1285 728 gehennam.
1298 689 1340 719 Ib.
1359 700 1385 717 c.
1417 689 1462 717 sed
1483 690 1608 718 voluntas
1636 689 1663 717 in
1688 688 1785 717 sanctis

1043 734 1188 773 superabat
1203 740 1304 761 naturze
1320 732 1511 761 infirmitatem.
1530 733 1571 762 lb.

1083 786 1158 812 Mors
1180 783 1336 813 Christiano
1359 784 1504 822 optabilis,
1529 790 1554 812 et
1568 783 1622 822 ipsa
1650 782 1705 810 vita
1720 778 1784 808 dul-

1043 827 1109 856 cior.
1128 835 1148 856 I.
1167 833 1214 859 50,
1226 839 1253 855 A.
1271 827 1359 865 Magis
1373 826 1486 866 optanda
1497 824 1717 865 quamlugeida.
1739 831 1785 853 Π.

1044 876 1106 899 358.
1122 872 1178 901 col.
1197 876 1226 901 2.
1242 871 1342 899 Paulus
1355 881 1401 898 nos
1412 871 1509 899 excitat
1522 871 1554 899 ad
1567 881 1701 899 summum
1714 880 1786 898 mor-

1044 915 1076 943 tis
1091 915 1266 944 desiderium.
1291 922 1325 943 x.
1345 919 1409 944 597.
1434 917 1501 942 Ante
1516 915 1662 943 adventum
1684 914 1784 942 Christi

1044 970 1114 988 mors
1129 967 1184 988 erat
1198 959 1316 987 maxime
1329 957 1522 986 formidabilis.
1542 965 1575 986 ΙΙ.
1594 962 1661 986 757.
1679 967 1706 985 e.
1721 967 1784 996 sqq.

1042 1004 1102 1042 Ipse
1125 1010 1236 1032 mortem
1253 1002 1446 1031 reformidabat
1460 1001 1595 1030 Abraham
1607 1023 1615 1038 ‚
1636 1000 1681 1039 qui
1704 1007 1741 1029 tot
1760 1008 1785 1029 et

1043 1053 1114 1075 tanta
1128 1058 1177 1086 pro
1192 1049 1243 1076 Deo
1260 1053 1445 1075 contemserat.
1462 1047 1506 1073 ΙΙ).
1524 1056 1550 1073 Α.
1567 1050 1632 1074 758.
1657 1045 1715 1073 Sub
1735 1055 1783 1072 an-

1043 1090 1116 1129 tiqua
1127 1091 1183 1128 lege
1194 1089 1414 1118 considerabatur
1426 1088 1502 1126 quasi
1518 1089 1619 1116 malum
1635 1088 1785 1117 inconsola-

1043 1133 1109 1163 bile.
1122 1141 1181 1161 ΠΙ.
1199 1138 1262 1161 558.
1279 1144 1305 1162 c.
1321 1142 1349 1162 D.
1366 1133 1482 1160 Mortem
1495 1131 1560 1159 olim
1571 1132 1740 1170 etiamjustis
1756 1137 1782 1159 et

1044 1177 1140 1204 sanctis
1151 1176 1315 1210 terribilem,
1331 1186 1402 1203 nunc
1418 1176 1473 1203 suis
1487 1174 1684 1213 despiciendam
1701 1182 1725 1204 et
1738 1175 1797 1209 de-,

1043 1219 1183 1248 ridendam
1203 1219 1277 1247 dedit
1294 1219 1428 1249 Christus,
1445 1226 1491 1247 lv.
1519 1223 1583 1248 529.
1600 1230 1627 1247 E.
1645 1220 1718 1247 Olim
1732 1230 1784 1248 vo-

1044 1264 1156 1291 cabatur
1173 1262 1316 1299 mors‚sed
1337 1269 1396 1302 post
1417 1269 1529 1291 mortem
1551 1263 1650 1291 Christi
1658 1264 1715 1302 jam
1733 1273 1785 1291 non

1045 1317 1131 1341 mors,
1157 1307 1202 1335 sed
1217 1317 1328 1335 somnus
1342 1313 1367 1335 et
1385 1305 1512 1335 dormitio
1525 1314 1644 1335 vocatur.
1665 1314 1699 1337 ΙΙ.
1718 1311 1784 1335 469.

1045 1363 1068 1378 A.
1084 1355 1149 1379 470.
1163 1352 1238 1378 Mors
1249 1360 1300 1378 non
1315 1349 1454 1378 dicebatur
1463 1350 1600 1385 dormitio,
1614 1350 1697 1379 donec
1706 1350 1786 1378 Chri-

1045 1401 1102 1423 stus
1114 1394 1220 1423 vincula
1229 1395 1251 1433 ej
1259 1405 1288 1422 us
1298 1393 1465 1422 dissolveret.
1481 1401 1526 1422 IV.
1540 1399 1604 1422 743.
1617 1405 1644 1422 c.
1656 1396 1731 1423 Mors
1740 1393 1787 1422 de-

1045 1439 1095 1466 leta
1114 1449 1161 1477 per
1181 1437 1328 1466 Christum.
1360 1444 1392 1465 Y.
1424 1442 1488 1466 204.
1522 1449 1537 1467 Β
1576 1439 1650 1466 Mors
1681 1438 1782 1466 Christi

1044 1493 1115 1511 mors
1130 1483 1231 1510 mortis.
1247 1489 1292 1510 lx.
1309 1486 1373 1510 585.
1388 1492 1416 1509 A.
1434 1482 1507 1509 Mors
1522 1488 1608 1510 morte
1619 1482 1706 1510 soluta
1722 1489 1760 1510 est
1773 1503 1780 1516 ,

1046 1533 1109 1554 utet
1124 1526 1244 1564 tyrannis
1259 1525 1374 1553 diaboli.
1397 1532 1454 1553 ΠΙ.
1480 1530 1524 1553 23.
1541 1536 1566 1554 A.
1590 1526 1703 1553 Mortem
1731 1537 1786 1564 quo

1043 1577 1120 1609 pacto
1141 1570 1266 1599 Christus
1279 1569 1416 1598 devicerit.
1437 1576 1468 1597 II.
1489 1574 1552 1597 471.
1578 1580 1604 1597 A.
1622 1571 1697 1598 Mors
1717 1581 1780 1609 pcr-

1047 1615 1131 1642 cussit
1145 1613 1280 1641 Christum
1294 1635 1301 1649 ⁷
1315 1613 1361 1641 sed
1375 1613 1498 1641 Christus
1508 1623 1648 1651 percussus
1662 1624 1719 1642 eam
1728 1625 1787 1643 sus-

1047 1657 1118 1686 tulit.
1135 1664 1180 1686 XI.
1192 1661 1253 1685 426.
1269 1663 1294 1684 et
1305 1656 1471 1695 expugnavit
1484 1666 1532 1695 per
1541 1657 1690 1694 passionem
1699 1668 1785 1686 suam.

1049 1709 1095 1730 XI.
1117 1706 1181 1729 734.
1205 1702 1280 1729 Mors
1301 1704 1357 1739 ejus
1379 1700 1508 1728 interfecit
1530 1700 1700 1737 inimicitias,
1723 1712 1789 1739 qno·
1813 1710 1824 1717 “

1047 1744 1136 1773 modo.
1157 1752 1204 1774 XI.
1222 1749 1269 1773 41.
1293 1755 1318 1773 Β.
1347 1745 1376 1772 In
1393 1744 1517 1782 paradiso
1531 1754 1603 1771 mors
1617 1745 1790 1782 germinavit,

1050 1788 1077 1817 in
1091 1798 1168 1816 cruce
1177 1798 1247 1816 mors
1262 1787 1365 1816 sublata
1374 1794 1422 1816 est.
1440 1795 1485 1816 XI.
1504 1792 1568 1815 169.
1579 1788 1654 1816 Mors
1667 1795 1692 1816 et
1706 1789 1789 1816 tristi-

1051 1832 1085 1860 tia
1098 1831 1131 1860 de
1145 1832 1259 1870 peccatis
1270 1838 1337 1859 natac
1356 1838 1433 1865 sunt,
1447 1838 1471 1859 et
1484 1838 1620 1870 peccatum
1633 1832 1785 1861 absumunt.

1052 1883 1085 1904 ΙΙ.
1109 1881 1157 1904 77.
1173 1886 1197 1903 c.
1216 1880 1262 1903 78.
1286 1875 1382 1903 Mortis
1402 1874 1481 1903 radix
1503 1882 1542 1903 est
1562 1882 1717 1913 peccatum,
1741 1875 1790 1904 sed

1051 1919 1098 1947 ubi
1112 1918 1272 1951 abundavit,
1291 1918 1521 1957 superabundavit
1536 1918 1630 1956 gratia.
1656 1926 1702 1948 Ix.
1723 1924 1787 1949 575.

1050 1977 1074 1993 A.
1100 1968 1164 1992 576.
1185 1964 1280 1992 Mortis
1303 1963 1418 1991 formido
1445 1974 1517 1991 nunc
1539 1963 1704 1995 excluditur.
1742 1972 1787 1993 Π.

1050 2013 1113 2038 360.
1132 2009 1189 2037 col.
1206 2013 1231 2036 2.
1248 2009 1322 2036 Mors
1339 2018 1373 2036 ex
1389 2014 1494 2046 peccato
1515 2008 1646 2045 ingressa,
1657 2019 1704 2047 per
1718 2008 1790 2037 insi-

1052 2063 1132 2091 gnem
1140 2052 1191 2080 Dei
1208 2052 1376 2080 clementiam
1392 2053 1418 2080 in
1436 2051 1518 2080 nostri
1533 2053 1636 2089 generis
1647 2052 1790 2080 utilitatem

1052 2106 1178 2124 conversa
1193 2100 1392 2123 est.v.318.1³.
1406 2096 1506 2123 Paulus
1519 2106 1579 2124 cum
1588 2095 1621 2123 de
1633 2095 1741 2124 Christo
1753 2095 1792 2124 lo·

1049 2139 1151 2177 quitur.
1163 2139 1268 2167 obitum
1280 2140 1338 2177 ejus
1349 2145 1425 2167 vocat
1437 2145 1561 2175 mortem,
1573 2145 1693 2167 nostrum
1702 2146 1791 2167 autem

1049 2189 1125 2211 vocat
1140 2182 1339 2216 dormitionem
1352 2192 1442 2218 quare.
1457 2189 1476 2210 1.
1491 2186 1553 2209 935.
1564 2192 1590 2210 c.
1602 2192 1630 2211 n.
1641 2187 1704 2210 936.
1716 2183 1791 2211 Mors

1049 2225 1147 2254 Christi
1161 2236 1212 2253 non
1225 2226 1383 2253 contumelia
1398 2232 1444 2253 est.
1462 2232 1532 2254 ΠΙΙ.
1548 2230 1612 2253 578.
1631 2236 1656 2254 c.
1680 2225 1793 2254 transla-

1048 2269 1085 2297 tio
1097 2276 1145 2298 est.
1160 2276 1231 2297 VIII.
1257 2273 1319 2297 532.
1337 2280 1362 2297 c.
1377 2270 1435 2297 Non
1451 2268 1535 2296 obfuit
1548 2269 1692 2306 quominus
1703 2279 1794 2297 mane-

1049 2319 1087 2340 ret
1098 2313 1123 2340 in
1136 2319 1274 2340 aetcrnum.
1291 2320 1361 2342 ΠΙΙ.
1379 2317 1439 2341 464.
1454 2323 1478 2340 n.
1496 2313 1610 2340 Mortem
1623 2312 1788 2341 beneficium

1048 2363 1125 2384 vocat
1148 2357 1227 2384 Deus.
1249 2363 1310 2384 ΠΙ.
1331 2361 1394 2384 408.
1414 2367 1438 2384 c.
1462 2357 1535 2384 Mors
1557 2356 1625 2383 nihil
1653 2355 1727 2383 aliud
1752 2362 1791 2384 est

1047 2410 1127 2437 quam
1144 2409 1267 2433 somnus,
1286 2399 1429 2437 migratio,
1446 2399 1583 2426 translatio
1595 2421 1602 2434 ‚
1619 2399 1740 2436 requies,
1756 2399 1793 2426 li-

1048 2443 1157 2471 beratio.
1173 2450 1206 2471 II.
1222 2449 1285 2471 100.
1302 2454 1327 2471 c.
1340 2442 1498 2480 tranquillus
1513 2449 1615 2480 portus.
1629 2444 1675 2470 111.
1691 2448 1718 2470 et
1730 2448 1788 2470 ΠΙ.

1048 2492 1112 2515 408.
1126 2497 1152 2514 c.
1167 2487 1243 2515 Mors
1258 2486 1378 2514 fidelium
1392 2486 1491 2523 ubique
1505 2486 1656 2514 nominatur
1667 2496 1785 2514 somnus.

1049 2537 1092 2559 IV.
1121 2535 1184 2559 529.
1211 2540 1237 2558 E.
1256 2537 1313 2558 vu.
1338 2535 1402 2558 407.
1422 2540 1448 2558 A.
1474 2536 1493 2558 I.
1519 2533 1565 2557 85.
1597 2541 1621 2557 A.
1650 2529 1788 2559 dormitio.

1050 2581 1096 2603 ΙΙΙ.
1119 2579 1164 2603 56.
1184 2585 1212 2603 D.
1238 2579 1283 2603 57.
1303 2584 1429 2608 somnuS‚
1448 2573 1644 2602 consummatio
1661 2579 1686 2602 et
1709 2572 1784 2610 quies
