1884 2922
649 227 754 250 INDEX
782 227 1030 250 ALPHABE'HCUS
1037 242 1043 249 .

111 290 156 319 Τὰ
169 291 280 330 λείψανα
300 291 347 325 τῆς
366 291 487 329 χθεσινῆς
505 290 635 329 τραπέζης
650 291 809 323 ἀποδοῦναι,

72 345 98 363 m
112 336 209 364 Psalm.
228 338 277 369 50,
289 336 417 374 *spuriffi
430 342 448 363 t.
465 338 493 364 5.
514 347 540 374 p.
554 338 621 366 583.

110 381 153 409 Τὰ
167 382 278 421 λείψανα
290 385 335 417 τῆς
345 384 466 421 χθεσινῆς
476 382 606 420 τραπέζης
625 385 686 420 ὑμῖν
698 384 808 420 παραθ.,

71 427 97 454 in
113 428 240 456 Genesim
256 428 336 456 Hom.
352 430 400 457 22.
415 434 436 457 t.
453 428 480 457 4.
495 439 523 467 p.
542 431 606 458 192.

111 473 155 502 Τὰ
169 474 281 513 λείψανα
294 474 346 501 τῶν
357 474 420 512 χθὲς
432 474 574 513 εἰρημένων
587 476 711 511 ἀναγαῖον
721 473 811 508 ἀποδ-,

71 519 97 546 in
109 519 236 547 Genesim
247 519 328 548 Hom.
342 522 388 549 52.
403 527 422 548 t.
434 521 460 549 4.
475 532 504 560 p.
519 523 587 550 505.

110 565 153 593 Τὰ
169 566 279 603 λείψανα
291 568 342 594 τῶν
363 567 424 605 χθὲς
442 569 505 604 ἡμῖν
524 566 668 604 εἰρημένων
689 564 812 604 βούλ.,ἰυ

71 610 200 639 Genesim
213 611 293 640 Hom.
311 613 358 642 63.
372 619 391 641 t.
407 612 433 641 4.
446 624 473 651 p.
485 614 554 643 600.

109 657 152 685 Τὰ
176 657 278 695 μεγάλα
301 659 352 686 τῶν
378 659 541 698 πραγμάτιον
564 660 683 697 μεγάλων
710 659 809 694 δεῖται,

70 703 148 731 Hom.
163 703 189 731 in
201 703 263 732 Job.
277 706 304 739 2,
315 704 447 743 *spuria‚
464 711 482 734 t.
494 706 521 734 6.
537 716 564 744 p.
581 707 650 735 583.

107 749 152 778 Τὰ
174 749 221 787 μὲν
245 751 313 778 ἄλλα
333 751 420 779 πάντα
446 752 509 780 εἴκει
529 751 631 790 χρόνῳ,
649 750 695 778 καὶ
715 760 812 788 παρα.,

70 795 270 833 Tranquillino,
281 807 322 835 ep.
335 798 384 827 63.
402 804 421 825 t.
435 799 464 827 3.
475 807 501 835 p.
513 798 581 826 628.

104 841 147 870 Τὰ
162 842 255 871 παιδία
277 842 310 871 τὰ
331 842 414 881 μικρὰ
435 842 494 870 καθ’
512 842 625 877 ἑκάστην
646 842 768 880 ἡμέραν,
785 841 811 870 iu

70 888 146 915 Joan.
165 888 243 917 Hom.
257 891 304 918 25.
318 895 338 917 t.
353 890 381 917 8.
401 900 427 927 p.
442 888 507 918 143.

111 934 154 962 Τὰ
165 935 329 974 παρελθόντα
347 936 399 963 τῶν
417 934 564 972 μελλόντων
581 934 689 962 πλείονα
704 933 774 972 ἔχει,
785 933 812 962 in

73 981 123 1018 Ep.
137 980 171 1008 ad
184 981 282 1019 Ephes.
296 981 375 1009 Hom.
394 982 437 1009 17.
449 986 467 1007 t.
485 983 529 1008 11.
544 990 571 1018 Ρ.
586 982 650 1008 121.

111 1026 168 1059 Τὰς
178 1027 300 1064 γλώσσας
317 1027 430 1065 σήμερον
451 1025 610 1062 διανείμασα
621 1047 628 1059 ,
643 1025 670 1053 in
683 1026 811 1054 Penteco-

72 1079 127 1100 sten
143 1072 221 1100 Hom.
232 1074 259 1107 3,
271 1076 370 1110 spuria
380 1095 387 1106 ,
401 1079 419 1100 t.
434 1074 462 1101 3.
476 1083 504 1110 p.
517 1072 584 1101 794.

111 1118 167 1150 Τὰς
178 1117 286 1157 Γραφὰς
295 1119 343 1157 οὐχ
352 1118 451 1154 ἁπλῶς,
461 1118 518 1147 οὐδὲ
533 1118 680 1157 παρέργως,
694 1118 720 1147 in
732 1120 810 1149 Joau.

76 1165 157 1193 Hom.
173 1166 251 1193 5S.t.
267 1166 294 1193 8.
307 1175 332 1203 p.
349 1165 417 1194 336.

111 1210 167 1242 Τὰς
181 1211 348 1249 παραινέσεις
366 1209 432 1247 μετὰ
450 1210 588 1248 ἐγκωμίων
609 1211 646 1239 δεῖ
665 1213 811 1247 ποιεῖσθαι,

73 1257 99 1284 in
117 1257 169 1295 Ep.
183 1256 217 1284 ad
230 1256 350 1295 Philipp.
365 1256 443 1284 Hom.
459 1258 488 1285 8.
504 1263 524 1285 t.
538 1260 584 1285 11.
601 1267 626 1295 p.
644 1259 710 1285 255.

112 1303 193 1340 -Ῐ-Τὰς
209 1302 317 1340 ἀνομίας
330 1304 373 1337 A„
383 1302 514 1341 Synopsis
531 1305 621 1331 Amos.
631 1309 648 1330 t.
658 1304 685 1332 6.
701 1313 728 1341 p.
741 1304 808 1332 390.

111 1348 154 1378 Τὰ
169 1351 216 1383 riq
230 1348 364 1387 παρούσης
384 1350 454 1387 ἱερᾶς
470 1348 656 1387 πανηγύρεως,
668 1349 694 1376 in
710 1349 811 1377 Occur-

72 1406 132 1424 sum
148 1395 241 1424 sivein
252 1394 434 1433 hypapanton,
446 1404 459 1422 a
476 1394 640 1422 Combefisio
654 1393 811 1433 edita‚spu-

71 1445 126 1472 ria.

111 1489 185 1526 ἢκ...
202 1487 235 1517 τὰ
245 1489 296 1516 τῶν
318 1487 471 1525 βασιλικῶν,
482 1487 673 1525 Fragmentum
689 1487 715 1515 in
732 1488 810 1516 Mac-

71 1535 183 1571 cahaeos,
196 1541 213 1563 t.
227 1537 254 1564 2.
270 1545 296 1573 p.
311 1536 380 1564 633.

109 1583 202 1611 Ταῦτα
222 1581 317 1610 ἀνεκτὰ
330 1603 337 1616 ,
350 1585 432 1610 ταῦτα
451 1580 621 1620 φορητάςοῖει
640 1580 688 1608 κᾶν
713 1581 788 1609 σκιάν
804 1603 812 1616 ‚

73 1628 198 1667 Cyriaco,
210 1638 250 1666 ep.
267 1629 333 1656 202.
345 1633 363 1655 ι.
381 1628 407 1656 3.
420 1637 448 1665 p.
467 1629 534 1656 712.

112 1674 133 1711 †
146 1675 239 1702 Ταῦτα
253 1672 447 1708 ἀνεκτὰ,ταῦτα
458 1673 640 1712 φορητάςῦμῑν
654 1674 704 1711 γὰρ
714 1673 811 1706 αὐτοῖς,

72 1719 106 1748 de
117 1719 242 1748 Theatris
253 1719 334 1747 Hom.
349 1725 369 1747 t.
385 1720 412 1748 6.
428 1730 456 1758 p.
474 1721 541 1748 272.

111 1772 205 1799 Ταῦτα
219 1770 288 1798 δοκεῖ
303 1769 350 1807 μὲν
361 1769 453 1802 ἀνάξια
466 1765 531 1798 εἶναι
544 1770 651 1799 Παύλου
662 1794 669 1806 ,
684 1771 712 1799 in
728 1771 779 1809 Ep.
794 1773 812 1799 2

71 1815 107 1844 ad
120 1815 243 1844 Corinth.
261 1815 341 1844 Hom.
360 1818 387 1844 5.
400 1822 420 1844 t.
438 1818 482 1846 10.
496 1827 522 1854 p.
545 1816 612 1845 465.

113 1868 206 1895 Ταῦτα
229 1866 275 1904 μὲν
295 1868 359 1903 ἡμῖν
375 1866 442 1905 ὑπὲρ
463 1867 511 1900 τῆς
526 1868 570 1894 τοῦ
586 1867 655 1895 Θεοῦ
676 1866 812 1906 προνοίας,

73 1912 189 1950 Stagirio
201 1912 295 1940 Sermo
307 1913 336 1940 2.
355 1917 376 1938 t.
392 1914 418 1939 1.
436 1921 464 1949 p.
480 1912 546 1940 179.

112 1964 206 1991 Ταῦτα
215 1964 228 1990 ὁ
240 1963 377 1994 Βασιλεῖος
390 1960 503 1993 ἀκούσας
513 1961 557 1989 καὶ
567 1962 669 2000 μικρόν,
677 1961 710 1991 de
721 1962 814 1991 Sacer-

74 2008 148 2037 dotio
166 2008 216 2037 lib.
231 2008 258 2036 4.
273 2014 294 2036 t.
309 2011 334 2036 1.
349 2018 377 2046 p.
395 2007 461 2037 401.

114 2060 207 2087 Ταῦτα
218 2055 261 2087 οἶν
271 2058 375 2092 εἰδότες,
385 2058 495 2097 effluis-*0
510 2058 688 2097 δικαστήριον,
698 2059 725 2087 in
735 2060 786 2099 Ep.
796 2063 813 2089 Ξ).

74 2105 109 2134 ad
121 2104 240 2134 Corinth.
254 2104 333 2132 Hom.
346 2106 374 2133 2.
391 2111 408 2132 t.
426 2107 470 2133 10.
485 2115 512 2143 p.
527 2106 593 2133 512.

113 2155 220 2190 Ταύτης
230 2154 352 2193 μνησθεὶς
361 2157 408 2190 τῆς
424 2154 522 2194 ῥήσεως
531 2157 544 2183 ὁ
559 2154 687 2194 μακάριος
699 2156 813 2191 Παῦλος,

75 2203 102 2230 in
117 2202 215 2230 Psalm.
229 2203 294 2230 115.
313 2207 332 2229 t.
348 2203 378 2231 5.
396 2211 422 2239 p.
443 2202 511 2230 308.

113 2252 195 2291 Τάχα
216 2252 284 2290 πέρα
304 2255 349 2280 τοῦ
371 2251 471 2284 δέοντος
486 2251 618 2290 ἐφάνημεν
631 2253 693 2290 ὑμῖν
709 2253 752 2282 ἔπ,
764 2277 771 2289 ‚
787 2254 813 2282 in

75 2300 153 2328 Joan.
167 2298 304 2327 Hom.l2.
320 2304 341 2327 t.
359 2300 390 2327 8.
412 2308 439 2336 p.
458 2299 506 2327 66.

109 2349 190 2388 Τάχα
206 2361 244 2381 τις
261 2350 365 2387 ἡγεῖται
379 2347 481 2381 ἀνάξιον
497 2343 563 2376 εἶναι
583 2350 631 2383 τῆς
643 2349 773 2387 ἀνδρείας,
787 2351 814 2379 in

76 2396 128 2434 Ep.
149 2398 161 2424 1
179 2394 213 2423 ad
226 2394 348 2423 Corinth.
366 2395 448 2423 Hom.
466 2393 514 2422 44.
533 2400 553 2424 t.
570 2397 617 2424 10.
631 2405 659 2433 p.
677 2395 743 2425 406.

115 2445 228 2485 Ταχέως
244 2447 307 2483 ἡμῖν
323 2445 450 2474 ἐπελάθου
463 2446 501 2484 τῷ
511 2446 642 2484 χωρισμῷ
653 2456 709 2481 σου,
722 2445 814 2475 Theo-

76 2492 142 2521 doro
152 2492 282 2527 Diacono,
293 2501 337 2530 ep.
351 2493 400 2520 59.
413 2497 432 2519 t.
447 2493 475 2520 3.
491 2501 518 2529 p.
533 2491 603 2519 626.

141 2545 158 2581 ᾔ
175 2541 278 2580 γλώττῃ
300 2541 346 2579 μὲν
371 2541 489 2580 ὀλιγάκις
512 2543 586 2578 ὑμῶν
612 2542 750 2571 ἐπέστειλα
772 2546 815 2581 τῇ,

78 2589 157 2616 Casto
173 2609 181 2621 ,
198 2587 342 2618 Valeriano
356 2609 364 2623 ‚
380 2587 481 2625 Diopb.
509 2593 559 2616 etc.
576 2609 584 2625 ,
601 2598 642 2626 ep.
667 2589 714 2617 66.
740 2596 758 2618 t.
784 2592 812 2619 3.

79 2645 103 2672 p.
117 2635 183 2662 629.

1538 218 1607 265 575

907 289 1032 328 Τήμερον
1048 289 1189 318 ἀποδοῦναι
1201 293 1342 329 ἀναγκαῖον
1354 292 1384 321 τὸ
1393 292 1543 331 ὅφλημα,ἰιι
1555 292 1608 331 Ep.

866 334 901 363 ad
912 334 1015 363 coloss.
1029 336 1108 364 Hom.
1124 339 1152 367 3.
1168 343 1188 365 ι.
1206 340 1250 366 ll.
1271 348 1298 376 p.
1313 338 1382 368 343.

904 381 962 416 Τὴν
978 382 1090 419 ἀθυμίαν
1104 383 1223 418 ἐνέθηκεν
1238 387 1314 422 ἡμῶν
1326 388 1339 415 ὁ
1351 386 1419 418 Θεὸς
1434 387 1466 424 τῇ
1482 386 1566 425 φύσει,
1576 387 1609 414 dc

866 428 999 462 Tristitia,
1018 429 1118 467 Ecloga
1133 432 1178 460 19.
1193 437 1214 460 t.
1228 433 1273 460 12.
1284 442 1312 470 p.
1333 434 1401 462 553.

905 474 963 509 Τὴν
992 474 1112 513 ἀνδρείαν
1143 478 1216 514 ὑμῶν
1237 477 1282 505 καὶ
1313 477 1361 513 τὴν
1386 477 1537 517 παρρησίαν
1565 478 1609 506 καὶ

865 519 928 553 τήν,
950 520 1064 548 Venerio
1083 520 1166 559 episc.
1187 521 1347 557 Mediolani,
1371 533 1414 562 ep.
1438 525 1504 552 182.
1535 529 1555 551 t.
1576 525 1605 552 3.

869 575 895 603 p.
922 567 988 595 702.

905 612 964 646 Τὴν
982 613 1130 651 ἀρρωστίαν
1163 614 1306 653 δια-ρυγὼν,
1327 615 1358 649 ἣν
1381 615 1450 644 κατὰ
1469 614 1517 649 τὴν
1539 616 1608 651 ὁδόν,

867 657 1038 695 Olympiadi,
1057 669 1099 696 ep.
1120 661 1166 690 12.
1181 666 1200 688 t.
1219 662 1248 689 3.
1262 671 1288 698 p.
1311 663 1378 690 591.

907 702 964 737 Τὴν
978 703 1058 737 αὐτὴν
1071 705 1219 743 ἐπιγραφὴν
1233 708 1246 734 ὁ
1260 707 1374 744 ψαλμός,
1385 707 1411 735 in
1425 707 1524 736 Psalm.
1539 710 1607 745 105,

865 750 966 786 spuria
982 755 1008 776 et
1022 751 1140 781 omissa.

905 793 962 828 Τὴν
974 795 1004 822 ἐκ
1015 798 1060 823 τοῦ
1071 795 1187 833 πολέμου
1199 798 1338 834 συμξᾶσαν
1350 798 1572 836 ὀλιγανθρωπίαν,
1582 799 1609 827 in

865 847 948 879 caput
961 840 979 869 4
990 840 1075 876 Isaiae,
1092 848 1111 871 t.
1131 843 1158 871 6.
1171 853 1199 881 p.
1217 843 1264 872 48.

907 887 928 923 †
942 888 999 922 Τὴν
1023 887 1148 925 ἐσομένην
1172 889 1320 928 ἐρήμωσιν,
1339 889 1469 928 Synopsis
1480 889 1611 926 Michaeae,

866 939 887 961 t.
906 935 935 963 6.
947 944 975 972 p.
993 936 1061 964 391.

906 979 964 1014 Τὴν
977 980 1095 1018 εὐλογίαν
1112 982 1147 1012 εἷς
1156 981 1186 1009 τὸ
1198 981 1277 1019 μέσον
1288 981 1425 1021 προθέντες
1439 982 1509 1021 χθές,
1521 982 1547 1010 in
1557 983 1610 1011 Ge-

866 1025 950 1054 nesim
966 1027 1045 1056 Hom.
1062 1027 1109 1055 28.
1127 1033 1146 1054 ι.
1164 1026 1192 1055 4.
1208 1038 1236 1065 p.
1254 1028 1320 1056 269.

904 1072 960 1106 Τὴν
983 1072 1094 1110 κάμινον
1115 1075 1160 1107 τῆς
1184 1073 1349 1110 ἂθυμίας,ἣν
1369 1073 1412 1102 ἐπὶ
1422 1075 1480 1109 τῆς,
1497 1074 1608 1113 Arabio,

867 1129 911 1157 ep.
930 1121 996 1149 121.
1009 1125 1029 1147 t.
1045 1121 1074 1149 3.
1091 1130 1117 1158 p.
1136 1120 1205 1148 661.

904 1164 960 1200 Τὴν
977 1165 1094 1204 μεγάλην
1107 1165 1151 1193 καὶ
1165 1165 1303 1204 φιλόσοφον
1318 1165 1404 1205 ψυχὴν
1416 1166 1500 1202 οὐδέν,
1512 1166 1538 1194 in
1550 1166 1604 1205 Ep.

867 1211 903 1240 nd
917 1211 1040 1250 Philipp.
1058 1213 1137 1240 Hom.
1156 1213 1185 1242 3.
1198 1219 1216 1240 t.
1237 1215 1283 1241 11.
1304 1223 1331 1251 p.
1351 1214 1417 1241 211.

907 1257 964 1292 Τὴν
983 1257 1028 1294 μὲν
1041 1257 1168 1295 ἁγιότητα
1178 1258 1341 1296 xpm-comm
1353 1258 1454 1286 Pascha
1473 1258 1567 1287 Sermo
1579 1261 1608 1288 3.

867 1310 887 1332 t.
906 1305 923 1332 8
936 1305 967 1330 in
978 1303 1100 1340 Spuriis,
1112 1314 1140 1342 p.
1160 1305 1227 1332 257,

906 1349 964 1383 Τὴν
990 1349 1156 1386 ὀδυνωμένην
1183 1349 1288 1388 ψυχὴν,
1304 1350 1335 1384 ἣν
1364 1350 1414 1378 ὑπὸ
1443 1350 1572 1388 ἀθυμίας,
1586 1351 1612 1379 in

865 1396 942 1425 Joan.
957 1396 1036 1424 Horu.
1053 1397 1099 1424 79.
1112 1402 1130 1422 t.
1147 1396 1174 1423 8.
1198 1406 1224 1434 p.
1244 1395 1313 1424 465.

906 1443 931 1470 T
932 1441 963 1476 ὴν
979 1440 1079 1475 πολλὴν
1095 1445 1139 1470 τοῦ
1156 1443 1224 1470 Θεοῦ
1241 1441 1437 1480 φιλανθρωπίαν
1453 1443 1570 1476 Παῦλος,
1585 1443 1611 1471 in

869 1487 921 1527 Ep.
939 1487 974 1516 ad
990 1487 1072 1516 Hebr.
1088 1487 1166 1515 Hom.
1179 1489 1205 1516 5.
1219 1493 1236 1515 t.
1254 1489 1299 1516 12.
1315 1498 1342 1525 p.
1353 1489 1400 1516 51.

908 1534 965 1569 Τὴν
983 1534 1220 1573 ταπεινοφροσύνην
1227 1532 1293 1562 πολὺ
1302 1532 1349 1571 μὲν
1357 1533 1479 1572 ἔχουσαν,
1490 1533 1517 1562 in
1530 1535 1583 1573 Ep.
1595 1538 1605 1563 l

868 1578 903 1607 ad
916 1579 1037 1608 Timoth.
1055 1580 1133 1608 Hom.
1145 1582 1174 1609 3.
1193 1586 1213 1607 t.
1232 1583 1276 1608 11.
1292 1590 1318 1617 p.
1331 1581 1400 1608 561.

910 1626 930 1663 †
947 1625 1005 1660 Τὴν
1020 1624 1149 1663 τιμωρίαν
1164 1625 1211 1660 τὴν
1227 1624 1394 1663 Ἰδουμαίων,
1410 1625 1540 1665 Synopsis
1555 1627 1613 1655 Ab-

866 1670 929 1706 diae,
945 1677 963 1698 t.
977 1673 1004 1700 6.
1017 1682 1042 1709 p.
1055 1673 1122 1701 390.

907 1717 965 1751 Τὴν
979 1719 1023 1745 τοῦ
1037 1715 1182 1751 ἀλληλουία
1197 1715 1348 1755 ἑρμηνείαν,
1363 1716 1390 1744 in
1403 1717 1450 1745 Ps.
1466 1718 1532 1755 104,
1545 1729 1610 1758 spu-

867 1764 913 1791 1·ιά
924 1769 951 1791 et
965 1764 1083 1791 omissa.

908 1810 965 1843 Τὴν
983 1807 1042 1847 χθὲς
1060 1808 1162 1847 ἡμέραν
1183 1807 1275 1846 ἑορτὴν
1294 1803 1373 1836 οἶσαν
1389 1808 1562 1845 διαὲολικήν,
1581 1810 1609 1838 in

867 1855 999 1883 Lazarum
1015 1855 1092 1882 Hom.
1113 1858 1136 1882 l.
1151 1860 1167 1881 t.
1189 1857 1212 1882 1.
1226 1865 1250 1892 p.
1264 1856 1330 1882 787.

905 1900 963 1934 Τὴν
977 1900 1038 1939 χθὲς
1061 1899 1163 1938 ἡμέραν
1189 1898 1281 1937 ἑορτὴν
1301 1895 1379 1928 οὖσαν
1403 1901 1564 1936 σατανικήν,
1584 1900 1611 1929 in

867 1948 997 1976 Lazarum
1022 1948 1100 1976 Hom.
1126 1950 1137 1974 1
1161 1952 1220 1984 post
1250 1946 1407 1982 Kalendas;
1433 1946 1526 1975 eadem
1550 1958 1611 1986 quae

867 2003 952 2031 prior.

907 2040 949 2076 Τῇ
964 2040 1104 2076 προγραφῇ
1119 2037 1201 2075 ταύτῃ
1217 2038 1360 2074 πολλάκις,
1375 2039 1401 2066 in
1416 2039 1512 2068 Psalm.
1533 2042 1588 2070 107
1601 2062 1609 2077 ,

867 2086 967 2123 spuria
977 2090 1005 2112 et
1019 2085 1222 2121 praetermisssz.

907 2132 949 2168 Τῇ
960 2129 1076 2169 προτέρᾳ
1091 2131 1204 2167 κυριακῇ
1218 2129 1263 2164 τὴν
1279 2130 1413 2168 ὀρθόδοξον
1426 2153 1434 2166 ,
1449 2130 1475 2158 in
1497 2132 1611 2159 Annun-

868 2176 1004 2205 tiationem
1018 2175 1150 2213 Deiparae‚
1163 2178 1271 2213 spuria,
1285 2182 1303 2203 t.
1322 2179 1365 2204 ll.
1382 2187 1408 2215 p.
1423 2178 1488 2206 838.

907 2224 950 2261 Τῇ
966 2221 1081 2260 προτέρᾳ
1093 2220 1195 2253 συνάξει
1205 2220 1249 2249 καὶ
1257 2224 1289 2259 τῇ
1301 2222 1351 2260 πρὸ
1364 2222 1474 2257 ἐκείνης,
1487 2223 1513 2251 in
1527 2222 1608 2259 illud,

869 2270 1016 2297 Habentes
1028 2267 1159 2295 eumdem
1170 2268 1303 2304 spiritum
1310 2268 1391 2306 fidei,
1407 2268 1492 2297 Serm.
1507 2271 1534 2298 3.
1550 2275 1568 2296 t.
1582 2271 1610 2299 3.

869 2326 895 2354 p.
912 2316 982 2343 279.

909 2362 966 2394 Τῆς
988 2361 1067 2394 αὐτῆς
1084 2358 1230 2390 ὑποθέσεως
1252 2358 1296 2386 καὶ
1321 2354 1394 2391 οὗτος
1412 2362 1425 2388 ὁ
1445 2359 1564 2398 ψαλμός,
1583 2360 1609 2389 in

868 2406 967 2435 Psalm.
980 2406 1028 2435 46.
1043 2412 1062 2435 t.
1080 2407 1106 2433 5.
1119 2415 1145 2443 p.
1163 2405 1227 2433 187.

909 2453 965 2486 Τῆς
976 2452 1021 2489 μὲν
1035 2451 1180 2488 ἐπιγραφῆς
1191 2451 1370 2479 ἀποστολικῶν
1386 2451 1513 2490 πράξεων,
1525 2453 1611 2481 Theo-

869 2498 928 2528 dori
951 2496 1075 2536 Magistri
1099 2495 1132 2524 dc
1152 2495 1294 2524 Laudibus
1310 2497 1387 2525 Pauli
1403 2499 1494 2536 Apost.
1506 2520 1514 2535 ,
1529 2499 1610 2527 Eclu-

871 2555 902 2583 ga
926 2546 975 2574 30.
996 2549 1014 2570 t.
1033 2543 1192 2580 12.p.656.

908 2591 964 2623 Τῆς
981 2588 1027 2626 μὲν
1045 2583 1087 2616 οὖν
1105 2587 1203 2626 ῧὸρεως
1220 2587 1306 2615 ἕνεκεν
1319 2589 1365 2622 τ’ἧς
1381 2589 1415 2619 εἷς
1431 2588 1506 2623 τούς,
1519 2588 1552 2617 de
1566 2590 1610 2618 Sa-

871 2635 988 2665 cei-‘lotio
1003 2635 1049 2663 lib.
1067 2636 1096 2663 3.
1111 2640 1129 2663 t.
1152 2637 1176 2661 1.
1191 2644 1216 2672 p.
1233 2635 1300 2662 380.
