1884 2922
701 193 804 214 tixDEx
836 194 963 217 RERUM.

60 253 94 281 de
116 253 194 281 Patre
218 253 461 292 proptergentiles,
478 252 668 292 multiplicium
688 253 801 282 deornm

60 296 153 325 moi-hu
169 296 328 324 laborantes.
341 304 360 324 ι.
374 301 438 325 592.
450 309 476 325 A.
487 307 549 335 sqq.

100 341 147 369 Dei
159 339 345 380 pulchritudo.
364 351 391 369 v.
411 346 471 369 161.
490 351 517 369 D.

97 385 171 414 Deus
186 386 273 420 Pater,
290 396 340 413 non
356 385 390 413 ab
413 385 503 423 aliqua
518 391 648 421 creatura,
666 386 711 416 sed
725 398 739 415 a
756 386 803 414 Fi-

58 428 95 456 lio
108 435 213 456 tantum
223 435 248 456 et
260 428 365 467 Spiritu
379 436 469 457 saneto
482 428 660 467 cognoscitur.
674 437 694 458 1.
705 435 800 459 567.D.

59 473 147 501 Deum
168 483 245 501 nenio
267 472 342 501 videt
365 483 410 501 scii
433 473 584 511 cognoscit,
605 473 655 501 nisi
672 474 758 502 Filius
778 480 803 502 ct

57 517 177 556 Spiritus
202 524 318 546 sanctus.
342 525 362 546 ι.
393 522 456 545 589.
475 528 503 550 D·
523 517 572 545 Dei
594 517 742 546 substantia
768 518 802 546 ab

59 561 207 600 Unigenito
224 569 249 590 et
260 561 365 600 Spiritu
381 568 470 589 sancto
481 560 734 600 comprehenditur,
750 572 801 589 nori

59 604 94 632 ab
117 605 188 636 aliis.
205 613 225 634 1.
249 610 313 634 614.
328 613 356 634 D.
370 605 442 633 Deus
457 604 737 643 incomprehensibilis
756 616 802 634 au-

61 648 128 687 gelis
156 656 180 677 et
207 649 331 688 supernis
346 649 513 678 Yiriuiibiis.
543 655 563 678 ι.
587 653 650 677 551.
681 659 707 679 c.
737 659 800 688 sqq.

61 697 124 721 569.
135 703 200 731 sqq.
215 697 280 721 573.
297 703 322 720 n.
338 693 409 720 Deus
423 693 556 730 quomodo
567 703 622 720 sese
636 699 800 732 attemperet,

61 742 90 764 ut
113 736 237 764 videatur
255 747 270 764 a
285 736 453 775 Scrapliinis.
471 743 490 764 1.
509 740 572 764 569.
589 746 616 764 D.
635 736 725 764 Etiam
741 746 800 764 cum

60 790 117 808 sese
139 787 306 819 attemperat,
331 790 453 817 supernae
480 780 603 808 Virtutes
630 779 721 808 videre
750 791 800 809 ne-

60 831 173 861 queunt.
203 832 222 853 1.
244 829 308 852 573.
335 834 352 852 D
374 825 462 852 Deum
486 834 563 852 nemo
588 823 662 851 videt
685 824 800 863 perfecta

59 868 303 907 comprehensione.
330 876 348 897 t.
375 873 439 896 580.
467 878 492 898 e.
515 872 578 896 581.
594 867 645 895 Dei
675 867 799 895 snbstan-

59 911 124 940 tiam
140 912 275 951 prophetae
290 922 342 940 non
360 919 480 940 accurate
501 918 637 940 noverant.
651 918 672 941 ι.
691 916 753 940 548.
773 922 799 940 Β.

59 958 148 986 Deum
159 957 282 990 scrutari,
295 968 376 995 quam
389 957 567 986 temerarium.
580 964 601 986 1.
618 961 680 985 557.
695 967 719 987 Β.
734 967 800 996 sqq.

99 1002 187 1030 Deum
211 1001 511 1040 incomprehensibilem
532 1012 587 1029 esse
602 1001 697 1040 probat
713 1001 802 1040 Chry-

59 1052 202 1074 sostomus.
222 1053 243 1074 1.
260 1050 325 1076 716.
349 1046 422 1073 Dens
450 1045 613 1074 contumelia
629 1045 714 1073 aflicit
739 1056 802 1073 euin

60 1090 107 1128 qui
128 1091 185 1129 ejus
201 1090 377 1119 substantiam
393 1089 524 1118 curiosius
545 1089 681 1128 explorat.
697 1096 717 1118 1.
736 1093 799 1117 560.

61 1144 85 1162 n.
105 1144 170 1173 sqq.
189 1135 238 1162 Dei
253 1133 427 1162 substantiam
439 1144 466 1162 se
480 1143 556 1161 nosse
570 1141 663 1171 putare
680 1132 802 1161 insanum

61 1185 108 1206 est.
123 1185 145 1207 1.
162 1183 224 1207 548.
240 1190 265 1207 13.
283 1183 347 1207 560.
362 1191 388 1206 A.
409 1178 455 1206 Dei
471 1177 647 1206 substantiam
660 1187 710 1205 non
725 1187 803 1205 nove-

60 1229 104 1250 rat
118 1222 227 1251 Paulus.
240 1230 260 1251 1.
279 1227 343 1250 550.
359 1233 385 1250 A.
401 1226 464 1250 562.
481 1232 508 1251 E.

100 1267 173 1294 Deus
186 1277 239 1304 quo
256 1273 333 1306 pacto
347 1266 527 1304 cognoscitur.
544 1273 565 1293 ι.
583 1270 647 1294 547.
665 1276 692 1294 c.
705 1275 733 1293 D.
752 1264 801 1292 Dei

59 1309 210 1338 substantia
226 1309 360 1348 quomodo
371 1308 620 1348 comprehensibilis
634 1309 679 1345 sit,
693 1307 800 1346 quando

56 1353 161 1392 judicia
177 1355 246 1393 ejus,
259 1353 410 1393 prudentia,
426 1352 582 1391 magnitudo
599 1352 803 1391 incompreben-

59 1398 149 1427 sibilia
164 1405 235 1426 sunt.
253 1405 275 1428 1.
290 1403 353 1427 550.
368 1409 396 1426 E.
411 1398 483 1425 Deus
498 1397 706 1425 inaccessibilem
715 1397 803 1424 lucem

59 1441 232 1477 inhabitans,
247 1449 345 1480 quanto
372 1442 457 1480 magis
484 1441 540 1480 ipse
563 1440 764 1469 inaccessibilis.
777 1447 800 1471 1.

61 1492 124 1515 568.
140 1497 167 1515 r..
183 1487 270 1514 Deum
294 1496 350 1514 esse
369 1485 477 1514 credere
491 1484 590 1513 suflicit
602 1507 610 1519 ,
625 1495 672 1512 iicc
687 1483 802 1522 requiri-

60 1539 105 1560 tur
131 1538 160 1559 ut
190 1532 247 1570 ejus
270 1531 448 1559 substantiam
473 1536 632 1558 scrutemur.
651 1536 672 1559 1.
692 1534 756 1558 596.
773 1539 800 1556 c.

60 1577 134 1605 Deus
149 1575 176 1604 iu
193 1576 288 1604 throno
315 1586 370 1604 esse
394 1575 496 1603 dicitur
508 1597 515 1610 ,
531 1574 578 1612 qui
593 1573 725 1602 contineri
751 1583 800 1601 ne-

61 1621 139 1658 quit,
157 1620 204 1648 sed
215 1631 271 1648 sese
285 1627 452 1658 attemperat.
472 1626 492 1648 t.
511 1623 575 1648 569.
592 1628 622 1646 D.
637 1617 686 1646 Dei
704 1617 801 1646 ineffa-

59 1664 123 1693 bilis
137 1664 260 1692 essentia.
278 1671 323 1692 IV.
340 1668 385 1692 25.
403 1674 455 1692 non
472 1669 556 1702 potest
577 1661 694 1689 humana
715 1667 802 1690 mente

57 1708 261 1737 efforniai·i.IV.
279 1712 345 1736 758.
365 1718 390 1737 c,
412 1708 484 1736 Deus
508 1713 618 1745 propter
636 1705 799 1734 ineffabilem

57 1753 223 1791 majestatem
234 1773 243 1787 ,
272 1758 297 1779 et
326 1750 620 1790 incomprehensibilem
654 1749 800 1788 providen-

59 1796 123 1824 tiam
146 1802 184 1824 est
203 1794 365 1824 adorandus.
393 1802 426 1823 Υ.
453 1800 517 1823 209.
535 1805 560 1823 B.
578 1794 629 1822 Dei
651 1794 799 1822 substantia

57 1840 136 1868 nobis
149 1840 251 1878 ignota.
270 1845 302 1868 V.
321 1844 386 1868 556.
402 1849 427 1867 E.
441 1839 492 1867 Dei
503 1839 615 1867 essentia
630 1837 802 1877 impervesti-

57 1884 163 1924 gabilis.
181 1891 227 1912 XI.
246 1888 290 1912 53.
309 1893 334 1911 c.

99 1930 172 1958 Deus
185 1927 320 1967 quomodo
336 1926 470 1956 rideatur.
484 1934 530 1955 ιΥ.
545 1932 610 1956 369.
626 1937 652 1955 A.
666 1926 800 1965 quomodo

56 1974 91 2002 ab
118 1973 254 2001 Abraham
273 1972 346 2000 visus
369 1972 413 2000 sit.
439 1973 483 2000 lb.
509 1983 535 2001 E.
553 1971 688 2010 quomodo
715 1970 800 2000 videri

57 2018 150 2057 possit.
167 2024 211 2045 Υι.
226 2021 273 2044 74.
288 2027 312 2044 13.
329 2027 355 2045 c.
370 2017 428 2044 'Non
440 2015 525 2044 videri
538 2023 623 2055 potest
636 2016 663 2044 in
680 2026 726 2044 sua
736 2015 799 2043 snb-

56 2062 164 2096 stantia‚
178 2061 223 2089 sed
243 2060 269 2092 in
287 2060 370 2098 ligura
387 2067 502 2089 tantum.
522 2061 566 2088 lh.
582 2059 629 2088 Dei
650 2059 699 2087 lux
722 2059 799 2088 inac-

56 2105 187 2135 cessibilis
211 2112 324 2133 vocatur
347 2105 432 2143 gloria
447 2105 481 2132 ab
505 2105 574 2133 Isaia
589 2104 729 2143 propheta.
750 2111 795 2134 Υι.

55 2156 103 2180 76.
120 2163 146 2179 A.
167 2151 247 2186 Deus,
263 2150 411 2177 seeundum
440 2147 541 2177 nudam
569 2149 765 2183 substantiam,
782 2158 795 2175 a

54 2196 160 2224 nemine
180 2205 254 2222 visus
276 2201 324 2229 est,
344 2204 429 2231 neque
453 2193 487 2221 ab
511 2192 613 2231 angelis
634 2199 658 2220 et
673 2193 796 2231 supernis

55 2238 244 2268 Potestatibus.
268 2244 339 2266 Υιιι.
358 2242 404 2265 98.
432 2248 459 2264 Α.
488 2243 593 2264 tantum
621 2236 793 2274 imaginatur.

54 2289 124 2311 viii.
144 2287 188 2310 99.
204 2293 230 2310 E.
247 2292 274 2311 A.
295 2292 320 2309 Β.
345 2282 432 2309 Deum
447 2291 524 2309 nemo
540 2279 608 2309 vidit
623 2288 653 2309 ut
675 2287 721 2309 cst.
748 2287 793 2308 ιιι.

53 2331 119 2355 470.
136 2336 162 2355 e.
179 2326 252 2353 Deus
268 2324 402 2363 corporeis
427 2323 514 2352 oculis
540 2334 591 2352 non
608 2323 728 2352 videtur.
751 2330 796 2351 IV.

54 2375 117 2399 459.
135 2380 163 2398 A.
190 2371 260 2398 Deus
281 2368 336 2396 sola
363 2367 417 2396 fide
439 2367 568 2396 cernitur.
597 2375 643 2396 111.
674 2372 738 2396 112.
768 2377 793 2396 ις.

54 2413 196 2452 Exemplis
219 2412 301 2440 nullis
323 2412 404 2449 digne
419 2418 504 2450 potest
528 2411 722 2450 repraesentari.
746 2418 793 2439 ιιι.

55 2463 121 2487 471.
137 2469 160 2486 Β.
174 2462 238 2486 898.
256 2468 283 2484 A.
296 2467 321 2486 C.

96 2502 168 2530 Deus
178 2499 313 2539 quomodo
321 2498 427 2528 dicatur
438 2498 558 2538 spii-iius,
572 2499 640 2534 fons,
655 2499 794 2537 ignis‚etc.

57 2553 78 2574 t.
94 2551 157 2575 597.
173 2557 198 2574 E.
213 2557 240 2574 Α.
257 2556 311 2583 quo
334 2551 409 2584 pacto
437 2543 543 2572 dicatur
566 2544 737 2573 sanctificari.
751 2553 796 2574 ιιι.

61 2594 106 2618 37.
126 2601 153 2618 D.
172 2601 224 2628 qua
239 2590 340 2618 ratione
356 2588 486 2623 ⁴temulari,
507 2588 595 2627 irasci,
611 2589 673 2618 odio
691 2589 797 2626 habere,

1530 198 1597 232 227

858 256 1010 294 poenitentia
1037 255 1138 284 moveri
1167 255 1284 285 dicatur.
1310 263 1356 285 111.
1386 261 1447 286 468.
1470 257 1542 286 Dens
1573 265 1600 287 et

858 300 988 328 Dominus
1007 310 1097 339 parem
1123 299 1222 327 habent
1237 299 1461 337 significationem
1478 302 1504 329 in
1521 302 1599 331 Scri-

856 349 947 382 ptnra.
962 351 1006 372 IV.
1021 349 1084 373 128.
1101 355 1126 373 A.
1146 354 1169 372 B.
1184 354 1210 373 C.
1228 343 1269 371 De
1282 344 1338 372 Deo
1351 344 1482 382 cogitante
1494 356 1597 383 sccuin,

856 393 1011 425 reputante,
1039 387 1198 426 poenitente,
1223 386 1304 415 voi-ba
1328 388 1352 416 in
1380 388 1519 427 Scriptura
1546 400 1597 417 non

856 437 918 458 sunt
951 430 987 458 ad
1020 431 1137 459 litteram
1165 430 1329 469 accipienda.
1357 439 1402 460 ιΥ.
1429 437 1492 461 236.
1525 434 1598 462 Deus

855 474 992 512 quomodo
1021 474 1127 502 dicatur
1148 474 1297 503 ambulare.
1323 482 1357 504 ιι.
1375 480 1435 505 108.
1451 487 1476 506 e.
1502 487 1530 506 D.
1549 484 1595 506 ιΥ.

857 523 921 548 159.
941 530 964 547 B.
983 517 1083 548 sedere.
1108 525 1140 547 V.
1157 524 1204 547 71.
1225 529 1253 546 E.
1277 529 1430 557 exsurgere.
1446 520 1493 548 lh.
1518 520 1597 549 liabi-

856 568 922 590 tare.
937 569 970 592 V.
989 567 1052 591 122.
1072 572 1099 590 c.
1118 562 1189 589 Deus
1202 561 1304 589 dicitur
1317 562 1408 591 sedere
1421 574 1501 602 super
1523 564 1596 593 tliro-

855 616 919 634 num
939 613 1072 640 sanctum,
1087 605 1114 633 id
1129 612 1180 641 est,
1194 612 1283 633 sancte
1296 616 1415 644 regnare.
1436 615 1467 636 V.
1483 612 1546 638 234.
1566 620 1593 638 Ε.

855 650 927 677 Deus
945 650 1079 687 quomodo
1091 648 1197 677 dicatur
1208 649 1332 677 exaltari.
1352 657 1383 678 Υ.
1397 655 1443 679 72.
1457 653 1527 680 Deus
1541 652 1597 691 ipse

853 693 1021 732 significatur
1037 693 1225 732 perspiritum
1246 700 1271 721 et
1295 693 1400 722 fat-iem.
1426 701 1457 723 V.
1477 700 1541 725 496.
1567 707 1594 726 e.

854 737 905 766 Dei
921 737 1001 765 facies
1022 737 1099 775 quid.
1114 745 1147 767 V.
1166 742 1228 765 116.
1246 738 1302 765 Deo
1329 738 1377 766 alm
1398 745 1423 766 et
1444 749 1552 768 somnus
1569 741 1596 768 in

853 782 1001 821 Scripturis
1016 781 1151 820 quomodo
1167 781 1328 809 tribuantur.
1351 789 1370 811 1.
1386 787 1450 811 629.
1477 793 1501 811 Ε.
1523 785 1596 812 Deus

853 835 901 853 cur
938 826 963 853 in
997 826 1061 854 ezelo
1095 825 1214 853 habitare
1247 824 1363 854 dicatur.
1403 833 1435 855 V.
1471 832 1535 856 347.
1570 839 1595 855 B.

854 870 909 897 Deo
933 869 1077 907 indignum
1093 876 1130 898 est
1148 869 1289 897 ascendere
1311 877 1337 898 et
1363 869 1530 899 descendere.
1547 878 1593 901 ιΥ.

854 918 920 942 670.
937 924 965 941 Ε.
992 915 1064 942 Deus
1091 912 1226 952 quomodo
1251 913 1357 942 dicatur
1386 914 1546 943 descendere
1572 923 1596 944 ct

855 963 972 996 tangere.
986 964 1020 986 V.
1036 963 1101 987 557.
1114 968 1142 985 Α.
1158 962 1221 988 558,
1237 958 1309 985 Deus
1318 956 1487 987 descendisse
1497 958 1596 988 dicitur

855 1008 884 1029 ut
906 1001 1009 1030 videret
1036 1001 1146 1038 turi-im,
1175 1008 1203 1029 nt
1219 1001 1363 1030 doceamur
1388 1012 1440 1030 non
1465 1003 1593 1041 judican-

854 1045 920 1073 dum
943 1056 1000 1074 esse
1024 1057 1057 1074 ex
1081 1045 1188 1074 auditu.
1206 1052 1252 1074 tv.
1280 1050 1344 1074 347.
1361 1056 1386 1075 ιι.
1405 1046 1452 1074 Dei
1473 1047 1548 1075 furor
1572 1055 1596 1076 et

855 1089 893 1117 ira
922 1100 972 1118 non
999 1091 1116 1118 humano
1138 1089 1218 1118 modo
1246 1097 1309 1118 sunt
1342 1090 1526 1129 intelligenda.
1564 1099 1594 1120 Υ.

855 1138 899 1162 47.
923 1144 951 1162 D.
977 1136 1033 1163 Deo
1062 1145 1134 1162 arma
1164 1140 1189 1162 et
1218 1134 1337 1162 membra
1372 1134 1540 1171 tribuuntur,
1568 1144 1595 1164 nt

855 1177 976 1207 rudiores
1001 1178 1123 1207 homines
1150 1178 1223 1216 quod
1246 1177 1346 1206 dicitnr
1383 1178 1543 1218 intelligant.
1561 1188 1593 1208 V.

855 1227 899 1250 81.
919 1233 943 1250 n.
964 1223 1053 1250 Armis
1069 1223 1214 1251 instructus
1237 1222 1356 1260 dicitur⁷
1373 1233 1426 1261 quo
1451 1234 1538 1252 sensu.
1561 1232 1593 1253 V.

854 1271 919 1296 201.
946 1277 971 1295 c.
994 1277 1024 1295 D.
1050 1267 1136 1295 Deum
1161 1267 1187 1294 in
1209 1266 1276 1295 solio
1295 1266 1385 1296 sedere
1401 1267 1524 1307 judicare
1544 1277 1593 1298 cst.

856 1317 899 1339 Υι.
912 1315 956 1339 76.
973 1321 1002 1339 D.
1022 1312 1094 1339 Deus
1120 1321 1181 1339 cum
1205 1310 1376 1350 Incorporeus
1401 1313 1447 1348 sit,
1469 1322 1520 1341 non
1536 1325 1597 1342 vere

854 1354 935 1382 sedet.
956 1361 1000 1382 Vt.
1016 1359 1078 1383 160.

894 1399 967 1426 Deus
984 1398 1018 1427 de
1041 1409 1069 1426 se
1093 1399 1178 1427 multa
1200 1399 1333 1437 loquitur,
1351 1410 1409 1437 quae
1423 1400 1486 1429 licet
1507 1401 1595 1440 aliquo

855 1442 934 1471 modo
949 1443 1008 1481 ipso
1029 1442 1140 1481 indigna
1158 1443 1316 1481 videantur,
1333 1443 1391 1482 ipso
1406 1451 1493 1474 tamen
1515 1446 1596 1485 digna

854 1495 925 1517 sunt.
940 1495 1011 1516 Υιιι.
1029 1493 1093 1516 440.
1108 1498 1135 1516 ε.

894 1532 944 1560 Dei
958 1532 1087 1572 sapientia
1100 1532 1229 1561 immensa
1243 1539 1267 1561 et
1281 1533 1472 1564 inscrutabilis.
1491 1543 1511 1565 ι.
1528 1541 1591 1565 549.

853 1585 963 1614 quanta.
986 1584 1028 1605 ιΥ.
1053 1581 1118 1606 649.
1137 1589 1160 1606 Λ.
1178 1577 1252 1605 Deus
1275 1578 1349 1606 solus
1369 1579 1521 1607 consiliario
1542 1590 1593 1609 non

853 1628 921 1660 eget.
938 1629 983 1650 ιιι.
1004 1626 1066 1650 141.
1084 1632 1109 1651 n.
1125 1621 1175 1650 Dei
1187 1622 1296 1650 seientia
1311 1623 1445 1660 quomodo
1461 1624 1593 1653 mirabilis

853 1666 931 1694 sacta.
949 1672 982 1695 Υ.
1000 1670 1064 1694 497.
1083 1676 1111 1693 D.
1130 1676 1157 1693 Ε.
1175 1666 1232 1694 Deo
1244 1666 1381 1705 ignorante
1393 1667 1460 1696 niliil
1477 1668 1517 1698 sit.
1534 1676 1590 1698 ΥΙι.

855 1715 917 1739 155.
936 1720 964 1738 D.
980 1710 1051 1737 Deus
1062 1710 1156 1738 ciirsic
1170 1710 1315 1748 aliquando
1330 1711 1460 1749 loquitur⁷
1474 1713 1595 1750 utquid-

853 1754 924 1793 piam
945 1753 1066 1792 ignorarc
1087 1752 1219 1782 videatur.
1234 1762 1290 1785 Υιι.
1313 1760 1376 1785 840.
1392 1767 1418 1784 A.
1434 1757 1505 1784 Deus
1531 1767 1592 1785 cuni

852 1798 951 1826 diceret
961 1820 969 1834 ,
990 1798 1090 1826 Adam
1105 1798 1153 1826 uhi
1165 1801 1215 1826 es?
1229 1809 1280 1826 non
1296 1799 1434 1838 ignorabat
1446 1800 1492 1828 ubi
1507 1800 1592 1829 Adam

852 1849 930 1870 esset.
944 1849 964 1872 ι,
980 1846 1045 1871 642.
1064 1852 1090 1870 E.
1106 1846 1171 1870 643.
1188 1843 1261 1870 Deus
1278 1853 1328 1870 non
1348 1842 1488 1881 ignorabat
1503 1844 1591 1874 Sodo-

852 1896 958 1914 morum
969 1885 1061 1913 scelus.
1075 1892 1095 1914 ι.
1113 1890 1178 1916 643,
1194 1896 1219 1914 Α.

892 1930 965 1958 Deus
981 1929 1030 1957 scit
1045 1928 1132 1957 omnia
1142 1951 1149 1963 ‚
1164 1931 1316 1968 pumentia,
1332 1930 1424 1958 sutura
1437 1937 1461 1959 et
1471 1933 1592 1970 praeteri-

853 1981 888 2002 ta.
902 1981 920 2002 1.
937 1977 999 2002 215.
1017 1983 1043 2000 c.
1062 1980 1094 2001 V.
1114 1977 1167 2001 509
1183 1984 1209 2003 .i.
1224 1975 1296 2002 Deus
1310 1973 1391 2002 corda
1401 1981 1552 2011 scrutatur,
1567 1983 1593 2005 et

851 2018 940 2046 omnia
954 2024 1042 2057 aperta
1059 2023 1121 2045 sunt
1136 2017 1163 2045 in
1185 2017 1270 2045 oculis
1285 2017 1352 2056 ejus.
1380 2025 1399 2046 1.
1418 2023 1482 2047 216.
1499 2030 1525 2050 c,
1542 2020 1591 2048 Dei

851 2062 993 2101 proprium
1011 2068 1049 2089 est
1074 2060 1161 2088 cordis
1173 2067 1271 2089 secreta
1293 2071 1459 2099 cognoscere.
1482 2069 1527 2091 ιιι.
1543 2068 1588 2092 54.

851 2116 909 2137 i3,c.
922 2106 976 2134 Deo
986 2105 1050 2132 tales
1063 2104 1198 2140 videmur,
1206 2105 1299 2142 quales
1308 2115 1410 2133 sumus.
1422 2112 1468 2134 ιιι.
1485 2111 1549 2135 935,
1564 2118 1588 2135 n.

850 2150 922 2177 Deus
937 2158 989 2176 non
1013 2148 1123 2186 evulgat
1146 2155 1262 2187 peccata,
1278 2158 1368 2186 quare.
1390 2156 1434 2177 ιιι.
1458 2154 1504 2178 45.
1523 2161 1548 2178 Ε.
1566 2163 1590 2178 Α.

850 2193 947 2223 Omnia
972 2192 1045 2220 novit
1059 2199 1202 2230 antequam
1217 2192 1282 2221 fiant
1317 2200 1362 2221 IV.
1382 2198 1425 2222 22.
1450 2206 1475 2222 A.
1492 2195 1590 2224 Omnia

849 2248 909 2266 cum
921 2236 1009 2265 videat
1021 2243 1162 2274 antequam
1177 2236 1251 2272 fiam,
1266 2237 1400 2274 quomodo
1417 2237 1452 2267 de
1462 2239 1509 2267 illo
1524 2240 1592 2268 dici»

849 2288 893 2310 tiir
915 2281 987 2319 quod
1009 2279 1087 2308 vidit.
1110 2287 1154 2308 ιΥ.
1168 2285 1214 2308 34.
1227 2291 1251 2308 r..
1269 2281 1328 2309 Non
1344 2281 1403 2310 ideo
1425 2282 1588 2322 interrogat,

849 2324 920 2363 quod
936 2325 1046 2362 ignoret.
1057 2331 1102 2352 ιΥ.
1115 2328 1178 2351 193.
1193 2335 1217 2351 A.
1231 2324 1406 2354 Occultorum
1417 2327 1537 2355 omnium
1547 2339 1589 2356 co—

848 2369 945 2408 gnitor.
964 2375 995 2397 V.
1010 2373 1074 2396 500.
1088 2378 1113 2397 c.
1130 2378 1159 2397 D.
1173 2368 1223 2396 Dei
1245 2368 1419 2407 praescientia.
1434 2378 1466 2399 V.
1480 2376 1543 2400 493.
1560 2383 1588 2401 D.

849 2424 876 2442 E.
887 2414 958 2441 Deus
967 2411 1015 2440 scit
1030 2411 1129 2445 omnia,
1141 2417 1165 2438 et
1179 2412 1328 2450 przenoscit‚
1338 2414 1588 2444 etfacitxifztom.

848 2458 904 2485 Deo
918 2456 986 2484 nihil
1002 2456 1182 2492 tenebrosum,
1201 2456 1290 2484 omnia
1304 2456 1404 2485 lueida.
1421 2465 1466 2487 Υι.
1479 2464 1543 2488 240.
1558 2471 1584 2489 E.

849 2502 922 2529 Deus
936 2500 1030 2529 melius
1047 2510 1127 2537 quam
1142 2509 1189 2527 nos
1212 2510 1291 2538 opera
1315 2508 1403 2530 nostra
1425 2503 1508 2532 novit.
1528 2511 1586 2534 Υιι.

850 2550 893 2574 46.
907 2557 932 2574 Α.
949 2545 998 2573 Dei
1018 2544 1101 2572 solius
1116 2551 1153 2571 est
1171 2551 1267 2572 secreta
1289 2545 1377 2573 cordis
1392 2556 1550 2584 cognoscere
1564 2555 1588 2576 et

851 2590 968 2619 revelare
984 2600 989 2615 :
1006 2598 1068 2626 ergo
1086 2588 1219 2624 Christusy
1232 2589 1277 2626 qui
1293 2589 1340 2617 illa
1355 2598 1465 2620 noverat
1477 2598 1500 2620 rt
1515 2603 1588 2621 reve·
