1884 2922
215 166 282 210 372

255 239 367 266 Rnriuo
379 236 503 276 episcopo
518 235 639 274 epistola.
654 235 699 262 De
709 244 742 261 eo
759 233 828 260 vide
843 238 954 260 notam.

219 288 266 310 III.
283 286 350 309 787.
365 291 391 308 E.

261 325 368 352 ano
385 322 538 361 presbytero
561 321 681 360 epistola.
706 327 752 349 III.
769 324 832 348 809.
848 328 873 347 C.
896 318 962 356 Ejus

219 367 340 395 virtutes.
361 365 406 394 lb.

258 410 374 438 Rufinus
390 407 556 436 venerandus
579 418 609 435 ac
628 407 768 445 religiosus
788 405 910 434 amicus:
929 405 962 432 ad

218 464 279 481 euin
293 452 386 480 scribit
398 451 616 489 Chrysostomus.
636 457 678 478 III.
690 455 755 479 744.
775 461 800 478 1).

256 498 381 524 Rurixt's
392 495 433 523 vir
445 495 589 534 primarius
599 495 723 522 Caesarcae
735 493 761 521 in
772 492 960 532 Cappadocia.

221 545 346 569 Iu.7tQ

266 868 416 895 §Antinum
431 864 533 894 Judaeis
546 863 656 892 dederat
670 863 743 891 Deus
756 884 762 896 ‚
778 871 829 889 non
849 867 878 888 ut
895 859 968 888 otia-

228 916 320 939 rentur
336 909 487 943 dumtaxat,
500 907 547 936 sed
558 913 586 934 ut
608 917 623 934 a
642 904 809 944 turpioribus
823 903 971 933 actionibus

228 953 400 982 abstinerent.
416 959 436 980 1.
455 955 519 980 433.
538 957 618 988 utque
632 948 740 978 abducti
760 959 774 976 a
793 948 863 976 curis
880 957 971 976 rerum

228 996 427 1036 temporalium,
444 995 529 1023 otium
542 1004 620 1022 omne
644 998 830 1021 consumerent
845 991 872 1019 in
888 990 972 1029 spiri-

229 1041 338 1069 talibus.
359 1047 378 1068 I.
394 1044 459 1068 878.
474 1050 499 1067 ε,
514 1050 538 1066 Α.
556 1037 672 1066 Sabbata
685 1034 823 1064 mendacia
834 1034 909 1073 quid.
927 1035 971 1062 ΙΙ).

232 1097 256 1112 u.
272 1095 297 1113 c.
312 1083 394 1111 Initio
408 1082 549 1111 sabbatum
565 1082 591 1109 in
604 1080 696 1108 multis
706 1079 888 1118 gravibusque
896 1079 975 1106 rebus

233 1128 297 1156 utile
311 1133 375 1155 erat.
392 1133 450 1154 VII.
468 1130 533 1154 489.
550 1135 577 1152 o.
600 1124 626 1152 in
647 1134 714 1151 nova
740 1122 796 1159 lege
819 1132 881 1151 vero
903 1121 974 1149 nulla

232 1173 289 1210 ejus
304 1169 452 1199 necessitas.
472 1176 528 1198 VII.
553 1172 617 1197 490.
637 1179 662 1195 B.

273 1214 384 1244 Sabbati
398 1212 508 1242 violatio
517 1220 644 1249 magnum
657 1210 757 1238 crimen
772 1209 845 1248 apud
859 1208 976 1238 Judaeos.

237 1270 256 1291 I.
274 1265 339 1290 677.
356 1271 382 1289 n.
399 1269 425 1288 c.
444 1267 593 1297 magnaque
609 1255 749 1294 diligentia
768 1256 801 1284 ab
822 1255 888 1295 ipsis
909 1255 977 1283 cole-

235 1307 324 1334 batur.
337 1311 383 1332 III.
398 1308 461 1332 193.
478 1314 503 1330 Α.
527 1303 602 1340 Saepe
620 1300 739 1329 solutum
757 1300 827 1336 fuit,
843 1301 897 1328 imo
910 1309 980 1327 sem-

236 1360 284 1389 per
301 1348 416 1378 solvitur
427 1369 434 1383 ‚
450 1354 473 1375 et
488 1346 515 1374 in
531 1344 732 1374 circumcisione
743 1366 750 1380 ,
762 1351 786 1372 et
801 1344 827 1372 in
848 1343 907 1372 aliis
917 1343 980 1382 plu-

238 1394 314 1422 rimis
326 1392 461 1432 operibus,
479 1398 536 1420 VII.
555 1394 618 1418 488.
639 1401 662 1418 n.
683 1387 839 1417 Sacerdotes
852 1387 903 1427 ipsi
924 1387 981 1417 vio-

239 1437 332 1465 labant
357 1443 475 1474 tempore
503 1433 624 1466 Christi,
655 1431 799 1470 quomodo.
831 1433 874 1460 ΙΙ).
898 1443 924 1459 Ε.
953 1443 978 1460 Δ.

240 1481 271 1509 In
291 1479 429 1509 sacrificiis
455 1487 558 1517 nempe.
577 1484 636 1506 XII.
655 1480 719 1504 532.
740 1489 764 1504 A.
787 1483 811 1504 et
835 1476 894 1504 aliis
915 1485 982 1513 quo-

242 1535 294 1562 que
327 1523 415 1552 modis
453 1521 597 1560 aliquando
642 1520 802 1549 violabatur.
828 1527 887 1549 XII.
916 1524 980 1548 533.

241 1568 389 1598 Sabbatum
405 1566 492 1605 primo
516 1565 633 1593 solutum
649 1575 664 1592 a
678 1565 741 1593 Jesu
765 1565 857 1600 Nave,
877 1563 984 1602 quando

243 1623 290 1650 per
314 1618 415 1650 septem
445 1609 502 1637 dies
531 1608 639 1638 Jerieho
673 1618 734 1635 cum
761 1608 833 1636 tubis
872 1615 896 1636 et
925 1618 986 1637 arca

244 1654 379 1683 circuivit.
393 1661 425 1681 v.
445 1658 507 1682 179.
522 1660 568 1682 VI.
583 1657 645 1680 397.
663 1663 689 1679 B.
713 1651 768 1680 Hoc
787 1662 914 1690 magnum
934 1652 987 1680 cri-

245 1709 304 1727 men
319 1698 427 1726 Christo
441 1707 455 1725 a
469 1695 573 1726 Judaeis
587 1695 780 1735 objiciebatur,
796 1695 872 1734 quod
890 1695 986 1724 sabba-

247 1751 305 1771 tum
319 1741 443 1770 solveret.
460 1748 481 1769 1.
496 1744 559 1768 677.
581 1751 607 1769 c.
632 1741 688 1768 Cur
705 1739 732 1767 id
747 1739 869 1768 Christus
884 1740 986 1769 fecerit.

251 1794 268 1814 I.
299 1791 362 1814 674.
389 1795 415 1813 n.
442 1795 466 1812 E.
494 1791 519 1812 et
535 1783 679 1821 quomodo.
703 1790 757 1811 VII.
778 1788 842 1812 486.
870 1795 896 1812 E.
924 1783 989 1812 Sab-

249 1830 303 1858 bati
318 1828 488 1858 violationem
500 1838 555 1856 esse
564 1827 631 1865 legis
646 1827 857 1856 observationem
875 1838 889 1855 a
907 1827 990 1855 Chri-

249 1882 288 1902 sto
302 1873 444 1912 probatur.
461 1879 532 1900 VIII.
547 1876 612 1900 336.
628 1882 652 1900 Β.
667 1882 692 1900 c.
716 1871 837 1910 Apostoli
851 1871 992 1900 sabbatum

252 1928 303 1946 non
317 1917 502 1945 observarunt.
522 1923 580 1945 VII.
593 1920 655 1944 826.
672 1926 698 1943 c.

293 1961 440 1990 Sabbatum
457 1970 584 1998 magnum
596 1966 653 1988 erat
668 1966 749 1998 caput
767 1970 870 1998 magnae
885 1959 991 1988 hebdo-

254 2005 346 2034 madae.
356 2012 388 2033 V.
400 2009 463 2033 633.
474 2004 623 2033 Sabbatum
636 2004 780 2033 secundum
790 2005 907 2044 primum
916 2005 992 2043 quid.

258 2057 313 2078 VII.
336 2053 400 2077 486.
417 2059 444 2077 n.
460 2049 608 2077 Sabbatum
624 2055 661 2077 est
676 2049 751 2087 regni
766 2049 891 2077 caelorum
905 2056 995 2088 typus.

260 2101 317 2122 XII.
335 2098 381 2121 89.
400 2103 426 2120 A.

296 2137 414 2166 sabbato
423 2143 515 2165 sancto
523 2147 555 2164 an
564 2136 636 2165 ludis
646 2136 820 2164 theatralibus
831 2136 998 2165 interfuerint

259 2180 544 2219 Constantinopolitani
554 2180 824 2209 Christianixrffla.
833 2184 863 2208 in
872 2181 994 2210 Mom'w.

261 2227 416 2254 Sabbatum
429 2228 541 2262 requies
551 2231 603 2253 est.
615 2232 647 2253 II.
663 2229 726 2252 974.
738 2235 761 2253 B.
771 2225 927 2253 Sabbatum
939 2229 1000 2253 sive

262 2271 410 2307 ,septimum
433 2269 508 2296 diem
541 2269 660 2306 erpellit
688 2275 810 2304 octava,
848 2269 999 2307 quomodo.

266 2313 334 2341 lhid.

301 2358 454 2385 SABELLIUS
469 2356 589 2394 Libycus
600 2363 659 2395 post
671 2357 835 2385 Marcionem
847 2357 930 2385 venit.
944 2364 1000 2385 XII.

271 2406 329 2428 126.
348 2413 372 2429 Β.
388 2400 454 2439 Ejus
470 2400 579 2433 insania.
596 2408 616 2428 1.
634 2405 695 2429 501.
711 2412 737 2428 A.
750 2402 861 2440 Propter
876 2401 931 2429 haec
943 2411 1000 2430 ver—

267 2445 297 2471 ba
312 2468 318 2479 ‚
335 2445 397 2482 Ego
421 2450 447 2472 el
475 2444 563 2472 Pater
583 2455 673 2472 uuum
688 2455 803 2481 sumus,
820 2455 900 2473 unam
916 2445 1001 2483 hypo-

266 2489 354 2516 stasim
369 2498 498 2526 unamque
514 2499 651 2527 personam
675 2489 805 2517 censebat.
834 2497 853 2518 I.
879 2494 942 2517 620.
974 2502 999 2518 A.

271 2532 339 2559 Dicit
358 2534 459 2560 Patrem
476 2554 481 2561 .
506 2539 529 2560 ct
551 2532 649 2560 Filium
663 2555 668 2563 ,
683 2539 708 2561 ct
727 2533 857 2571 Spiritum
881 2540 1000 2562 sunctum

845 170 946 192 INDEX
973 167 1099 191 RERUM.

1050 230 1147 258 Rufus
1169 227 1283 256 dilectus
1304 236 1317 253 a
1337 226 1453 255 Domino
1474 226 1603 255 salutatur
1618 236 1633 253 a
1648 224 1748 258 Paulo,

1011 274 1057 312 qui
1069 279 1180 301 matrem
1193 271 1249 310 ejus
1265 276 1374 298 matrem
1390 279 1465 297 suam
1479 276 1564 298 vocat.
1583 277 1627 298 lx.
1644 273 1706 297 825.
1718 278 1744 296 E.

1053 317 1134 345 Rern
1151 325 1210 353 quae
1233 320 1357 342 extranea
1383 319 1456 347 erat,
1471 318 1634 340 memoratur
1653 312 1680 339 in
1705 320 1751 348 ge-

1015 360 1133 398 nealogia
1145 358 1255 387 Christi.
1269 364 1326 385 VII.
1345 361 1387 385 16.
1402 368 1428 387 Α,
1445 357 1475 384 ln
1486 355 1637 394 genealogia
1649 354 1751 384 Christi

1015 403 1080 442 quid
1095 403 1237 442 significet.
1257 408 1312 430 VII.
1326 405 1371 429 M.
1387 411 1413 428 c.

1025 858 1096 886 nuda
1109 868 1164 886 esse
1175 857 1282 885 nomina
1299 856 1345 884 uni
1360 866 1476 895 personae
1493 855 1632 895 imposita3
1647 854 1763 883 confuta-

1026 910 1076 931 tur.
1084 909 1154 931 VIII.
1168 906 1267 932 26212.
1279 911 1301 929 c.
1313 905 1377 929 553.
1391 907 1437 929 XI.
1449 904 1513 929 270.
1527 910 1556 928 n.
1566 898 1710 928 Sabelliani
1721 898 1763 927 di-

1025 946 1118 974 cebant
1131 945 1233 974 Filium
1255 944 1422 984 hypostasim
1438 954 1488 972 non
1505 942 1610 971 habere.
1626 949 1695 971 VIII.
1715 946 1763 971 53.

1027 1003 1052 1020 c.
1077 994 1118 1019 De
1134 990 1237 1030 Spiritu
1252 1000 1303 1018 uon
1321 996 1389 1018 recte
1406 989 1564 1024 sentientes„
1580 988 1762 1017 confutantur.

1029 1043 1098 1066 VIII,
1109 1039 1172 1063 502.
1183 1046 1209 1064 A.
1225 1033 1302 1062 Circa
1311 1033 1478 1072 hypostasim
1490 1044 1563 1061 error
1577 1032 1689 1061 Sabellii
1703 1043 1767 1060 con-

1028 1080 1139 1107 futatur.
1170 1085 1227 1106 XII.
1251 1082 1297 1105 20.
1322 1082 1368 1105 21.
1390 1077 1502 1105 sabellii
1524 1087 1625 1105 errores
1649 1076 1767 1115 exagitat

1030 1123 1138 1151 Paulus.
1152 1129 1198 1151 XI.
1214 1125 1278 1149 269.
1295 1133 1321 1149 A.
1341 1128 1397 1149 XII.
1413 1125 1457 1149 37.

1070 1165 1179 1195 Sabellii
1195 1164 1300 1201 aliquid
1316 1164 1429 1192 hahetur
1444 1164 1470 1192 in
1486 1164 1581 1192 haeresi
1594 1164 1765 1203 Apollinarii.

1033 1208 1305 1240 111.896.I.Sabe11ii
1325 1209 1353 1236 in
1368 1208 1493 1237 morbum
1510 1208 1663 1236 inciderunt
1681 1208 1771 1243 multi,

1032 1265 1065 1283 ex
1080 1254 1131 1282 hoc
1144 1253 1215 1282 dicto
1232 1253 1367 1292 Philippi,
1394 1253 1519 1281 Ostende
1536 1253 1617 1280 nobis
1639 1252 1769 1280 Patrem.

1035 1306 1103 1327 VIII.
1119 1302 1182 1326 497.
1201 1308 1227 1327 c.
1243 1296 1388 1326 Sabelliani
1411 1307 1463 1325 non
1487 1296 1608 1325 meliores
1623 1306 1703 1334 quam
1720 1296 1771 1325 Ju-

1035 1343 1095 1371 daei.
1116 1350 1135 1372 I.
1155 1347 1220 1371 501.
1235 1352 1262 1369 r..

1076 1387 1243 1417 Sabelliani
1254 1397 1272 1414 a
1286 1386 1424 1414 Sabellio.
1444 1392 1511 1413 VIII.
1534 1390 1597 1413 901.
1612 1394 1639 1413 A.
1653 1383 1774 1412 Sabellii

1036 1432 1175 1469 dogmata
1187 1431 1238 1468 qui
1250 1436 1325 1458 tenet
1337 1451 1346 1466 ‚
1367 1429 1552 1458 anathemate
1574 1428 1772 1457 damnandus.

1038 1482 1083 1503 III.
1098 1479 1161 1503 994.
1177 1485 1204 1504 E.
1221 1473 1365 1502 sabellius
1377 1475 1510 1513 arguitur
1518 1483 1569 1511 per
1582 1473 1667 1507 illud,
1681 1471 1738 1511 Ego
1752 1479 1778 1500 et

1038 1521 1116 1549 Pater
1136 1530 1220 1548 unum
1233 1530 1334 1548 sumus.
1357 1527 1404 1549 III.
1418 1524 1482 1548 990.
1497 1530 1523 1549 Ε.
1537 1520 1598 1548 Nec
1616 1519 1709 1546 Pater
1720 1519 1778 1546 Fi-

1040 1566 1110 1600 lius,
1138 1575 1188 1592 uec
1202 1564 1298 1592 Filius
1313 1564 1403 1591 Pater·
1424 1565 1525 1591 vocari
1537 1569 1629 1601 potest
1643 1585 1650 1598 ‚
1667 1563 1723 1590 nisi
1734 1563 1779 1589 in-

1040 1610 1120 1637 cidus
1137 1611 1167 1636 in
1178 1609 1308 1636 haeresim
1322 1606 1454 1635 Sabelliz'.
1471 1614 1504 1637 V.
1520 1611 1586 1635 755.
1605 1618 1633 1635 A.

1082 1653 1175 1682 Suum
1186 1662 1236 1680 im
1251 1651 1400 1680 diaconissa
1419 1651 1641 1690 Chrysostomum
1653 1650 1781 1679 exsulan-

1044 1704 1096 1725 tem
1109 1697 1236 1734 sequitur.
1256 1703 1301 1724 III.
1318 1699 1381 1724 714.
1400 1706 1427 1723 A.
1445 1696 1506 1724 Jam
1522 1702 1596 1724 aetate
1610 1694 1700 1734 gravis
1714 1702 1778 1724 erat.

1045 1742 1087 1768 Ib.
1097 1740 1210 1768 Putatur
1220 1739 1303 1778 ipsius
1311 1749 1367 1767 esse
1377 1739 1470 1768 amita.
1487 1747 1532 1768 III.
1545 1744 1610 1771 713,
1623 1742 1654 1768 in
1671 1746 1740 1769 nota
1755 1750 1782 1767 a.

1085 1785 1262 1814 Sicmoows
1278 1783 1386 1812 fuerunt
1401 1784 1482 1821 Abel,
1498 1785 1553 1813 Noe
1565 1808 1572 1822 ‚
1596 1786 1752 1820 Abraham,
1769 1794 1784 1812 a

1045 1830 1139 1869 seipsis
1152 1829 1285 1864 ordinati,
1301 1829 1401 1858 scilicet
1412 1830 1518 1868 quando
1531 1831 1661 1861 sacrificia
1680 1831 1784 1861 obtule-

1047 1881 1118 1903 runt.
1137 1880 1181 1902 IV,
1203 1877 1267 1902 405.
1283 1884 1311 1902 E.
1323 1873 1354 1901 In
1376 1873 1448 1903 hisee
1465 1876 1630 1915 temporibus
1645 1883 1707 1905 aetas
1725 1887 1786 1915 pru-

1048 1919 1148 1946 vectior
1159 1917 1273 1946 faciebat
1285 1917 1459 1946 sacerdotem.
1477 1921 1521 1949 Ib.
1537 1920 1642 1954 Quanta
1651 1920 1787 1949 sueritan-

1048 1961 1117 1999 tiqui
1139 1960 1415 1999 sacerdotiidiguitas.
1435 1969 1455 1990 I.
1471 1968 1534 1992 804.
1553 1974 1576 1993 Β.
1601 1969 1666 1993 805.
1694 1975 1720 1994 c,
1741 1965 1787 1994 Sa-

1050 2005 1142 2034 cerdos
1153 2015 1274 2033 summus
1287 2005 1360 2033 solus
1373 2006 1401 2034 in
1413 2013 1515 2045 partem
1530 2007 1683 2036 interiorem
1695 2007 1788 2046 templi

1051 2049 1266 2087 ingrediebatur,
1281 2056 1307 2077 et
1319 2048 1369 2077 hoe
1383 2050 1465 2079 semel
1484 2051 1510 2078 iu
1531 2061 1599 2080 anno
1612 2051 1733 2080 faciebat.
1754 2058 1787 2080 11.

1052 2098 1115 2122 422.
1133 2104 1158 2123 Ε,
1174 2094 1230 2121 Lex
1247 2103 1330 2121 unum
1341 2104 1476 2123 summum
1487 2095 1651 2124 sacerdotem
1666 2105 1721 2124 esse
1740 2105 1789 2123 vo-

1052 2137 1139 2175 lcbat3
1150 2137 1197 2165 sed
1207 2144 1324 2175 tempore
1339 2137 1455 2174 Christi,
1470 2146 1594 2178 corrupta
1614 2140 1686 2177 lege,
1710 2139 1790 2167 multi

1053 2188 1126 2210 erant
1141 2181 1273 2220 principes
1284 2179 1459 2211 sacerdotum.
1474 2189 1531 2212 VII.
1547 2188 1611 2212 859.
1630 2194 1659 2212 n.
1673 2183 1790 2220 Quinam

1053 2233 1127 2254 erant
1140 2225 1273 2264 principes
1284 2225 1462 2254 sacerdotum.
1475 2228 1520 2255 lh.
1535 2237 1559 2255 Ε.
1577 2227 1690 2255 Illorum
1698 2227 1791 2265 nequi-

1054 2271 1099 2298 tia.
1129 2277 1185 2298 VII.
1203 2274 1267 2298 860.
1285 2281 1311 2298 A.
1333 2281 1356 2298 Β.
1383 2270 1512 2299 Sacerdos
1531 2271 1676 2310 jubebatur
1692 2272 1718 2300 iu
1734 2272 1794 2300 sab-

1054 2315 1117 2342 bato
1131 2314 1263 2352 geminam
1275 2314 1500 2343 offerrehostiam.
1518 2322 1537 2343 1.
1553 2320 1615 2343 878.
1626 2328 1653 2345 Α.
1666 2316 1793 2350 Quotidie

1056 2370 1121 2387 vero
1134 2358 1238 2387 nonnisi
1248 2358 1353 2387 unicam
1364 2359 1459 2387 offerre
1471 2358 1581 2387 solebat.
1593 2361 1638 2388 Ib.
1653 2363 1721 2388 Ante
1736 2370 1794 2398 pro-

1056 2403 1197 2441 phetarum
1212 2409 1330 2442 tempora
1342 2403 1509 2431 sacerdotum
1524 2410 1628 2442 peccata
1648 2403 1726 2442 longe
1736 2414 1793 2432 ma-

1054 2447 1105 2485 jori
1122 2446 1253 2485 supplicio
1263 2446 1366 2485 expiari
1383 2446 1525 2481 dehebant,
1537 2457 1616 2484 quam
1625 2448 1794 2486 privatorum

1059 2491 1204 2519 hominum.
1226 2499 1244 2519 I.
1276 2496 1338 2522 5211,
1364 2499 1387 2519 ct
1413 2502 1461 2530 pro
1485 2491 1651 2520 sacerdotum
1681 2492 1795 2531 pcccatis

1060 2535 1255 2573 praecipiebatur
1287 2542 1386 2564 Inutuui
1407 2534 1494 2563 offerri
1518 2535 1678 2564 sacrificium
1691 2557 1697 2570 .
1710 2545 1795 2573 quan-
