1915 2947
244 202 266 234 (3
850 213 1011 237 nummi
1039 212 1206 237 mametis

243 284 268 305 et
290 275 504 316 religiosissimos
517 276 654 316 episcopos
674 278 856 313 Demetrium,
881 278 983 305 Panso-

245 323 358 362 phium,
375 324 496 361 Pappum
508 330 533 351 et
546 323 698 362 Eugenium
714 323 830 358 hortari,
847 329 874 350 ut
890 322 986 351 Eccle-

245 368 298 396 sias
315 379 376 397 suas
394 368 583 406 relinquerent,
608 375 634 396 et
653 375 725 396 tanto
747 379 774 396 se
796 368 891 407 pelago
910 377 987 396 com-

248 415 398 450 mitterent,
415 421 441 442 et
454 414 562 452 longam
577 414 681 442 obirent
696 413 945 452 peregrinationem,
962 419 987 441 et

247 460 283 489 ad
299 467 414 488 vestram
429 460 564 488 caritatem
580 465 755 495 recurrerent,
771 465 850 497 atque
864 459 988 487 omnibus

248 506 319 534 clare
333 505 460 545 expositis
475 505 704 544 promptissimum
720 504 867 532 remedium
881 515 989 544 cumpa-

249 558 348 581 rarent.
368 552 436 579 Cum
451 551 551 588 quibus
566 550 784 578 honoratissimos
805 549 915 579 dilectos
929 550 991 578 dia-

249 608 327 626 conos
342 597 456 625 Paulum
472 603 496 624 et
512 595 654 635 Cyriacum
670 595 802 625 misimus.
821 595 854 624 Et
873 596 912 625 illi
927 596 991 634 qui-

248 644 309 672 dem
323 665 330 679 ,
354 650 383 671 ut
405 643 430 670 in
446 643 530 670 fornia
551 641 670 680 epistolae
682 663 690 677 ‚
711 652 770 679 quac
786 641 829 669 hic
843 649 915 680 gesta
930 648 992 670 sunt

249 695 364 717 vestram
393 687 531 716 caritatem
552 686 698 716 docebunt.
728 687 897 726 Theophilus
921 687 991 716 enim

251 733 438 762 Alexandrinae
450 733 575 762 Ecclesiae
587 733 710 768 antistes,
727 743 788 760 cum
801 744 814 761 a
830 733 992 771 quibusdam

249 780 321 819 apud
335 779 488 820 piissimum
502 779 693 817 Imperatorem
709 778 918 816 insimularetur,
933 779 992 818 jus·

249 837 294 855 sus
316 826 387 854 solus
404 825 509 858 venire,
528 824 636 853 collecta
657 824 830 853 multitudine
846 825 993 864 AEgyptio-

250 882 311 900 rum
334 882 386 900 non
409 881 555 910 paucorum
574 870 700 899 advenit:
716 881 746 899 eo
769 870 843 899 velut
862 870 994 910 praeludio

249 917 385 946 declarare
397 917 488 945 volens
500 939 507 952 ,
522 927 549 945 se
560 916 593 944 ad
604 916 706 944 bellum
718 923 743 944 et
755 916 877 955 praelium
890 917 992 945 venire.

250 963 354 992 Deinde
370 973 496 1002 magnam
510 969 535 990 et
549 962 600 990 Dei
615 969 748 990 amantem
768 963 934 991 Constantini
952 974 997 991 ur-

250 1010 311 1038 bem
327 1010 460 1048 ingressus
471 1031 478 1044 ‚
499 1007 636 1037 ecclesiam
651 1018 703 1036 non
725 1007 792 1036 adiit
802 1009 879 1047 juxta
895 1019 996 1037 morem

250 1055 377 1084 hactenus
389 1055 572 1089 observatum,
588 1064 673 1091 neque
685 1053 825 1082 nobiscum
840 1064 996 1093 congressus

250 1108 305 1138 est,
324 1111 372 1130 nec
389 1100 534 1140 participes
553 1110 600 1128 nos
620 1099 749 1128 sermonis
763 1100 843 1137 fecit,
864 1111 916 1129 non
932 1111 997 1140 pre-

250 1158 325 1183 cum,
341 1157 393 1175 non
408 1145 621 1182 communionis;
643 1145 689 1174 sed
703 1156 822 1185 egressus
836 1157 850 1174 e
866 1147 927 1175 navi
942 1169 949 1183 ‚
972 1154 997 1175 et

251 1192 415 1221 vestibulum
431 1191 546 1220 ecclesiae
560 1199 762 1231 praetergressus
776 1214 783 1226 ‚
804 1192 905 1220 alicubi
921 1199 996 1221 extra

250 1236 344 1265 urbem
368 1236 519 1265 diversatus
541 1242 597 1264 est:
612 1242 711 1264 etcum
734 1236 850 1264 multum
875 1236 997 1265 hortare·

250 1292 328 1318 mur,
346 1288 375 1310 ut
388 1282 444 1321 ipse
456 1288 480 1310 et
495 1281 513 1309 ii
526 1281 571 1319 qui
588 1291 648 1309 cum
663 1292 692 1309 eo
704 1289 848 1318 venerant,
863 1282 935 1321 apud
951 1293 998 1312 nos

248 1328 452 1356 diversarentur
473 1330 568 1364 (erant
591 1327 663 1355 enim
682 1327 771 1355 omnia
794 1334 896 1366 parata,
913 1335 939 1356 et
952 1327 998 1356 di-

249 1374 369 1401 versoria
392 1380 417 1401 et
437 1379 531 1401 canera
546 1373 691 1401 necessaria
704 1376 713 1410 )
725 1395 732 1409 ‚
758 1384 843 1411 neque
860 1373 900 1402 illi
915 1385 998 1412 neque

248 1419 306 1457 ipse
321 1419 467 1457 acquievit.
487 1419 549 1448 Haec
564 1425 593 1446 ut
608 1418 745 1455 vidimus,
761 1419 787 1447 in
803 1419 922 1448 maxima
937 1431 999 1448 era-

249 1475 310 1493 mus
333 1465 486 1501 anxietate,
509 1465 604 1503 quine
627 1475 733 1493 causam
758 1465 867 1503 quidem
891 1466 998 1504 injusta:

249 1510 324 1538 illius
339 1510 493 1538 offensionis
516 1511 636 1538 invenire
650 1521 804 1549 possemus3
825 1518 941 1540 attamen
956 1513 995 1540 fe-

250 1557 336 1584 cimus
348 1556 377 1584 id
387 1556 458 1594 quod
471 1557 646 1595 nosmetipsos
658 1555 779 1590 decebat,
792 1557 898 1586 assidue
909 1558 996 1597 ipsum

250 1601 421 1630 adhortantes
434 1609 462 1630 ut
473 1602 679 1641 congrederetur
694 1603 841 1640 nobiscum,
856 1611 881 1632 et
895 1603 998 1633 diceret

250 1659 302 1686 qua
317 1647 350 1676 de
372 1659 450 1677 causa
470 1649 561 1676 statim
575 1648 609 1676 ab
625 1648 702 1677 initio
717 1656 821 1678 tantum
835 1649 937 1679 bellum
952 1661 996 1679 ac—

251 1693 381 1722 cendisset
392 1717 399 1729 ,
418 1701 549 1733 tantaeque
560 1695 663 1723 civitati
677 1695 818 1724 excitasset
830 1696 995 1726 scandalum.

252 1740 320 1768 Cum
344 1751 407 1768 vero
432 1751 514 1778 neque
537 1741 594 1779 ipse
619 1751 725 1769 causam
740 1740 829 1770 dicere
849 1742 948 1779 vellet,
972 1750 997 1772 et

251 1792 376 1824 urgerent
387 1786 443 1824 ejus
455 1793 639 1820 accusatores,
654 1797 701 1815 nos
714 1789 739 1815 in
757 1787 908 1815 ulteriorem
917 1788 997 1817 urbis

251 1831 397 1870 regionem,
415 1832 461 1859 ubi
473 1831 587 1870 degebat
599 1855 605 1867 ,
620 1832 758 1871 piissimus
773 1834 922 1872 Imperator
933 1844 995 1862 evo-

251 1878 341 1913 cavit,
364 1883 443 1915 atque
458 1888 564 1905 causam
584 1878 641 1916 ejus
652 1878 732 1917 jussit
752 1878 854 1907 audire.
881 1880 948 1907 Nain
971 1887 995 1909 et

250 1923 426 1962 irruptionem
439 1930 463 1951 et
475 1923 559 1951 caedes
570 1931 595 1952 et
607 1924 659 1951 alia
672 1924 813 1952 innumera
825 1924 994 1963 objiciebant.

252 1970 356 1996 Verum
372 1979 419 1997 nos
435 1968 480 2006 qui
503 1968 572 2006 leges
594 1976 699 2008 patrum
715 1991 722 2003 ‚
745 1976 769 1997 et
785 1970 874 1997 virum
895 1969 996 1999 honore

252 2024 282 2042 ac
298 2014 443 2042 reverentia
457 2024 695 2053 prosequeremur,
713 2014 839 2043 habentes
852 2015 930 2043 etiam
945 2027 994 2044 su-

253 2071 299 2098 per
310 2060 361 2089 hac
375 2071 403 2088 re
415 2061 471 2097 ejus
486 2059 584 2093 literam,
599 2061 657 2088 Non
673 2067 794 2099 oportere
805 2060 905 2099 judicia
920 2068 994 2090 extra

252 2105 350 2134 limites
373 2105 443 2133 trahi
459 2129 466 2142 ‚
483 2105 526 2134 sed
545 2106 570 2133 in
586 2106 650 2144 ipsis
665 2106 812 2145 provinciis
829 2118 868 2135 res
883 2108 994 2146 provin-

252 2151 331 2179 ciales
354 2150 502 2179 tractandas
516 2162 591 2186 esse3
616 2162 666 2180 non
684 2153 769 2181 solum
791 2153 925 2192 judicium
942 2165 992 2183 non

253 2197 369 2225 obiimus
381 2219 387 2231 ‚
402 2196 447 2225 sed
465 2197 692 2226 vehementissime
705 2200 895 2228 recusavimus
911 2201 993 2230 Porro

255 2242 299 2270 ille
312 2265 320 2279 ‚
343 2242 418 2280 quasi
432 2242 565 2280 prioribus
578 2244 716 2272 conatibus
732 2246 869 2274 cumulum
883 2246 992 2284 addens,

256 2297 330 2318 vocat
345 2289 564 2317 archidiaconum
586 2301 674 2318 meum
688 2302 782 2329 magna
798 2303 858 2320 cum
876 2294 993 2322 auctori-

255 2335 350 2372 ritate,
366 2335 441 2374 quasi
451 2336 507 2374 jam
519 2335 603 2364 vidua
618 2343 683 2364 esset
697 2337 816 2366 Ecclesia
829 2349 876 2367 nec
891 2339 993 2378 episco-

255 2392 320 2420 pum
343 2381 532 2420 haberettper
554 2381 649 2417 illum,
671 2382 770 2410 clerum
791 2394 895 2412 omnem
916 2386 943 2413 in
966 2396 994 2414 se

253 2428 399 2456 transtulit.
413 2428 643 2457 Subi-emebantur
659 2428 782 2456 Ecclesiam.
793 2451 801 2463 ‚
825 2440 886 2458 cum
907 2430 993 2458 abdu-

253 2481 374 2503 rcrcntur
390 2474 557 2512 singularum
572 2473 660 2501 clerici
670 2496 678 2511 5
702 2481 728 2502 et
742 2475 950 2504 subornarentur
965 2482 994 2504 ut

251 2520 379 2549 adversus
399 2530 448 2548 nos
469 2519 573 2548 libellos
589 2518 683 2547 darent
705 2527 729 2547 et
749 2520 783 2548 ad
798 2521 992 2550 accusationem

249 2566 460 2604 accingerentur.
483 2565 531 2593 His
546 2565 610 2593 actis
622 2587 630 2602 ‚
652 2565 724 2593 misit
739 2573 763 2594 et
780 2567 886 2595 vocavit
902 2578 949 2595 nos
964 2568 990 2596 in

247 2612 390 2650 judicium,
404 2612 520 2641 nondum
534 2611 655 2650 purgatis
667 2622 725 2650 qum
738 2611 864 2641 adversus
877 2624 903 2641 se
915 2620 990 2642 erant

1042 278 1198 317 ἐνομίσαμεν
1211 279 1270 311 τοὺς
1281 278 1384 319 κυρίους
1396 290 1444 316 μου
1458 277 1632 315 τιμιωτάτους
1643 276 1687 305 καὶ
1701 275 1806 306 εῧλαέε·

1043 324 1151 357 στάτους
1164 324 1320 356 ἐπισκόπους
1333 324 1496 362 Δημήτριον,
1507 323 1666 361 Πανσόφιον,
1678 322 1804 356 Πάππον,

1043 369 1179 407 Εὖγένειον
1201 375 1308 405 πεῖσαι,
1332 370 1378 403 τὰς
1396 371 1494 398 ἑαυτῶν
1510 368 1670 403 Ἐκκλησίας
1685 371 1808 407 ἀφεῖναι,

1043 415 1088 443 καὶ
1112 416 1241 454 πελάγους
1260 417 1460 453 κατατολμῆσαι
1480 413 1619 447 τοσούτου,
1640 413 1685 442 καὶ
1703 412 1807 451 μακρὰν

1045 461 1194 498 ἀποδημίαν
1212 462 1374 496 στείλασθαι,
1390 461 1434 489 καὶ
1448 460 1512 500 πρὸς
1531 459 1579 494 τὴν
1593 458 1721 498 ὗμετέραν
1742 459 1810 496 δρα·

1046 511 1104 544 μεῖν
1125 507 1229 545 ἀγάπην
1239 530 1246 543 ,
1266 507 1310 536 καὶ
1324 507 1411 536 πάντα
1431 508 1520 545 σαφῶς
1535 504 1748 539 ἀναδιδάξαντας,
1762 515 1810 550 τα-

1046 554 1140 592 χίστην
1162 552 1363 592 παρασκευάσαι
1377 552 1498 591 γενέσθαι
1517 551 1564 586 τὴν
1589 550 1737 589 διόρθωσιν.
1763 547 1812 580 Οἱς

1046 599 1090 627 καὶ
1107 598 1165 630 τοὺς
1185 599 1362 636 τιμιωτάτους
1384 597 1534 637 ἀγαπητοὺς
1554 597 1686 627 διακόνους
1706 595 1812 623 Παῦλον

1047 644 1092 673 καὶ
1114 645 1246 683 Κυριακὸν
1268 643 1482 682 συνεπέμψαμεν.
1508 642 1559 671 Καὶ
1579 637 1648 671 οὗτοι
1670 641 1714 676 δὲ,
1736 642 1771 672 ὡς
1785 640 1811 667 ἓν

1047 691 1109 719 εἴδει
1125 692 1274 726 ἐπιστολῆς,
1289 691 1314 719 ἐν
1329 692 1422 728 βραχεῖ
1438 688 1582 721 διδάξουσιν
1595 689 1668 725 ὑμῶν
1682 686 1730 720 τὴν
1743 685 1814 723 ἀγά-

1047 748 1099 772 πην
1112 736 1145 765 τὰ
1159 735 1329 774 γεγενημένα.
1343 736 1377 764 ‘O
1391 735 1441 774 γὰρ
1451 737 1497 770 τῆς
1507 733 1667 768 'Eut-minz<
1681 733 1728 766 τῆς
1739 733 1814 760 Ἀλε-

1048 782 1181 821 Ξανδρείας
1195 782 1242 817 τὴν
1256 781 1396 821 προεδρίαν
1410 779 1579 819 ἐγχειρισθεὶς
1590 778 1727 817 Θεόφιλος,
1739 778 1814 805 ἐντυ-

1048 828 1148 866 χόντων
1169 830 1247 856 τινῶν
1262 829 1299 865 τῷ
1320 826 1499 864 εὐσεὸεστάτῳ
1521 826 1623 863 βασιλεῖ
1641 825 1699 852 κατ’
1715 825 1793 852 αὐτοῦ
1805 844 1813 858 ,

1049 874 1196 906 κελευσθεὶς
1208 873 1348 913 ἀφικέσθαι
1363 873 1439 910 μόνος
1454 893 1461 906 ,
1482 870 1635 909 συναγαγὼν
1651 871 1707 907 μεθ’
1722 871 1816 897 ἑαυτοῦ

1048 921 1147 954 πλῆθος
1161 920 1310 957 Αἰγυπτίων
1325 920 1371 948 οὐκ
1391 918 1477 956 ὀλίγον
1492 916 1679 956 παραγίνεται,
1697 915 1816 952 καθάπερ

1049 968 1078 994 ἐκ
1101 966 1245 1005 προοιμίων
1270 966 1351 999 δεῖξαι
1379 964 1532 1003 βουλόμενος
1544 984 1551 997 ,
1578 962 1619 990 ὅτι
1643 963 1678 994 εἷς
1699 961 1816 998 πόλεμον

1049 1013 1093 1042 καὶ
1119 1012 1264 1052 παράταξιν
1289 1013 1445 1050 ἀφικνεῖται.
1472 1004 1539 1038 Εἶτα
1561 1010 1608 1043 τ’ἧς
1632 1007 1750 1046 μεγάλης
1771 1005 1817 1035 καὶ

1050 1059 1181 1098 θεοφιλοῦς
1194 1056 1491 1087 Κωνσταντινουπόλεως
1503 1054 1662 1087 ἐπιὸὰς,οὐκ
1674 1055 1710 1086 εἷς
1723 1053 1817 1087 ἔκκλη-

1050 1104 1108 1133 σίαν
1123 1099 1186 1139 ἦλθε
1205 1103 1273 1132 κατὰ
1286 1103 1329 1132 τον
1348 1103 1445 1131 ἄνωθεν
1459 1100 1630 1140 κρατήσαντα
1644 1097 1751 1137 θεσμὸν,
1766 1099 1816 1137 οὐχ

1049 1153 1113 1188 ἡμῖν
1138 1150 1286 1188 συνεγένετο
1298 1172 1305 1184 ,
1326 1150 1354 1176 οὔ
1374 1147 1457 1186 λόγων
1473 1145 1619 1184 μετέδωκεν
1630 1168 1638 1181 ,
1652 1146 1699 1173 οὐκ
1715 1145 1795 1182 εὐχῆς
1808 1165 1817 1179 ,

1050 1197 1078 1225 οὐ
1095 1196 1230 1228 κοινωνίας
1241 1218 1248 1231 ,
1265 1196 1323 1224 ἀλλ’
1338 1193 1439 1226 &metm
1452 1195 1497 1221 τοῦ
1512 1191 1603 1221 πλοίου
1616 1213 1623 1226 ,
1641 1191 1686 1220 καὶ
1700 1190 1733 1219 τὰ
1748 1190 1817 1229 πρό-

1050 1246 1114 1282 θυρα
1133 1245 1179 1277 τῆς
1198 1240 1340 1276 ἐκκλησίας
1353 1238 1533 1279 παραδραμὼν
1546 1260 1553 1273 ,
1575 1238 1624 1270 ἔξω
1640 1248 1690 1265 που
1706 1239 1754 1271 τῆς
1769 1235 1818 1265 πό-

1049 1290 1115 1320 λεως
1131 1287 1250 1316 ἀπελθὼν
1265 1287 1384 1322 ηὐλίζετο
1395 1295 1401 1301 ”
1417 1285 1462 1314 καὶ
1476 1284 1561 1313 πολλὰ
1575 1283 1817 1321 παρακαλεσάντων

1017 1338 1035 1361 E
1050 1336 1126 1371 ἡμῶν
1150 1334 1195 1362 καὶ
1216 1334 1292 1361 αὐτὸν
1313 1332 1357 1360 καὶ
1377 1331 1435 1363 τοὺς
1456 1330 1514 1368 μετ’
1531 1330 1610 1358 αὐτοῦ
1632 1327 1818 1367 παραγενομέ-

1051 1392 1106 1413 νους
1120 1381 1182 1419 παρ’
1198 1383 1261 1417 ἡμῖν
1282 1380 1446 1417 καταχθῆναι
1467 1377 1530 1415 (καὶ
1550 1376 1602 1415 γὰρ
1623 1375 1710 1404 πάντα
1723 1374 1818 1412 ηὐτρέ-

1050 1437 1128 1455 πιστο
1154 1426 1200 1454 καὶ
1221 1424 1375 1462 καταγώγια
1407 1424 1452 1451 καὶ
1478 1422 1527 1451 ὅσα
1558 1421 1626 1454 εἰκὸς
1658 1417 1707 1456 ἦν)
1719 1443 1727 1455 ,
1757 1420 1815 1449 οὔτε

1051 1473 1154 1505 ἐκεῖνοι,
1167 1471 1225 1500 οὔτε
1242 1471 1317 1503 αὐτὸς
1331 1469 1467 1508 ἠνέσχετο.
1486 1469 1579 1496 Ταῦτα
1592 1470 1702 1506 ὁρῶντες
1719 1469 1800 1503 ἡμεῖς
1810 1488 1817 1501 ,

1051 1519 1076 1546 ἐν
1097 1517 1195 1557 ἀπορία
1218 1512 1284 1554 ἦμεν
1311 1517 1416 1554 πολλῇ,
1434 1513 1499 1552 μηδὲ
1528 1513 1575 1548 τὴν
1591 1512 1676 1541 αἰτίαν
1705 1511 1818 1549 δυνάμε-

1050 1575 1089 1592 νοι
1108 1565 1153 1597 τῆς
1171 1562 1260 1591 ἀδίκου
1275 1561 1372 1595 ταύτης
1393 1560 1534 1599 ἀπεχθείας
1558 1562 1655 1597 εὑρεῖν·
1669 1559 1728 1587 ἀλλ’
1744 1557 1816 1595 ὅμως

1050 1609 1082 1638 τὰ
1107 1610 1169 1648 παρ’
1185 1610 1282 1636 ἑαυτῶν
1303 1608 1484 1646 ἐπληροῦμεν,
1506 1606 1536 1634 τὸ
1560 1605 1658 1644 πρέπον
1682 1607 1746 1642 ἡμῖν
1769 1605 1816 1632 αὐ-

1049 1660 1102 1688 τοῖς
1133 1657 1281 1688 ποιοῦντες,
1302 1653 1347 1682 καί
1372 1654 1486 1691 συνεχῶς
1513 1652 1590 1680 αὐτὸν
1624 1651 1814 1690 παρακαλοῦν-

1048 1719 1090 1739 τες
1110 1706 1279 1745 συγγενέσθαι
1302 1708 1378 1742 ἡμῖν,
1400 1704 1445 1733 καὶ
1469 1706 1549 1732 εἰπεῖν
1573 1704 1641 1735 τίνος
1663 1703 1749 1731 ἕνεκεν
1771 1713 1815 1731 το-

1049 1756 1140 1782 σοῦτον
1168 1755 1197 1782 ἐκ
1213 1752 1358 1792 προοιμίων
1378 1750 1529 1790 ἄνεῤῥίπισε
1545 1750 1660 1786 πόλεμον
1673 1771 1680 1783 ,
1700 1749 1745 1776 καὶ
1765 1760 1814 1783 τη-

1049 1799 1176 1833 λικαύτην
1207 1798 1377 1826 ἐσκανδάλισε
1409 1797 1494 1824 πόλιν.
1525 1795 1574 1828 ιΩς
1602 1794 1629 1824 δὲ
1654 1794 1712 1824 οὐδὲ
1733 1794 1815 1828 οὕτως

1049 1845 1168 1874 ἐδούλετο
1182 1844 1266 1882 λέγειν
1282 1843 1329 1878 τὴν
1344 1842 1428 1871 αἰτίαν
1441 1865 1448 1878 ,
1471 1841 1498 1870 οἵ
1508 1854 1536 1870 τε
1549 1843 1752 1879 κατηγοροῦντες
1765 1841 1815 1869 αὖ·

1048 1893 1093 1918 ταῧ
1115 1890 1248 1920 ἐπέκειντο
1260 1912 1268 1924 ,
1286 1888 1399 1920 καλέσας
1416 1890 1487 1925 ἡμᾶς
1502 1890 1515 1916 ὃ
1535 1886 1719 1918 εὖσεὸέστατος
1737 1888 1813 1924 βασι·

1047 1936 1124 1969 λεὺς,
1147 1936 1266 1965 ἐκέλευσε
1292 1935 1392 1972 πέραν,
1425 1932 1485 1962 ἔνθα
1511 1932 1657 1970 διέτριέεν,
1685 1932 1791 1961 ἀπιέναι
1805 1953 1813 1967 ,

1049 1984 1092 2011 καὶ
1116 1985 1163 2017 τῆς
1189 1982 1246 2010 κατ’
1270 1982 1346 2009 αὐτον
1376 1979 1479 2008 ἀκούειν
1506 1978 1662 2010 ὑποθέσεως.
1686 1978 1738 2006 Καὶ
1762 1977 1814 2017 γὰρ

1048 2028 1137 2066 ἔφοδον
1153 2027 1198 2055 καὶ
1213 2026 1315 2065 σφαγὰς
1329 2025 1374 2054 καὶ
1390 2024 1468 2063 ἕτερα
1484 2022 1620 2052 ἐνεκάλουν
1636 2023 1726 2063 μυρία.
1743 2021 1814 2052 Ἀλλ’

1047 2077 1124 2111 ἡμεῖς
1145 2074 1189 2102 καί
1209 2072 1267 2106 τοὺς
1288 2072 1381 2109 νόμους
1397 2073 1447 2099 τῶν
1463 2070 1583 2107 πατέρων
1595 2093 1602 2105 ,
1619 2069 1718 2098 καὶτὸν
1733 2070 1814 2109 ἄνδρα

1049 2119 1195 2157 αἰδούμενοι
1210 2119 1254 2147 καὶ
1269 2119 1396 2156 τιμῶντες
1408 2138 1415 2151 ,
1429 2116 1473 2144 καὶ
1489 2117 1567 2144 αὐτοῦ
1580 2127 1608 2143 τε
1623 2116 1656 2143 τὰ
1667 2116 1814 2154 γράμματα

1047 2165 1167 2205 ἔχοντες,
1183 2165 1219 2202 μὴ
1235 2165 1287 2193 δεῖν
1302 2163 1439 2202 ὑπερορίας
1454 2161 1575 2190 ἕλκεσθαι
1589 2161 1636 2194 τὰς
1654 2162 1738 2197 δίκας,
1754 2163 1812 2192 ἀλλ’

1047 2211 1073 2239 ἓν
1094 2215 1151 2243 ταῖς
1166 2210 1246 2243 ἰδίαις
1261 2209 1403 2248 ἐπαρχίαις
1416 2208 1449 2236 τὰ
1464 2209 1515 2236 τῶν
1532 2208 1667 2247 ἐπαρχιῶν
1684 2208 1812 2247 γυμνάζε-

1047 2264 1126 2296 σθαι,
1149 2263 1177 2290 οὐ
1192 2260 1385 2297 κατεδεξάμεθα
1406 2258 1528 2291 δικάσαι,
1549 2258 1617 2286 ἀλλὰ
1632 2258 1699 2296 μετὰ
1714 2260 1814 2296 πολλῆς

1046 2311 1259 2351 παρῃτησάμεθα
1278 2312 1324 2344 τῆς
1344 2309 1526 2348 σφοδρότητος.
1543 2307 1577 2337 εΟ
1594 2308 1635 2343 δὲ,
1656 2309 1746 2348 ὥσπερ
1759 2315 1813 2343 τοῖς

1045 2362 1180 2402 προτέροις
1194 2360 1428 2399 ἐπαγωνιζόμενος,
1445 2359 1487 2388 τὸν
1503 2360 1684 2399 ἀρχιδιοίκονον
1698 2360 1813 2393 καλέσας

1046 2413 1090 2441 τὸν
1108 2412 1169 2450 ἐμὸν
1194 2411 1219 2445 ἐξ
1243 2410 1375 2443 αὖθεντίας
1397 2412 1497 2445 πολλῆς
1509 2432 1516 2445 ‚
1535 2410 1624 2450 ὥσπερ
1644 2410 1813 2449 χηρευσάσης

1047 2463 1098 2497 ἤδη
1114 2464 1160 2496 τῆς
1175 2460 1336 2496 Ἐκκλησίας
1351 2461 1395 2489 καὶ
1412 2462 1459 2489 οὐκ
1475 2461 1586 2499 ἐχούσης
1605 2460 1756 2497 ἐπίσκοπον,
1778 2462 1812 2490 δι’

1047 2511 1144 2540 ἐκείνου
1163 2511 1206 2540 τὸν
1226 2511 1322 2549 κλῆρον
1342 2510 1427 2538 πάντα
1445 2510 1510 2549 πρὸς
1534 2511 1624 2539 ἑαυτὸν
1645 2511 1808 2548 μετέστησεν.

1013 2570 1028 2593 n
1048 2562 1099 2591 Καὶ
1118 2561 1259 2590 ἀνάστατοι
1275 2562 1300 2589 αἱ
1316 2560 1473 2595 Ἐκκλησίαι
1491 2562 1619 2598 ἐγίνοντο,
1636 2562 1810 2598 ἀπαγομὲνιι)ν

1047 2613 1097 2640 τῶν
1125 2614 1150 2641 ἐν
1178 2611 1276 2650 ἑκάστῃ
1299 2613 1447 2650 κληρικῶν,
1477 2612 1520 2640 καὶ
1546 2611 1807 2651 παρασκευαζομένω

1843 1101 1870 1125 Ρ.

1843 2124 1870 2148 P.

1891 1089 1906 1124 {i

1891 2126 1899 2148 4
1909 2127 1911 2130 .
