1884 2922
863 237 893 259 m
901 236 965 258 DEX
994 234 1151 258 Locorum

477 341 504 368 xi
515 350 562 369 vos
572 339 606 368 de
616 346 683 368 terra
694 339 812 378 AEgypti.
823 346 867 370 Vl.
877 344 939 368 388.
949 350 973 368 Ε.

437 383 465 413 Si
484 394 530 412 vos
545 382 747 412 ambulaveritis
761 393 822 421 erga
841 394 883 413 me
897 383 973 412 recti.

482 434 525 454 w.
547 431 642 454 ¹490.st

1029 307 1092 325 ω».
1135 305 1217 324 vens.

1030 339 1092 370 26.
1107 339 1209 370 ‹io-⁴2.
1226 339 1254 370 Si
1270 349 1335 368 vcro
1358 338 1526 378 peccaverint
1539 339 1589 367 filii
1606 338 1696 376 Israel,
1713 345 1767 367 tm—

1266 382 1387 411 danicos
1410 382 1436 411 in
1453 389 1556 421 gentem
1577 383 1701 412 alienam.
1722 389 1765 412 Vl.

1268 432 1330 455 (109,
1346 437 1370 454 f..

926 551 1082 581 NUMERI.

434 704 463 733 Si
477 703 574 732 mulier
590 703 764 742 praevaricata
784 703 862 732 fuerit
884 713 898 731 a
915 703 974 732 viro

473 757 529 775 suo.
543 754 564 777 1.
582 752 644 776 810.
658 758 682 777 Β.

434 792 519 820 Ducet
530 791 602 819 illam
616 790 649 819 ad
661 790 834 827 sacerdotem,
846 798 871 820 et
881 791 974 820 offeret

472 835 573 863 donum
588 834 674 863 illius.
691 841 710 863 1.
728 840 791 863 811.
804 845 831 865 c.

436 879 558 917 Loquere
580 880 668 908 Aaron
695 885 719 907 et
747 879 810 907 liliis
833 879 902 918 ejus.
929 886 974 908 vl.

471 928 536 952 615.
554 934 579 952 A.

430 965 570 996 Benedicet
584 966 633 995 tibi
647 967 790 1001 Dominus,
804 972 828 996 et
840 966 971 996 custodiet

471 1017 504 1038 le.
522 1018 567 1041 VI.
583 1016 646 1039 (315.
662 1023 686 1039 Β.

431 1053 558 1082 Ostendet
571 1054 701 1083 Dominus
713 1054 820 1083 vultum
832 1065 909 1083 suum
923 1065 970 1083 su-

473 1108 520 1136 per
532 1104 566 1125 te.
584 1105 628 1126 Vl.
646 1102 708 1126 615.
721 1109 745 1126 Β.

406 1164 412 1169 .
431 1141 482 1170 Dic
493 1148 518 1169 et
534 1141 629 1169 saciant
643 1141 693 1170 filii
707 1140 788 1169 Israel
803 1140 909 1180 pascha.
926 1148 968 1169 Π.

490 1190 550 1213 389.
566 1195 593 1213 n.

428 1229 564 1257 lmmundi
586 1239 678 1257 sumus
698 1239 777 1268 super
797 1229 925 1257 animam.
947 1237 967 1257 1.

470 1278 533 1301 748.

351 1333 359 1337 -
406 1341 410 1346 .
429 1317 486 1345 Nos
504 1316 604 1355 impuri
624 1326 779 1345 sumus.....
803 1316 883 1345 homo
906 1317 969 1355 qui-

243 239 251 259 1
266 239 282 260 2

239 308 301 327 CAP.
343 309 423 326 vens.

241 383 301 414 26.
320 384 419 414 2321.

235 669 298 688 cAP.
341 670 421 690 vens,

236 703 270 733 5.
316 703 416 733 12-14.

304 792 341 820 15
351 801 415 830 sqq.

239 879 273 909 6.
370 881 417 910 23.

364 966 413 997 24.

310 1055 411 1084 25.26.

233 1141 267 1171 9.
383 1144 401 1171 2

382 1231 410 1259 7.

331 1318 348 1345 7
366 1319 395 1345 ll

379 1493 396 1520 8

377 1579 405 1608 9.

361 1669 395 1697 12

232 1709 289 1740 10.
379 1713 397 1741 2

359 1802 395 1830 10

364 1932 400 1959 12

346 2020 363 2048 3
378 2019 396 2048 5

228 2105 244 2135 1
256 2105 287 2135 l.
378 2106 395 2136 5

305 2370 405 2399 11-15.

358 2457 404 2485 12.

358 2544 402 2572 15.

466 1370 578 1397 cumque
585 1359 740 1387 fueritinter
751 1369 796 1387 vos
806 1359 967 1399 impurus....

467 1403 544 1431 saciet
563 1402 663 1442 pascha
682 1413 770 1431 mense
790 1404 917 1435 secundo.
945 1412 966 1433 1.

467 1451 532 1475 758.
549 1457 574 1474 E.

402 1513 407 1519 .
427 1490 499 1519 State
519 1490 588 1526 istic,
608 1497 633 1519 et
651 1491 793 1519 offeremus
815 1491 849 1519 ad
866 1493 965 1521 Deum.

467 1542 485 1563 1.
500 1539 565 1563 748.
581 1545 606 1562 1³.

425 1579 453 1609 Si
470 1579 530 1618 quis
546 1579 701 1608 immundus
717 1579 798 1608 fuerit
812 1590 891 1619 snper
906 1581 967 1609 ani-

468 1634 549 1652 mam.
564 1629 585 1651 l.
601 1628 664 1652 748.
682 1634 705 1652 Β.

400 1689 407 1696 .
426 1668 463 1696 05
478 1678 530 1696 non
546 1666 748 1696 comminuetur.
765 1675 799 1698 x.
816 1673 880 1697 250.
895 1680 924 1698 1).

379 1722 387 1728 ·
402 1736 407 1741 .
427 1712 481 1739 Fac
496 1710 544 1739 tibi
560 1711 638 1740 tubas
650 1710 764 1740 ductiles
787 1719 932 1751 argenteas.
946 1721 964 1742 1.

469 1760 532 1783 764.
544 1766 566 1783 n.

399 1823 405 1829 .
425 1798 526 1838 Populo
535 1798 601 1827 dure
612 1804 635 1827 ct
646 1798 792 1835 incredule,
804 1809 868 1828 num
879 1799 912 1828 de
921 1810 965 1839 pe-

472 1849 514 1870 tra
523 1842 574 1870 hac
585 1848 678 1881 potero
693 1842 769 1871 vobis
781 1842 845 1871 dare
856 1853 963 1881 aquam.

467 1893 510 1915 VI.
524 1891 588 1915 497.
603 1897 627 1915 C.

405 1953 410 1959 .
429 1930 481 1958 Pro
495 1939 525 1959 eo
537 1929 611 1967 quod
625 1939 677 1957 non
692 1929 848 1967 glorificasti
865 1940 907 1959 me
917 1941 964 1960 co-

468 1984 525 2002 ram
539 1983 682 2013 synagoga.
698 1979 755 2002 Vll.
771 1978 835 2002 497.
849 1984 876 2003 c.

366 2036 375 2039 -
403 2041 407 2046 .
424 2018 559 2056 Exsurge,
578 2017 703 2051 Domine,
725 2016 888 2056 dissipentur
908 2018 964 2047 ini-

469 2061 533 2090 mici
548 2059 598 2090 tui.
616 2068 661 2089 Vl.
677 2065 742 2090 390.
756 2071 784 2089 A.

400 2130 405 2136 .
424 2105 494 2142 Quis
505 2116 552 2134 nos
564 2105 665 2134 cibabit
676 2105 821 2133 carnibus?
833 2105 963 2135 Recorda-

462 2160 523 2178 mur
537 2149 621 2188 pisces
632 2159 699 2187 quos
712 2148 738 2176 in
751 2149 870 2189 AEgypto
882 2161 965 2179 come-

462 2191 604 2222 debamus.
617 2201 637 2224 Ι.
652 2197 717 2222 256.
732 2203 760 2224 Ε,

397 2260 402 2265 .
422 2238 458 2265 T.
472 2242 640 2266 V1.390.13.

399 2303 404 2309 .
423 2281 518 2310 Anima
533 2288 621 2310 nostra
640 2291 724 2311 vacua
743 2288 781 2310 est
803 2280 829 2309 in
853 2292 961 2313 manna.

462 2332 494 2354 V.
512 2329 575 2353 333.
591 2335 618 2353 c.

423 2368 457 2397 Et
471 2368 540 2397 dixit
554 2370 643 2398 Moses
658 2369 692 2397 ad
704 2371 789 2398 Deum
802 2381 807 2397 :
819 2371 908 2406 Quare
922 2371 962 2399 af-

462 2412 555 2440 flixisti
569 2423 675 2441 servum
688 2413 784 2441 tuum?
797 2420 818 2442 1.
835 2418 896 2442 256.
910 2425 936 2442 A.

421 2455 559 2493 Numquid
575 2465 622 2493 ego
635 2455 695 2485 illos
709 2456 735 2484 in
747 2463 821 2486 utero
834 2457 960 2496 concepi?

461 2506 515 2527 Vll.
533 2504 595 2528 455.
611 2511 636 2528 Β.
655 2507 711 2530 Xll.
732 2505 775 2529 50.

421 2542 520 2571 Occide
533 2553 582 2579 mc,
595 2543 615 2571 si
630 2542 664 2571 ita
678 2554 780 2572 mecum
794 2544 912 2573 menn-us
923 2556 958 2574 cs.

460 2594 467 2614 1
500 2591 559 2615 293.
575 2598 599 2615 (j.
614 2592 666 2615 919

1029 669 1091 688 CAP.

1032 702 1090 732 11.

1135 669 1217 688 vene).

1161 706 1206 734 18.
1225 704 1296 733 Bene
1307 702 1384 731 nobis
1395 701 1486 730 eratin
1498 701 1624 741 AEgypto.
1635 707 1666 730 11.
1677 705 1769 731 40³.c.

1269 754 1327 776 ΧΗ.
1347 750 1411 776 926.
1429 756 1454 774 E.

1108 793 1212 822 2122.
1228 792 1357 820 Sexcenta
1372 789 1457 818 millia
1471 796 1533 818 sunt
1552 789 1674 828 peditum
1679 811 1765 820 .......

1266 835 1339 863 Num
1354 845 1416 863 oves
1427 841 1451 863 et
1461 834 1543 863 boves
1557 833 1771 863 metabuntur?

1268 885 1287 908 1.
1303 883 1366 908 293.
1380 889 1406 907 A.

1159 926 1207 954 29.
1224 923 1293 959 Quis
1315 923 1360 951 det
1394 928 1478 951 totum
1503 922 1633 961 populum
1658 921 1769 950 Domini

1262 967 1407 1007 prophetas
1427 967 1503 996 esse?
1524 973 1556 995 V.
1581 970 1643 995 203.
1668 975 1695 994 A.
1717 972 1763 994 Vl.

1263 1017 1325 1040 390.
1343 1023 1366 1040 n.
1383 1016 1446 1040 613.
1467 1021 1492 1039 E.
1509 1018 1554 1040 XI.
1572 1014 1689 1040 652⁶n.

1179 1066 1186 1072 ·
1202 1079 1206 1083 .
1223 1055 1294 1084 Num
1316 1054 1367 1094 ipsi
1389 1054 1439 1083 soli
1462 1055 1590 1093 loquutus
1614 1060 1651 1082 est
1670 1053 1765 1082 Deus?

1262 1106 1305 1127 Vl.
1323 1104 1384 1127 390.
1401 1109 1427 1129 C.

1173 1145 1202 1173 3.
1221 1142 1383 1171 Mitissimus
1401 1149 1456 1171 erat
1471 1143 1591 1171 omnium
1611 1141 1763 1170 bominum.

1262 1193 1306 1214 111.
1333 1191 1394 1214 142.
1411 1197 1437 1214 A.
1464 1193 1496 1214 v.
1516 1190 1579 1215 202.
1604 1197 1629 1215 c.
1651 1190 1715 1214 448.
1740 1196 1762 1214 Β,

1264 1236 1318 1258 vn.
1337 1234 1400 1258 855.
1417 1241 1441 1258 B.

1156 1273 1203 1303 14.
1221 1272 1250 1302 Si
1260 1272 1550 1312 inspuensinsputasset
1561 1273 1667 1312 paterin
1678 1272 1765 1312 ipsius

1261 1316 1371 1353 faciem,
1390 1327 1442 1346 non
1463 1318 1569 1345 confusa
1592 1317 1705 1345 suisset?
1725 1324 1759 1347 11.

1261 1364 1323 1389 241.
1338 1371 1364 1389 c.
1384 1368 1439 1390 ΠΙ.
1459 1366 1503 1390 92.
1516 1365 1716 1389 s.1x.292.n.

1218 1404 1324 1434 Habens
1355 1404 1524 1442 signaculum
1558 1404 1608 1433 hoc
1629 1416 1635 1432 z
1667 1414 1763 1442 cogno-

1259 1448 1299 1476 vit
1314 1448 1446 1476 Dominus
1469 1448 1513 1486 qui
1537 1455 1598 1476 sunt
1621 1448 1686 1486 ejus.
1715 1455 1760 1477 XI.

1259 1495 1323 1519 743.
1348 1501 1374 1519 D.

1024 1405 1082 1436 16.
1171 1406 1200 1435 5.

1023 1536 1082 1566 17.
1158 1537 1205 1564 12.
1221 1534 1363 1569 Periimus,
1382 1533 1409 1561 iu
1426 1533 1570 1572 perniciem
1593 1534 1673 1569 imus,
1693 1544 1760 1563 con-

1257 1586 1339 1606 sumti
1357 1588 1460 1607 sumuS.
1484 1585 1542 1606 ΧΠ.
1561 1582 1626 1607 956.
1648 1583 1712 1607 958.
1730 1587 1758 1607 ι).

1260 1627 1322 1652 990.
1333 1633 1358 1651 n.

1019 1669 1079 1700 9-0.
1156 1672 1201 1699 10.
1218 1666 1359 1705 Numquid
1370 1677 1404 1695 ex
1415 1666 1465 1695 hac
1474 1674 1548 1706 petra
1561 1667 1705 1697 educemus
1718 1678 1761 1697 vo·

1258 1711 1301 1739 bis
1314 1711 1432 1749 aquam?
1451 1717 1496 1739 Vl.
1515 1715 1579 1740 391.
1595 1722 1620 1740 e.

1152 1757 1199 1784 12.
1218 1754 1290 1790 Quia
1305 1764 1357 1782 non
1373 1753 1526 1783 credidistis
1544 1754 1621 1789 mihi,
1643 1761 1672 1783 ut
1695 1765 1760 1784 san-

1256 1798 1407 1827 ctificaretis
1422 1808 1463 1826 me
1478 1808 1567 1826 coram
1582 1798 1646 1828 filiis
1666 1799 1760 1828 Israel.

1257 1850 1277 1871 1.
1292 1847 1356 1871 293.
1372 1853 1398 1871 E.
1417 1849 1463 1871 vl.
1477 1847 1539 1871 391.
1555 1853 1579 1871 c.

1197 1911 1202 1916 .
1220 1888 1389 1926 Quicumque
1403 1897 1418 1916 a
1441 1895 1560 1927 serpente
1574 1899 1678 1917 morsus
1699 1889 1761 1917 sue-

1257 1932 1302 1967 rit,
1317 1939 1465 1971 serpentem
1481 1932 1615 1971 respiciat.
1632 1940 1676 1964 Π,
1695 1938 1759 1963 599.

1154 1978 1201 2006 ΙΙ).
1217 1976 1270 2004 Fac
1290 1983 1438 2015 serpentem
1459 1986 1571 2004 aeneum.
1591 1983 1634 2004 Π.
1653 1981 1716 2006 600.
1732 1988 1757 2006 1³.

1197 2043 1201 2048 .
1219 2021 1283 2049 Haec
1296 2027 1333 2048 cst
1344 2030 1407 2058 gens
1420 2030 1478 2058 quae
1490 2019 1583 2058 elingit
1595 2030 1700 2049 omnem
1711 2025 1763 2049 ter-

1258 2073 1324 2092 ram.
1342 2069 1372 2091 v.
1391 2067 1454 2092 470.
1468 2073 1496 2091 E.

1195 2130 1201 2135 .
1219 2107 1274 2142 Qui
1288 2114 1313 2135 te
1327 2106 1473 2142 benedicit,
1488 2106 1643 2135 benedictus
1656 2118 1661 2134 :
1676 2114 1700 2136 et
1713 2107 1763 2146 qui

1258 2158 1282 2179 te
1306 2150 1505 2186 exsecrabitur,
1531 2151 1699 2181 maledictus.
1727 2158 1759 2179 v.

1257 2198 1321 2222 525.
1335 2205 1360 2222 A.

1172 2240 1199 2268 7.
1217 2237 1326 2267 Orietur
1342 2237 1418 2266 stella
1432 2247 1466 2266 cx
1479 2238 1570 2267 Jacob.
1586 2245 1634 2268 Vl.
1651 2242 1715 2266 392.
1728 2248 1756 2267 A.

1019 2281 1080 2312 25.
1171 2284 1200 2311 5.
1218 2282 1361 2310 Interlicite
1387 2283 1572 2321 unusquisque
1604 2282 1763 2322 proximum.

1257 2335 1346 2355 suum.
1362 2332 1381 2354 1.
1397 2329 1460 2354 257.
1476 2336 1503 2354 A.

1195 2393 1200 2398 .
1218 2369 1325 2398 Baleam
1340 2379 1446 2407 quoque
1464 2369 1553 2398 filium
1567 2370 1635 2398 Reor
1651 2369 1759 2398 occide-

1256 2419 1327 2442 runt.
1343 2420 1376 2442 Χ.
1394 2418 1456 2442 240.
1472 2423 1499 2441 c.

1097 2457 1193 2486 1116.
1213 2457 1247 2486 Et
1262 2457 1344 2485 iratus
1366 2463 1403 2485 cst
1423 2457 1530 2495 Moyses
1551 2464 1575 2485 et
1595 2455 1665 2484 dixit
1681 2468 1687 2483 :
1703 2456 1759 2484 Cur

1255 2500 1329 2529 vivas
1341 2499 1448 2540 cepistis
1459 2510 1549 2530 omnes
1562 2500 1708 2530 mulieres?
1720 2507 1753 2529 x.

1255 2549 1316 2573 210.
1333 2556 1356 2573 (ἶ.
