1884 2922
748 210 850 234 INDEX
878 210 1004 234 mittum.

85 276 148 300 839.
163 282 188 301 e.
207 270 277 299 Puer
299 271 406 300 oracula
428 271 516 300 fundit
524 293 533 308 ,
557 278 582 300 ct
602 272 674 310 apud
696 273 821 302 Hebraeos

82 315 261 354 prophetiam,
276 325 336 353 quae
349 315 514 351 avolaverat,
530 315 655 344 restituit.
674 323 694 345 1.
714 321 776 345 137.
792 327 820 346 n.

82 359 192 388 Samuel
210 359 238 387 in
260 359 392 398 templum
415 358 632 397 transplantatus.
657 364 778 390 1V.840.
793 370 820 388 c.

82 403 203 434 Virtutis
217 405 274 443 ejus
285 405 355 432 sama
368 404 394 432 iu
406 404 462 432 dies
477 403 604 442 augescit.
619 405 822 443 Ih.Antequam

81 448 188 477 virilem
201 455 306 477 aetatem
320 448 514 487 ingrederetur,
527 448 596 476 inter
607 448 744 477 mirabiles
758 459 823 488 pro—

80 491 175 530 pbetas
195 492 361 521 censebatur.
383 499 403 521 1.
424 496 489 521 259.
510 501 538 520 r..
561 492 628 530 Ejus
643 492 701 520 laus
715 499 821 520 0110111-

82 548 159 566 mnae.
173 540 216 567 lb.
229 549 256 567 A.

120 584 230 612 Samuel
252 590 358 612 sanctus
380 583 447 619 Dei,
471 583 579 612 Sa‘ulem
602 593 650 622 per
672 583 774 612 luctum
798 590 823 612 et

81 637 170 666 preces
184 638 198 655 a
213 627 393 663 damnatione,
410 637 492 664 quam
507 626 635 656 adversus
652 627 741 666 ipsum
756 638 822 667 pro-

81 672 250 700 nuntiaverat
273 673 356 706 Deus,
373 671 480 710 eripuit.
505 678 525 700 1.
549 676 595 700 47.
621 682 647 700 n.
673 673 725 700 Pro
742 672 823 701 Saule

81 722 239 754 pernoctans
252 715 279 743 in
294 715 413 744 oratione
427 725 480 744 non
487 699 653 750 Qxaudstur,
669 716 750 745 Saiile
764 727 822 755 poe-

80 758 221 787 nitentiam
237 768 288 787 non
310 765 413 797 agente.
431 765 466 787 11.
486 763 550 787 391.
572 770 598 787 A.
621 759 729 788 Samuel
743 770 758 787 a
772 761 822 789 Ju-

80 800 146 830 daeis
168 801 328 831 contumelia
358 802 469 830 affectus
500 812 549 840 pro
579 802 634 831 illis
660 804 757 831 oravit.
790 811 821 832 11.

84 850 149 876 484.
167 856 193 874 c.

119 889 227 918 Samuel
247 896 353 918 coactus
372 899 400 917 se
417 889 519 918 laudat.
540 897 572 919 11.
595 893 659 919 604.
677 901 704 919 D.
726 901 754 919 r..
774 898 820 920 111.

82 937 148 962 355.
160 944 189 962 1).
203 944 230 962 Ε.

119 977 339 1006 SANcTn-mATio
360 977 520 1015 (ἁγίασμα),
546 977 654 1015 proprie
684 977 824 1006 dicebatur

81 1020 222 1059 templum,
245 1020 343 1059 adyta,
361 1027 451 1049 sancta
472 1027 635 1048 sanctorum.
654 1028 686 1051 v.
705 1026 768 1050 350.
794 1034 819 1051 A.

78 1064 260 1093 Sanctificatio
275 1064 423 1100 lavacrum,
435 1063 570 1103 purgatio.
592 1071 626 1095 X.
644 1069 670 1094 4.
685 1076 712 1093 Β.

118 1107 329 1136 Sanctificationi
351 1118 403 1146 pax
422 1107 606 1146 conjungitur.
630 1115 677 1138 lv.
703 1113 769 1137 430.
792 1121 819 1136 A.

78 1151 258 1180 Sanctificatio
270 1161 285 1179 a
299 1151 408 1179 caritate
423 1150 552 1189 procedit.
566 1158 613 1179 lx.
630 1156 695 1180 472.
712 1162 738 1181 E.

117 1195 299 1223 SANcrrrAris
313 1194 339 1222 in
353 1194 435 1222 veteri
449 1200 474 1222 et
494 1194 521 1222 in
537 1205 605 1222 nova
618 1195 676 1234 lege
692 1195 821 1224 disseren-

78 1238 126 1267 tia.
152 1244 223 1266 5‘111.
247 1242 293 1266 92.
316 1250 342 1267 A.
369 1237 523 1266 sanctitatis
549 1238 616 1267 varii
637 1238 746 1277 gradus.
772 1241 818 1267 Ih.

79 1292 104 1310 c.
124 1293 152 1310 n.

119 1327 222 1355 SAxcri
247 1324 300 1353 viri
323 1325 431 1364 regibus
451 1333 475 1354 et
489 1326 636 1364 praesectis,
661 1326 715 1355 imo
740 1327 820 1355 etiam

77 1376 132 1398 toto
147 1369 211 1398 orbe
224 1376 357 1397 terrarum
369 1392 376 1404 ‚
393 1369 562 1408 pretiosiores
576 1377 647 1399 sunt.
663 1377 711 1399 111.
731 1375 775 1399 62.
792 1381 817 1400 a.

77 1413 167 1442 Sancti
182 1413 209 1441 in
224 1418 294 1441 terra
309 1412 428 1451 hospites
443 1420 536 1448 erant,
553 1423 606 1441 non
618 1413 690 1451 quod
706 1413 820 1453 patriam

77 1466 129 1485 non
140 1457 285 1490 haberent,
300 1456 346 1484 sed
357 1456 429 1494 quod
440 1456 630 1496 sempiternam
646 1457 760 1496 patriam
775 1457 820 1486 de-

77 1500 234 1529 siderarent.
262 1506 308 1529 [V.
330 1504 395 1529 852.
410 1511 471 1529 ,1.11.
489 1512 515 1529 c.
540 1501 700 1530 Sanctorum
724 1501 820 1529 animae

77 1551 138 1572 ante
153 1550 323 1582 conspectum
335 1543 384 1572 Dei
395 1554 499 1583 semper
511 1555 642 1582 apparere
654 1544 819 1574 desiderant.

78 1594 111 1617 V.
135 1592 200 1616 600.
225 1599 249 1615 A.
264 1588 355 1616 Sancti
377 1595 439 1616 sunt
456 1589 503 1626 qui
515 1587 565 1616 Dei
579 1589 652 1626 jussa
667 1589 821 1623 observant,

77 1638 103 1659 et
125 1631 171 1669 qui
191 1630 305 1669 peccatis
325 1631 430 1659 nullum
444 1631 508 1660 dant
526 1632 639 1660 aditum.
663 1639 694 1661 V.
715 1637 777 1661 568.
793 1644 819 1660 A.

77 1675 123 1713 qui
147 1674 302 1714 priusquam
326 1675 476 1712 concidant,
497 1685 524 1703 se
541 1675 665 1714 erigunt;
691 1682 716 1704 ct
730 1675 821 1714 prius-

78 1729 161 1756 quam
169 1718 203 1746 ad
214 1725 351 1757 peccatum
362 1719 484 1755 veniant,
498 1720 675 1748 refrenantur.
691 1726 738 1748 lv.
753 1723 817 1747 876.

77 1763 192 1792 Sanctus
215 1768 253 1790 est
275 1762 428 1801 inculpatus
442 1785 451 1798 ‚
475 1768 580 1798 rectus,
610 1773 713 1801 purus,
737 1772 820 1790 mun-

78 1806 142 1842 dus,
158 1806 191 1834 ab
206 1806 280 1834 omni
301 1805 509 1845 reprehensione
523 1805 635 1834 alienus.
656 1813 688 1834 V.
711 1810 777 1834 570.
793 1817 817 1834 11.

78 1850 192 1879 Sanctus
207 1849 254 1878 ille
268 1855 308 1878 est
323 1850 370 1887 qui
385 1849 447 1877 fidei
469 1849 602 1888 particeps
617 1856 657 1878 est
677 1856 702 1878 et
724 1850 819 1878 imma-

78 1893 201 1929 culatus,
218 1893 355 1930 vitamque
373 1892 454 1921 habet
472 1892 743 1932 irreprehensibilem.
773 1900 820 1922 Χ1.

80 1941 108 1965 5.
128 1947 156 1965 Ι).
173 1940 251 1965 676³.
267 1947 292 1965 c.

118 1981 227 2009 Sanctos
238 1990 290 2008 non
301 1979 336 2008 ob
349 1979 424 2018 signa
436 1980 567 2008 miramur
575 2003 583 2015 ,
596 1979 642 2008 sed
654 1980 728 2018 quod
738 1981 820 2009 vitam

78 2023 227 2062 angelicam
239 2023 423 2051 exhibuerint.
439 2030 460 2051 1.
480 2026 542 2051 167.
559 2034 577 2051 A
591 2028 653 2051 168.
667 2023 758 2052 Sancti
772 2023 821 2052 ho-

79 2067 165 2094 mines
178 2073 256 2101 sunt,
267 2076 314 2094 nec
324 2066 395 2094 alius
404 2073 507 2094 naturae
521 2067 673 2105 participes.
690 2074 722 2095 11.
740 2071 784 2097 16.
796 2077 820 2095 Ε.

79 2110 239 2139 Sanctorum
263 2109 395 2138 fortitudo
419 2110 521 2138 invicta
538 2116 563 2138 et
584 2110 760 2138 admirabilis.
785 2117 819 2140 11.

80 2158 144 2182 689.
163 2165 189 2182 1).
205 2154 245 2182 Ut
259 2160 464 2193 persequutores
477 2153 643 2182 lucrifaciant
655 2176 662 2190 ‚
679 2154 769 2182 omnia
779 2154 822 2182 fa-

80 2196 154 2225 ciunt
168 2197 265 2225 sancti.
279 2204 312 2227 11.
335 2202 396 2226 194.
422 2208 449 2226 A.
475 2197 634 2226 Sanctorum
650 2207 701 2226 non
718 2204 822 2225 tantum

78 2240 170 2273 verba,
189 2239 235 2268 sed
257 2247 283 2269 et
305 2240 362 2279 ipse
378 2241 470 2270 vultus
490 2241 576 2278 gratia
602 2241 737 2279 spirituali
764 2241 822 2279 plc-

80 2293 130 2311 nus
149 2290 198 2313 est.
223 2290 256 2312 11.
272 2288 317 2312 42.
339 2295 366 2312 A.
385 2284 452 2312 Cum
465 2284 530 2312 filiis
545 2284 734 2323 spiritualibus
753 2295 819 2312 mor-

80 2333 133 2356 tem
144 2348 151 2362 ‚
171 2337 252 2364 quam
265 2326 322 2355 sine
341 2327 394 2355 illis
406 2328 507 2365 vitam,
522 2327 672 2356 dulciorem
687 2338 742 2356 csse
768 2338 821 2365 pu-

81 2377 148 2399 tant.
179 2372 224 2398 lb.
251 2380 277 2398 B.
305 2371 465 2399 Sanctorum
490 2377 516 2398 et
541 2370 734 2409 prophetarum
748 2381 824 2398 amor

82 2424 144 2452 erga
159 2413 324 2442 contribules
340 2423 412 2441 suos.
431 2421 476 2442 Vl.
494 2418 521 2442 2.
538 2426 564 2442 A.
586 2414 699 2442 Illorum
727 2414 822 2442 animat

82 2466 145 2488 suut
179 2460 294 2488 fratrum
325 2466 460 2497 amantes,
498 2470 588 2488 amore
617 2467 755 2498 paternam
780 2470 823 2488 su-

82 2509 204 2541 perantes
225 2502 449 2531 benevolentiam.
462 2510 509 2532 VI.
530 2507 594 2531 334.
608 2513 632 2531 c.
647 2503 737 2532 Sancti
762 2513 824 2542 pec-

84 2553 140 2574 cata
162 2556 209 2574 sua
229 2545 324 2581 facilc,
348 2546 441 2574 laudes
455 2556 517 2575 vero
542 2556 604 2574 suas
618 2546 723 2574 nonnisi
740 2547 822 2574 coacti

85 2589 237 2619 enuntiant,
262 2595 306 2617 ttt.
331 2592 394 2618 352.
413 2599 437 2618 r.
453 2601 477 2616 A.
490 2590 597 2624 Quanto
611 2589 711 2628 majore
729 2590 823 2617 fruun-

1554 201 1571 211 ..7

1554 212 1621 246 077

878 280 922 302 tur
936 273 1054 308 honore,
1072 279 1144 302 tanto
1160 274 1243 313 magis
1259 272 1444 303 humiliantur.
1466 281 1509 305 vl.
1525 280 1569 303 79.
1588 285 1614 303 υ.

876 317 952 346 Ν11111
980 317 1097 356 proximi
1123 317 1203 345 saluti
1227 323 1401 356 anteponunt.
1429 325 1485 346 Vll.
1512 323 1559 346 78.
1586 329 1612 345 A.

917 361 1008 390 Sancti
1018 360 1045 388 in
1058 361 1185 389 aerumnis
1197 368 1345 389 versantur.
1362 368 1408 390 ΙΧ.
1418 365 1482 390 448.
1497 372 1522 389 c.
1534 360 1615 396 Quod

876 403 936 432 ideo
949 404 1008 432 fieri
1029 404 1086 433 vult
1102 405 1190 440 Deus,
1204 415 1236 433 nc
1250 404 1422 433 extollantur.
1440 412 1472 433 11.
1488 410 1534 436 11,
1551 415 1612 433 DAE.

878 448 969 476 Causa:
984 448 1065 476 varim
1079 459 1127 476 cur
1138 449 1210 476 Deus
1224 455 1326 477 sanctos
1341 449 1409 477 mala
1422 449 1524 488 perpeti
1537 448 1614 477 sinat.

877 501 909 522 11.
931 500 976 522 10.
1005 504 1034 522 n.
1063 500 1088 521 et
1102 504 1166 532 sqq.
1191 494 1302 522 Sanctos
1322 495 1395 522 Deus
1410 494 1507 533 probat
1524 494 1615 533 potius

876 547 956 575 quam
971 547 1071 575 segnes.
1088 544 1109 565 1.
1127 542 1191 565 218.
1209 548 1233 565 n.
1259 548 1284 565 c.
1298 539 1327 566 In
1341 538 1471 575 angustiis
1485 538 1570 567 sancti
1584 537 1611 565 in

877 580 969 608 Deum
987 579 1115 608 fiduciam
1136 579 1295 608 habuerunt.
1324 588 1345 612 1.
1368 586 1431 610 227.
1449 592 1473 610 11.
1493 593 1518 609 c.
1542 582 1615 610 Deus

877 623 965 652 adhuc
980 624 1042 652 illos
1053 624 1081 652 in
1096 625 1228 652 continuis
1244 625 1411 654 cruciatibus
1422 626 1522 655 versari
1532 625 1611 659 sinit,

877 674 906 695 ut
920 667 1078 706 persuadeat
1092 667 1152 696 aliis
1163 678 1206 696 eos
1218 668 1339 697 homines
1359 679 1426 698 esse.
1444 677 1477 698 11.
1492 674 1535 698 13.
1550 680 1573 697 c.
1589 675 1614 697 et

877 718 906 739 ut
917 711 998 740 simul
1013 722 1088 740 suam
1099 711 1216 740 declaret
1229 712 1385 751 potentiam,
1399 719 1424 741 et
1436 712 1545 741 illorum
1560 713 1615 741 vir-

876 761 919 783 tus
934 762 1118 793 cognoscatur.
1135 763 1154 784 1.
1172 760 1226 784 932
1255 767 1285 787 D.
1301 757 1460 785 Sanctorum
1479 767 1612 785 :erumno-

877 808 967 827 sorum
988 799 1141 838 exemplum
1162 800 1372 829 consolationem
1397 801 1504 829 afflictis
1530 801 1614 829 affert.

878 849 909 870 11.
922 847 965 871 15.
979 853 1001 870 13.
1017 843 1106 872 Sancti
1117 854 1201 881 neque
1209 844 1405 872 calamitatibus
1417 845 1535 884 absorpti
1545 851 1616 879 sunt,

877 896 962 923 neque
975 887 1098 916 secundis
1113 888 1193 916 rebus
1207 888 1341 917 molliores
1354 899 1472 919 evasere.
1497 896 1530 917 11.
1551 893 1614 916 359.

877 940 902 958 c.
918 930 1007 959 Sancti
1021 941 1126 970 semper
1138 932 1292 967 mirabiles,
1313 931 1362 960 sed
1377 932 1495 960 maxime
1506 931 1613 970 quando

877 974 904 1001 in
917 974 1036 1012 periculo
1052 982 1160 1014 propter
1176 975 1314 1004 Christum
1333 982 1484 1004 versantur.
1508 982 1553 1004 XI.
1569 980 1614 1004 80.

879 1028 903 1046 c.
926 1018 1086 1047 Sanctorum
1099 1029 1224 1047 aerumnae
1248 1019 1468 1048 resurrectionem
1491 1019 1614 1058 probant.

876 1068 909 1089 11.
926 1065 969 1090 15.
985 1072 1006 1089 B.

915 1105 1006 1133 Sancti
1018 1116 1071 1134 non
1086 1106 1168 1135 modo
1181 1117 1227 1145 per
1241 1106 1390 1135 doctrinam
1399 1129 1407 1143 ‚
1422 1106 1467 1135 scd
1478 1106 1557 1135 etiam
1568 1116 1618 1145 per

875 1159 980 1178 omnem
1006 1151 1234 1179 conversationem
1263 1161 1339 1179 suam
1367 1161 1414 1179 nos
1440 1150 1544 1179 docent.
1568 1157 1615 1179 111.

875 1198 940 1222 211.
959 1203 986 1222 A.
1005 1193 1069 1221 Ideo
1084 1203 1135 1222 non
1151 1195 1237 1223 solum
1251 1194 1321 1222 bona
1348 1205 1427 1233 opera
1444 1205 1537 1223 eorum
1551 1205 1617 1233 pro-

874 1235 997 1276 ponenda
1009 1259 1016 1273 ‚
1035 1236 1082 1265 sed
1096 1237 1177 1266 etiam
1201 1244 1307 1276 peccata
1323 1260 1331 1273 ‚
1348 1244 1377 1266 ut
1392 1238 1448 1266 haec
1461 1238 1596 1276 fugiamus
1606 1260 1615 1273 ,

874 1281 920 1309 illa
944 1291 1007 1309 vero
1033 1280 1179 1312 imitemur.
1203 1289 1246 1310 lv.
1264 1286 1328 1310 325.
1347 1293 1371 1311 u.
1397 1281 1529 1321 Exempla
1554 1292 1618 1310 san-

874 1331 978 1353 ctorum
1003 1324 1081 1353 nobis
1104 1325 1233 1353 imitanda
1252 1325 1375 1364 proponit
1393 1326 1543 1364 Scriptura.
1569 1333 1614 1355 lv.

872 1373 940 1397 634.
964 1379 990 1396 c.
1017 1369 1110 1397 Sancti
1139 1379 1249 1407 corpore
1270 1368 1379 1406 quidem
1404 1369 1503 1398 mortui
1514 1392 1521 1405 ‚
1539 1369 1616 1398 nobis

874 1418 961 1440 tamen
989 1411 1087 1440 adsunt
1114 1418 1138 1440 et
1162 1413 1276 1448 vivunt,
1298 1422 1346 1450 per
1372 1412 1444 1440 dicta
1467 1413 1567 1441 scilicet
1591 1420 1617 1441 et

873 1455 1014 1494 exempla,
1031 1466 1090 1493 quae
1105 1456 1201 1483 animae
1223 1465 1315 1484 eorum
1333 1456 1467 1494 imagines
1490 1463 1560 1484 sunt.
1582 1463 1612 1484 V.

874 1503 939 1528 635.
957 1500 1115 1528 Sanctorum
1135 1499 1263 1527 memoria
1279 1499 1418 1538 speculum
1442 1506 1494 1536 051,
1518 1499 1544 1528 in
1563 1511 1616 1538 quo

873 1541 1066 1570 deformitatem
1082 1548 1201 1570 nostram
1218 1541 1360 1579 videmus,
1377 1550 1402 1571 et
1417 1543 1443 1571 iu
1459 1543 1614 1583 pulchritu-

874 1586 964 1614 dinem
976 1592 1110 1614 mutamus
1123 1607 1130 1620 ‚
1151 1585 1173 1613 si
1188 1586 1312 1615 velimus.
1332 1593 1391 1615 x'tt.
1409 1592 1454 1615 71.
1474 1598 1501 1617 A.

914 1630 1072 1658 Sanctorum
1086 1636 1111 1657 et
1123 1636 1273 1668 martyrum
1288 1631 1452 1659 intercessio.
1470 1638 1490 1659 1.
1504 1635 1567 1659 836.
1583 1641 1608 1660 11.

874 1684 900 1702 e.
934 1680 966 1701 11.
995 1677 1058 1701 625.
1094 1684 1120 1701 A.
1145 1672 1171 1700 in
1193 1673 1400 1702 calamitatibus.
1429 1681 1475 1703 Π.
1498 1679 1562 1703 318.
1584 1686 1610 1704 e.

875 1721 938 1745 319.
950 1716 991 1744 Ad
1003 1725 1094 1754 preces
1108 1722 1262 1744 sanctorum
1273 1717 1492 1755 confugiendum,
1503 1725 1527 1746 et
1538 1728 1613 1747 orau-

874 1760 939 1789 dum
959 1766 996 1787 est
1018 1766 1047 1786 ut
1062 1759 1102 1786 illi
1118 1770 1168 1798 pro
1184 1760 1262 1788 nobis
1286 1760 1462 1789 intercedant.
1480 1768 1525 1790 lv.
1550 1766 1613 1791 519.

875 1815 901 1834 c.
920 1813 1031 1841 magnas
1046 1803 1146 1841 quippe
1163 1803 1233 1832 vires
1250 1804 1305 1832 istae
1320 1804 1428 1833 habent.
1447 1812 1480 1833 V.
1499 1810 1563 1834 232.
1582 1818 1611 1834 D.

874 1848 910 1877 ita
928 1855 1031 1881 tamen,
1047 1847 1068 1875 si
1088 1857 1136 1875 nos
1152 1847 1334 1886 poenitentiam
1354 1859 1461 1886 agamus
1477 1856 1502 1877 et
1521 1849 1616 1888 resipi-

873 1903 986 1921 scamus.
1004 1899 1061 1920 YH.
1078 1895 1123 1919 92.
1147 1902 1173 1920 c.
1202 1891 1294 1922 Sancti
1310 1891 1454 1920 invocandi
1469 1900 1550 1929 sunt,
1567 1893 1611 1922 sed

874 1936 910 1964 ita
925 1942 955 1963 ut
969 1946 1002 1964 ne
1013 1934 1176 1973 negligentes
1190 1935 1291 1971 simus,
1305 1935 1422 1974 ipsisque
1435 1936 1498 1964 solis
1508 1946 1549 1964 res
1563 1947 1614 1965 no-

874 1987 941 2010 stras
955 1980 1163 2009 committamus.
1179 1987 1235 2008 VH.
1254 1985 1298 2008 94.
1311 1991 1337 2008 A.
1357 1988 1404 2009 Χ1.
1423 1985 1486 2009 621.
1504 1993 1531 2010 E.
1547 1982 1613 2010 San-

875 2032 978 2053 ctorum
989 2047 996 2061 ‚
1011 2024 1068 2053 sive
1082 2023 1209 2052 Ecclesiae
1220 2047 1227 2061 ‚
1237 2030 1365 2062 quantam
1381 2025 1436 2053 vim
1445 2025 1540 2054 habeat
1549 2036 1612 2054 ora-

874 2069 968 2097 tio-X.
986 2072 1051 2096 505.
1067 2078 1092 2096 C.

914 2112 1071 2140 Sanctorum
1084 2117 1234 2149 martyrum
1246 2111 1368 2149 sepulcra
1384 2111 1506 2148 quaedam
1518 2120 1610 2143 contra

874 2154 1007 2183 daemones
1017 2153 1210 2192 potentissima.
1224 2161 1243 2182 1.
1260 2158 1324 2182 219.
1337 2164 1394 2182 fi-A.
1404 2156 1615 2193 Frequentantur

875 2209 891 2226 a
904 2198 966 2226 totis
977 2196 1143 2226 civitatibus.
1160 2204 1194 2226 V.
1211 2202 1275 2225 377.
1292 2209 1318 2226 A.
1336 2198 1433 2236 Regias
1447 2199 1520 2228 aulas
1532 2211 1613 2240 supe*

875 2248 951 2276 rant,
969 2247 994 2269 et
1009 2241 1036 2268 in
1050 2240 1160 2268 illorum
1181 2241 1309 2269 honorem
1333 2240 1389 2269 dies
1404 2242 1462 2270 festi
1477 2243 1613 2273 celebran-

875 2292 929 2313 tur.
947 2292 980 2313 x.
996 2289 1061 2312 741.
1078 2295 1104 2313 A.
1119 2294 1143 2311 B.
1159 2284 1277 2322 Corpora
1293 2291 1445 2313 sanctorum
1459 2296 1614 2327 nuncupan-

876 2334 920 2355 tur
934 2328 1018 2355 fontes
1031 2349 1039 2362 ,
1061 2332 1087 2354 01
1107 2325 1227 2363 radices,
1251 2333 1276 2354 et
1298 2334 1431 2364 unguenta
1455 2330 1615 2368 spiritualia.

877 2378 909 2399 11,
927 2375 990 2399 722.
1006 2380 1034 2401 c.
1051 2369 1157 2404 Quovis
1173 2369 1343 2398 adamantino
1367 2377 1392 2398 et
1410 2371 1614 2411 inexpugnabili

876 2425 953 2443 muro
967 2414 1051 2442 tutius
1066 2413 1145 2441 urbes
1164 2413 1298 2441 muniunt.
1323 2421 1356 2442 11.
1374 2419 1438 2444 834.
1457 2427 1481 2445 c,
1502 2417 1613 2447 Illorum

877 2457 1016 2497 praesentia
1033 2456 1185 2485 daemonum
1208 2456 1279 2484 ‹rires
1294 2456 1382 2485 reddit
1400 2457 1560 2489 imbecillas.
1580 2469 1611 2490 V.

878 2506 942 2530 116.
956 2512 981 2531 n.

916 2544 1018 2573 Sancti.
1037 2544 1129 2571 Varia
1150 2543 1185 2571 de
1206 2543 1330 2572 Sanctis.
1348 2545 1436 2573 Sancti
1452 2547 1548 2576 nostris
1562 2558 1612 2577 nou

877 2595 953 2627 egent
970 2586 1097 2615 laudibus
1107 2609 1114 2623 ,
1127 2587 1230 2615 50111105
1244 2587 1299 2615 illis
1314 2598 1421 2626 egemus
1434 2613 1441 2624 ,
1458 2597 1486 2619 ut
1497 2591 1530 2619 ad
1546 2591 1615 2631 ipso-

1433 2645 1480 2674 24.
