1884 2922
762 223 865 250 INDEX
894 226 1018 251 RERUM.

113 294 141 313 n.
169 285 236 325 Ejus
251 286 417 325 hospitalitas
444 294 468 315 et
489 294 579 316 caetera
600 288 699 316 officia.
722 291 765 317 Ib.
787 300 850 328 sqq.

113 329 241 359 fortitudo
264 331 290 358 in
318 331 444 359 :erumnis
464 331 637 370 perferendis.
668 340 714 361 111.
735 337 801 364 099.
826 343 852 361 D.

111 374 268 402 constantia.
285 379 349 403 724.
369 386 394 402 B.
409 375 476 413 Ejus
490 375 591 404 laudes.
607 380 670 404 727.
685 386 712 406 E.

151 417 293 456 Olympias
318 425 416 455 quanta
441 418 581 457 pertulerit
597 419 728 456 convicia,
744 426 856 457 quantas

111 460 278 496 calumnias,
296 461 468 490 contumelias
488 470 512 490 et
529 463 701 492 calamitates.
720 471 767 491 III.
788 468 852 492 677.

112 502 270 542 Olympiadi
283 513 309 533 et
321 506 422 533 caeteris
433 506 525 534 amicis
541 506 727 546 Chrysostomi
739 507 854 535 incendii

110 547 210 575 crimen
234 548 261 576 in
283 549 392 587 publico
407 550 536 578 tribunali
552 550 696 588 objectum.
723 558 769 580 111.
786 555 851 579 707.

110 592 199 620 Patria
221 593 332 631 expulsa
345 600 382 620 est
396 615 402 627 ‚
427 593 507 622 domo
521 601 545 622 et
561 595 678 632 cognatis
694 595 797 633 privata
807 616 814 629 ‚
826 595 852 622 in

110 635 234 663 exsilium
247 636 338 664 missa.
352 642 418 665 701.
431 648 457 668 c,
474 638 583 666 civitate
597 639 683 677 pulsa,
694 639 852 678 proscripta,

112 679 193 707 variis
208 679 297 708 modis
312 681 456 718 exagitata.
474 686 540 710 725.
557 692 583 711 c.

150 723 341 762 Olympiadem
365 724 399 752 ob
425 725 572 753 absentiam
602 725 687 764 ipsius
719 725 852 754 dolentem

111 767 264 794 consolatur
277 767 497 806 Chrysostomus.
510 776 556 797 III.
566 774 630 798 658.
643 781 669 798 A.
678 770 718 797 De
729 770 855 798 aerumnis

110 809 297 848 Chrysostomi
308 810 388 838 valde
399 810 471 839 dolet
486 818 511 839 et
523 813 641 850 angitur.
668 818 770 842 714-n.
783 818 852 842 715.

112 852 155 880 Ex
171 863 284 882 moerore
307 854 333 882 in
354 855 479 883 morbum
498 855 608 884 labitur.
628 861 692 885 693.
710 867 737 885 D.
754 857 854 885 Morbis

109 896 237 926 afficitur.
254 902 318 926 677.
333 902 397 926 686.
414 909 437 928 n.
452 901 495 928 Ib.

151 940 271 968 Omxmx
287 941 399 969 vanitas.
426 949 470 972 tv.
486 947 549 970 373.
561 954 586 972 n.
604 943 732 971 Ominum
744 944 854 973 insaniae

110 983 189 1011 multi
202 994 229 1011 se
242 984 375 1012 dedebant
395 991 513 1024 tempore
530 986 728 1025 Chrysostomi.
747 994 792 1016 VI.
806 992 851 1016 32.

111 1038 135 1055 Β.
146 1028 169 1054 A
181 1027 318 1055 nonnullis
326 1027 404 1055 etiam
419 1028 581 1068 Christianis
593 1029 802 1058 adhibebantur.
819 1039 853 1061 x.

110 1074 175 1098 794.
192 1070 290 1098 Omina
306 1070 484 1109 repudianda.
498 1079 542 1100 Vt.
562 1077 605 1102 32,
627 1084 654 1101 c.
668 1073 765 1102 Omina
782 1074 855 1103 varia

109 1113 261 1142 referuntur
276 1121 300 1142 et
314 1114 486 1145 damnantur.
514 1123 546 1144 11.
569 1121 632 1144 286.
651 1127 674 1144 Β.
697 1128 722 1145 c.
736 1125 770 1146 Χ.
788 1123 853 1146 794.

110 1163 158 1185 XI.
179 1163 243 1186 108.

151 1201 261 1236 Onnes,
276 1210 448 1240 usurpatum
462 1214 515 1241 pro
532 1206 639 1243 majori
651 1213 737 1243 parte
753 1208 783 1234 in
802 1207 857 1234 hoc

110 1246 200 1272 verbo
223 1246 349 1283 psalmi,
373 1247 472 1274 Omnes
498 1247 711 1285 declinaverunt,
738 1257 792 1279 elc.
824 1257 855 1278 V.

113 1292 178 1317 680.
194 1299 221 1317 Ε.
236 1300 262 1316 A.

151 1333 248 1361 Omnia
268 1334 323 1371 jam
337 1340 397 1362 sunt
412 1344 491 1369 nova,
505 1334 650 1372 quomodo.
670 1343 704 1364 x.
724 1340 788 1364 605.
806 1347 833 1364 D.

151 1377 296 1408 omezios.
309 1388 393 1412 ursos,
409 1378 550 1416 variasque
569 1379 636 1406 feras
651 1380 729 1407 multi
746 1380 851 1409 alebant

110 1427 229 1458 tempore
240 1421 439 1460 Chrysostomi.
456 1429 526 1451 vlu.
544 1427 608 1451 324.
621 1434 646 1450 13.

149 1465 276 1492 Oxesrcn
285 1475 351 1493 irrr:
363 1465 455 1493 scribit
467 1467 685 1504 Chrysostomus.
700 1473 844 1497 111.853,c.

111 1508 200 1545 Hujus
211 1508 265 1536 filia
283 1509 361 1536 modo
375 1509 499 1537 defuncta
515 1517 580 1538 erat.
592 1511 637 1538 ΙΙ).

151 1551 296 1580 OM-:smcs
307 1562 403 1580 servus
415 1552 588 1587 Philemonis,
599 1554 676 1591 cujus
687 1554 770 1591 gratia
786 1556 854 1583 Pau-

111 1593 154 1622 lus
163 1595 269 1633 scripsit
281 1596 420 1634 epistolam
430 1596 462 1624 ad
473 1597 664 1625 Philemonem.
677 1605 697 1626 1.
712 1603 757 1626 37.
770 1610 795 1627 A.
807 1604 853 1627 38.

111 1644 156 1666 lx.
179 1644 242 1667 463.
255 1650 281 1669 c.
300 1647 345 1668 XI.
360 1645 422 1668 839.
436 1651 460 1668 1³.
474 1651 535 1681 sqq,
562 1642 686 1679 quisnam
698 1643 789 1670 suerit.
806 1650 852 1673 ΧΙ.

111 1686 176 1711 839,
192 1692 215 1709 Β.
228 1687 291 1710 840.
306 1682 385 1710 Hunc
399 1683 455 1711 sine
472 1683 528 1711 heri
540 1694 668 1712 consensu
684 1685 783 1713 Paulus
802 1696 853 1713 no-

110 1725 162 1753 luit
183 1726 305 1754 retinere.
332 1734 376 1755 XI.
400 1732 464 1756 841.
492 1738 519 1757 n.
545 1728 645 1755 Filium
661 1739 740 1756 suum
763 1736 849 1758 vocat.

110 1775 158 1797 XI.
180 1774 243 1798 850.
269 1781 295 1797 A.
322 1774 386 1798 851.
409 1770 581 1799 Onesimusa
597 1771 681 1798 Paulo
708 1782 852 1800 conversus

112 1811 217 1850 ipsique
229 1813 312 1841 utilis.
330 1820 377 1841 tx.
392 1818 454 1842 463.
474 1824 499 1841 Β.
517 1825 543 1841 c.
561 1814 622 1852 lpse
635 1821 672 1842 est
688 1814 722 1843 de
735 1825 786 1852 quo
800 1826 855 1844 me·

110 1855 188 1884 minit
204 1856 304 1885 Paulus
319 1857 438 1885 scribens
451 1857 484 1886 ad
500 1858 680 1889 Colossenses.
699 1860 742 1887 ΙΙ).

150 1900 344 1928 Oxesrrnones
369 1911 402 1929 ex
427 1901 611 1929 misericordia
641 1901 731 1930 salvus
743 1925 749 1937 ‚
767 1903 851 1931 multo

114 1944 199 1981 magis
213 1954 271 1972 nos·
284 1951 329 1974 XI.
345 1949 411 1973 727.
427 1955 451 1973 r.

152 1988 251 2015 OPERA
263 1988 312 2016 Dei
324 1990 380 2027 ejus
391 1987 587 2027 providentiam
598 1988 850 2019 laudant.x·.565.A.

111 2042 170 2070 sqq.
189 2031 326 2059 Mirabilia
346 2043 424 2070 opera
442 2032 500 2066 Dei,
515 2039 540 2060 et
555 2031 600 2069 qui
616 2042 645 2059 ea
660 2032 757 2060 audent
770 2043 854 2060 accu-

110 2084 180 2109 sare,
200 2085 254 2102 suae
281 2076 402 2103 stultitiae
430 2082 618 2113 argumentum
642 2076 792 2113 proferunt.
818 2083 851 2104 V.

111 2121 174 2145 318Δ
192 2128 219 2145 E.
233 2129 259 2145 A.
277 2119 365 2157 Opera
388 2120 444 2158 ipsa
460 2118 512 2146 Dei
535 2119 623 2146 Deum
645 2118 789 2147 celebrant.
820 2126 851 2147 V.

110 2165 155 2189 18.
168 2168 255 2190 c,v1,
274 2167 337 2190 169.
352 2173 379 2190 A.
393 2173 459 2201 sqq.

157 2205 252 2241 Opera
280 2207 334 2233 Dei
367 2217 426 2233 non
457 2209 609 2244 capimzts;
634 2207 726 2234 multo
759 2211 854 2235 minus

107 2247 215 2275 Deum.
231 2254 275 2275 VI.
290 2253 353 2277 493.
371 2260 391 2276 Β.
413 2251 507 2288 Opera
522 2252 585 2288 ipsa
597 2256 771 2288 potestatem
782 2261 849 2278 ver-

109 2291 138 2317 hi
152 2291 207 2317 Dei
219 2292 355 2328 probant.
371 2299 417 2319 VI.
432 2298 496 2321 489.
515 2304 543 2321 n.
559 2303 585 2320 E.
605 2297 670 2321 490.

149 2333 239 2370 Opera
251 2334 378 2362 exhibere
392 2336 465 2362 sortis
481 2343 505 2363 et
524 2336 614 2374 magni
629 2335 710 2363 animi
726 2342 779 2369 est3
793 2346 855 2363 ver—

108 2376 151 2405 bis
160 2376 345 2414 philosophari
361 2378 446 2405 facile.
459 2385 528 2406 vlu.
540 2384 604 2407 540.
619 2390 649 2407 n.
666 2379 756 2417 Opera
768 2381 855 2416 magis

110 2430 192 2457 quarn
206 2420 286 2447 verba
309 2421 431 2450 suadent.
446 2428 478 2449 11.
493 2427 558 2449 778.
575 2433 601 2450 c.
620 2429 680 2450 vu.
695 2427 757 2450 227.
774 2434 800 2452 A,
818 2429 852 2450 x.

109 2467 153 2491 52.
180 2473 206 2490 c.
232 2463 319 2501 Opera
343 2474 394 2491 non
411 2465 546 2492 sufficiunt
567 2464 601 2492 atl
625 2464 792 2501 docendum,
808 2465 853 2493 sed

111 2507 258 2534 necessaria
284 2514 322 2535 est
347 2508 427 2536 etiam
446 2508 578 2536 doctrina.
598 2515 619 2536 I.
644 2513 705 2536 506.
723 2521 747 2537 A.
765 2510 854 2548 Opera

112 2549 289 2586 requiruntur
303 2550 329 2578 in
346 2551 478 2580 auditore.
492 2556 599 2581 v.33o.
614 2562 640 2581 Β.
653 2562 679 2580 c.
699 2553 788 2590 Opera
804 2552 854 2581 nisi

114 2592 257 2629 addantur,
272 2594 356 2632 legem
369 2595 461 2623 audire
474 2595 635 2634 nihiljuvat.
650 2602 695 2626 IX.
712 2600 775 2624 516.
790 2606 813 2624 Β.

1583 217 1652 265 329

951 290 1038 327 Opera
1055 289 1200 317 necessaria
1216 295 1287 322 sunt,
1312 299 1357 317 nec
1368 288 1468 317 sufficit
1480 289 1553 318 nuda
1569 290 1644 319 fides.

911 339 955 359 XL
969 336 1031 360 328.
1051 342 1078 362 Β.
1094 332 1182 370 Opera
1197 331 1260 360 fidei
1278 331 1412 369 addenda,
1424 342 1472 360 nec
1483 332 1581 360 sufficit
1592 343 1648 362 cre—

909 374 982 404 dere.
1008 382 1052 404 XI.
1073 379 1137 404 424.
1162 386 1188 404 A.
1212 376 1302 414 Opera
1323 386 1384 404 cum
1404 375 1541 414 precibus,
1558 387 1648 416 preces

908 429 970 446 cum
996 419 1122 458 operibus
1143 419 1287 457 jungendae
1304 426 1377 448 sunt.
1392 427 1439 448 lx.
1455 425 1518 449 833.
1534 432 1560 449 Α.
1574 422 1649 459 Ope-

908 472 937 490 ra
959 463 1016 501 ipsa
1038 463 1065 490 in
1082 462 1199 491 oratione
1213 463 1404 492 exaudiuntur.
1428 471 1459 492 V.
1487 468 1530 492 14.
1556 474 1582 491 r.
1597 465 1649 492 Per

908 511 987 540 opera
1002 502 1135 540 praecipue
1153 503 1221 530 Deus
1236 502 1485 539 glorificandusest.
1501 510 1569 532 vm.
1584 508 1646 531 355.

908 555 1007 583 perque
1028 556 1057 573 ea
1079 545 1158 583 diligi
1182 546 1286 583 quaerit.
1313 553 1380 574 ΠΗ.
1414 551 1478 575 502.
1509 557 1537 575 D.
1561 547 1649 585 Opera

907 590 1004 617 melius
1016 600 1096 627 quam
1107 590 1188 618 verba
1204 590 1331 618 exhibent
1345 599 1472 617 amorem.
1491 596 1561 620 VIII.
1582 595 1644 619 137.

907 643 934 661 C.
949 634 1094 671 Operibus,
1111 643 1162 661 non
1179 634 1262 671 gratia
1272 640 1376 662 tantum
1387 656 1394 670 ‚
1410 639 1513 672 oportet
1528 633 1648 662 homines

908 686 964 704 esse
978 677 1026 705 Dei
1042 677 1121 705 filios.
1137 684 1192 705 VII.
1209 682 1272 706 290.

947 720 1035 759 Opera
1058 720 1127 748 bona
1153 731 1286 757 quamam.
1304 727 1350 749 1x.
1376 725 1440 749 708.
1465 731 1490 748 E.
1512 732 1537 749 A.
1558 732 1582 750 n.
1600 728 1646 751 IV.

908 767 973 791 465.
989 774 1004 792 Β
1028 774 1054 791 c.
1066 764 1134 792 Sunt
1149 763 1327 801 eleemosyna,
1345 764 1441 799 oratio,
1457 763 1582 793 laesorum
1599 776 1648 804 pa-

908 807 1061 841 trocinium,
1077 813 1126 835 etc.
1145 813 1203 834 vu.
1218 811 1282 834 453.
1297 817 1322 834 Β.

947 851 1035 889 Opera
1059 850 1127 878 bona
1151 850 1295 878 necessaria
1318 857 1391 881 sunt.
1410 858 1440 878 V.
1456 855 1519 880 252.
1537 863 1562 882 B.
1585 852 1649 881 Sine

907 894 1032 932 operibus
1046 894 1124 922 honis
1136 893 1259 922 doctrina
1269 893 1338 921 nihil
1349 893 1468 932 prodest.
1479 901 1550 924 VIII.
1564 899 1610 925 50.
1623 907 1648 923 A.

907 939 994 977 Opera
1007 938 1156 966 doctrinam
1173 937 1321 976 praecedere
1335 936 1442 965 debent.
1460 944 1504 966 IV.
1518 942 1565 966 75.
1580 949 1607 967 c.
1621 949 1648 967 D.

907 989 932 1010 et
946 982 1026 1010 fidem
1049 982 1131 1020 sequi.
1147 989 1193 1010 IV.
1208 986 1272 1009 238.
1291 992 1317 1009 A.
1339 982 1428 1019 Opera
1441 981 1510 1009 bona
1524 992 1648 1010 exercere

906 1032 931 1054 et
942 1037 955 1054 a
970 1026 1084 1065 peccatis
1098 1025 1230 1054 abstinere
1245 1024 1384 1052 debemus.
1403 1031 1436 1053 V.
1451 1029 1497 1054 23.
1516 1035 1542 1053 Ε.
1558 1036 1585 1053 Λ.

946 1070 1036 1108 Opera
1056 1070 1139 1102 bona,
1164 1079 1214 1097 non
1235 1068 1365 1096 miracula
1379 1090 1386 1103 ,
1402 1068 1516 1096 salutem
1540 1076 1645 1107 parant.

906 1120 952 1141 111.
968 1118 1013 1143 79,
1025 1124 1051 1142 c.
1065 1124 1090 1142 ι).
1104 1112 1145 1140 Ad
1157 1119 1326 1151 peccatorum
1344 1112 1448 1139 veniam
1464 1111 1643 1150 imputantur.

909 1164 953 1184 111.
971 1161 1014 1185 12,
1027 1167 1055 1185 D.
1072 1157 1174 1185 Saltem
1186 1154 1281 1183 inferni
1293 1154 1426 1193 supplicia
1441 1154 1575 1190 minuunt,
1587 1165 1649 1183 cum

908 1200 986 1228 malis
1000 1201 1080 1228 etiam
1102 1201 1253 1238 conjuncta.
1272 1206 1293 1226 Ι.
1316 1203 1362 1226 40.
1377 1209 1392 1226 c
1421 1209 1449 1227 D.
1467 1203 1511 1226 41.
1528 1209 1554 1226 E.
1576 1199 1649 1237 Ope-

908 1254 966 1271 rum
989 1243 1121 1272 bonorum
1138 1253 1188 1270 non
1210 1253 1259 1281 par
1279 1251 1378 1269 merces
1393 1241 1528 1280 proposita
1548 1242 1598 1270 fuit
1615 1242 1648 1270 iis

910 1290 955 1326 qui
974 1299 997 1315 in
1015 1298 1083 1316 nova
1094 1295 1171 1325 atque
1184 1287 1216 1314 iis
1230 1286 1276 1323 qui
1296 1286 1321 1313 in
1336 1285 1442 1323 antiqua
1454 1285 1511 1323 lege
1526 1286 1646 1314 suerunt.

910 1339 930 1361 1.
948 1337 1010 1360 409.
1023 1343 1049 1360 n.
1063 1342 1088 1359 E.
1106 1338 1130 1359 et
1146 1330 1250 1358 merito.
1266 1331 1309 1357 lh.
1325 1334 1388 1357 410.
1407 1329 1494 1367 Opera
1509 1329 1577 1357 bona
1600 1330 1648 1358 etsi

910 1386 960 1403 non
973 1375 1119 1403 admodum
1134 1374 1259 1413 perfecta,
1281 1372 1450 1410 suscipienda
1466 1379 1552 1400 tamen
1565 1383 1595 1401 ae
1608 1374 1648 1401 so-

909 1419 995 1448 venda
1010 1425 1087 1455 sunt,
1102 1426 1131 1446 ut
1145 1417 1177 1446 ad
1192 1417 1295 1455 majora
1315 1416 1492 1444 deducantur.
1511 1423 1568 1444 VII.
1582 1421 1647 1445 866.

909 1474 937 1491 ι).
955 1474 981 1491 E.

950 1508 1037 1547 Opera
1059 1507 1127 1535 bona
1145 1506 1233 1534 omnia
1258 1505 1307 1534 Dei
1327 1505 1430 1534 auxilio
1450 1504 1564 1542 agimus.
1587 1511 1646 1533 VII.

909 1556 974 1581 316.
988 1563 1016 1580 D.
1034 1552 1099 1580 [ln
1115 1551 1146 1579 iis
1163 1552 1235 1578 Deus
1255 1550 1321 1588 agit,
1335 1556 1359 1577 et
1374 1560 1421 1577 nos
1443 1558 1503 1576 eum
1521 1549 1586 1575 Deo.
1602 1555 1647 1576 XI.

908 1600 972 1624 227.
986 1605 1012 1624 Ε.
1027 1606 1053 1622 r.
1066 1607 1091 1623 A.
1104 1606 1128 1622 Β.
1144 1597 1163 1622 Α
1180 1594 1289 1622 caritate
1303 1593 1405 1621 Christi
1421 1599 1444 1620 et
1460 1603 1473 1620 a
1488 1598 1576 1620 nostra
1590 1592 1648 1620 vir-

909 1645 964 1666 tute
977 1639 1055 1668 fiunt.
1070 1645 1114 1667 XI.
1130 1643 1155 1666 5.
1168 1649 1193 1666 n.
1206 1649 1230 1665 ε.
1244 1649 1270 1665 r.
1288 1637 1337 1665 Dei
1354 1636 1454 1664 auxilio
1467 1643 1491 1664 et
1503 1646 1582 1673 opera
1598 1646 1647 1664 no-

907 1689 961 1711 stra
977 1689 1015 1710 est
1037 1693 1114 1721 opuS.
1138 1689 1195 1710 VII.
1223 1685 1322 1709 etiae.
1340 1692 1367 1708 A.
1392 1680 1480 1718 Opera
1502 1679 1571 1706 hona
1588 1679 1646 1707 sine

907 1726 1074 1754 cunctatione
1089 1724 1238 1764 peragenda
1253 1730 1324 1752 sunt.
1342 1730 1400 1752 vu.
1416 1728 1479 1751 250.
1496 1733 1524 1750 A.

947 1770 1044 1808 Operis
1053 1769 1117 1796 boni
1140 1769 1211 1796 solus
1238 1768 1309 1795 Deus
1328 1773 1460 1805 spectator
1475 1765 1645 1803 quaerendus.

908 1821 954 1843 XI.
974 1817 1037 1841 802.
1059 1824 1082 1842 Β,
1097 1823 1160 1850 sqq.
1179 1813 1227 1839 Per
1242 1812 1309 1839 sacta
1326 1821 1406 1848 opera
1429 1811 1485 1838 Deo
1499 1809 1644 1838 adstamus.

908 1863 941 1885 V.
955 1862 1000 1885 39.
1018 1867 1044 1885 c.
1062 1861 1105 1884 40.
1118 1857 1206 1894 Opera
1221 1855 1291 1883 bona
1305 1861 1367 1882 tunc
1386 1863 1481 1891 magna
1499 1860 1571 1887 sunt,
1585 1863 1646 1881 cum

907 1910 957 1928 non
983 1911 1038 1928 esse
1061 1910 1156 1938 magna
1185 1905 1318 1938 putamus.
1335 1904 1393 1925 vu.
1411 1901 1454 1925 49.
1470 1897 1557 1934 Opera
1577 1896 1647 1924 hona

906 1943 1048 1979 oblivioni,
1061 1950 1168 1982 peccata
1183 1952 1246 1971 vero
1271 1941 1404 1969 memoriae
1430 1939 1557 1967 tradenda
1574 1946 1646 1967 sunt.

908 1994 964 2016 V11.
985 1992 1030 2015 47.
1045 1988 1134 2025 Opera
1150 1986 1217 2014 hona
1233 1985 1363 2018 aliorum,
1377 1993 1429 2011 nou
1445 1989 1563 2021 peccata,
1586 1989 1648 2010 sunt

906 2029 1079 2070 exploranda.
1097 2037 1152 2058 VII.
1170 2034 1235 2057 724.
1254 2039 1279 2056 E.
1301 2039 1329 2056 A.
1346 2028 1434 2065 Opera
1448 2027 1517 2054 bona
1530 2026 1646 2054 aliorum

906 2081 931 2102 et
944 2081 1049 2113 peccata
1064 2080 1153 2101 nostra
1173 2071 1343 2110 recogitanda
1364 2077 1435 2105 sunt,
1451 2077 1479 2097 ut
1495 2070 1647 2108 placeamus

906 2119 974 2146 Deo.
999 2125 1045 2147 XI.
1065 2122 1129 2145 315.
1153 2127 1179 2144 e.
1196 2116 1271 2144 Nihil
1285 2125 1365 2154 opera
1380 2115 1449 2142 bona
1463 2113 1573 2152 perinde
1588 2113 1649 2140 ina—

905 2162 949 2189 nia
963 2161 1051 2189 reddit
1064 2171 1094 2188 ac
1109 2166 1178 2188 recte
1193 2160 1324 2187 sactorum
1339 2157 1475 2186 memoria.
1493 2161 1643 2186 Χ1.334.Ε.

907 2205 950 2232 Ob
963 2215 1059 2232 vanam
1073 2204 1186 2241 gloriam
1202 2202 1307 2230 inutilia
1321 2201 1448 2229 evadunt.
1464 2205 1558 2228 1.158.
1573 2210 1599 2228 c.
1618 2211 1648 2227 n.

947 2249 1036 2286 Opera
1052 2247 1120 2275 mala
1135 2246 1289 2274 difficiliora
1304 2251 1364 2272 sunt
1380 2244 1469 2272 bonis.
1497 2250 1555 2272 VII.
1582 2247 1648 2272 644.

907 2303 932 2320 E.
951 2296 1016 2320 645.
1034 2301 1061 2318 A.
1079 2290 1209 2318 Tenebrae
1224 2289 1351 2317 dicuntur
1366 2288 1393 2316 in
1407 2287 1566 2324 Evangelio.
1576 2293 1646 2314 VIII.

909 2341 972 2364 508.
990 2346 1012 2363 B.

949 2380 1147 2407 OrenATroxrs
1166 2383 1190 2405 et
1214 2382 1315 2404 naturae
1328 2374 1471 2403 diversitas
1485 2373 1646 2411 explicatur.

910 2429 944 2454 V.
957 2427 1022 2451 312.
1041 2432 1066 2450 A.
1082 2433 1105 2450 n.
1127 2425 1190 2449 313.
1215 2419 1342 2458 Operatio
1369 2418 1465 2445 animae
1493 2423 1532 2444 est
1559 2416 1646 2444 incor-

910 2476 998 2505 porea.
1017 2472 1064 2493 XI.
1085 2470 1148 2493 418.
1167 2474 1193 2491 c.

950 2511 1023 2538 Ores
1041 2506 1223 2545 colligentium
1239 2505 1351 2533 insania.
1374 2511 1406 2531 v.
1422 2507 1486 2531 254.
1501 2512 1527 2531 c.
1545 2513 1573 2530 n.
1595 2502 1651 2530 Da-

910 2563 1003 2581 mnum
1016 2551 1141 2585 inferunt,
1154 2549 1204 2577 nisi
1218 2555 1287 2577 recte
1299 2548 1331 2576 iis
1344 2554 1461 2575 utamur.
1476 2552 1521 2574 111.
1537 2549 1601 2573 377.
1620 2555 1649 2575 Λ.

912 2601 976 2625 378.
994 2596 1065 2633 Opes
1080 2593 1200 2621 amittere
1216 2591 1337 2630 martyrii
1352 2589 1488 2628 quoddam
1503 2598 1586 2627 genus
1599 2594 1648 2616 est.

1462 2646 1508 2670 21.
