1950 2922
56 546 83 567 T,
103 553 137 568 12.
158 554 180 574 p.

44 576 95 599 tos).
109 578 132 598 d.

198 195 265 228 228

194 267 336 296 mutabilia
344 268 417 307 apud
433 267 492 296 illos
507 267 627 297 videntes
642 267 801 305 opinionum
816 264 932 292 divortia

194 313 245 341 hoc
256 312 329 341 dicto
339 320 485 348 uterentur,
496 312 639 346 ἀνατολικὴ
650 310 788 349 κουφότης,
801 310 934 337 Orienta-

195 359 231 387 lis
257 359 369 387 levitas.
396 358 439 386 llli
466 368 527 386 xero
549 363 639 384 contra
662 355 823 394 reponebant
843 353 934 388 δυτικὴ

195 404 284 443 ὀφρύς,
303 404 489 432 occidentale
505 402 702 440 supercilimn,
713 400 843 439 superbia:
857 399 933 428 incu-

195 457 281 479 santes
297 461 339 477 eos
354 450 398 487 qui
409 449 459 477 sibi
473 448 607 476 levitatem
622 447 776 485 objicerent.
791 448 858 481 Qua:
873 455 935 473 sanc

194 496 288 525 levitas
301 502 370 523 tanta
385 501 451 527 crat,
466 493 624 531 utquotidie
638 494 664 521 in
680 492 807 529 religione
818 499 935 520 monstra

195 548 305 580 pareret.
318 540 495 568 Emntautcm
509 538 581 578 apud
596 539 655 567 illos
665 539 710 576 qui
721 538 837 566 dicerent
846 537 933 565 omnia

194 598 254 615 casu
271 586 405 614 exsistere.
417 585 558 619 Emndcm,
569 585 616 613 sed
626 585 741 613 diversis
754 584 855 619 verbis,
868 595 935 623 pro-

193 632 310 660 ferebant
325 631 481 659 sementiam
496 642 556 659 cum
571 630 689 658 dicerent
711 641 751 658 rcs
773 636 873 658 creatas
888 641 935 657 au-

804 201 962 225 sYNOt‘sts
989 201 1115 231 EORUM,

989 273 1131 301 germanus
1146 272 1251 300 quoque
1265 262 1409 301 Scriptura:
1424 271 1516 290 sensus
1527 267 1622 290 vestrm
1632 261 1728 290 carita-

989 308 1010 336 ti
1024 308 1183 347 aperiendus
1197 315 1246 344 est,
1260 315 1289 336 ut
1304 318 1336 336 ne
1347 308 1506 346 simpliciter
1522 315 1547 336 et
1561 309 1636 337 facile
1651 319 1727 337 aures

990 354 1196 383 accommodetis
1216 361 1271 382 tam
1288 355 1443 393 blasphema
1468 353 1628 388 dicentibus,
1641 361 1666 382 et
1679 354 1729 382 ad-

989 412 1096 429 versum
1112 401 1197 440 capita
1210 412 1256 429 sua
1271 401 1401 429 blaterare
1415 399 1587 430 audentibus.
1602 402 1728 428 Asserunt

989 447 1059 475 cuim
1074 447 1125 475 hoc
1143 458 1195 475 non
1210 447 1244 476 (le
1259 446 1414 475 hominibus
1433 445 1536 474 dictum
1548 456 1617 481 esse,
1630 446 1676 474 scd
1695 446 1730 474 de

989 493 1104 530 angelis:
1116 493 1164 521 lios
1176 493 1350 528 enim,aiunt,
1366 492 1434 520 filios
1446 492 1494 520 Dei
1507 491 1660 530 appellavit.
1669 492 1730 520 Pri-

988 549 1063 566 mum
1078 538 1216 567 ostendant
1232 539 1277 567 uhi
1291 539 1377 577 augeli
1394 539 1443 566 filii
1459 539 1506 566 Dei
1519 539 1646 577 appellati
1658 539 1727 567 sint:

988 584 1090 613 sednon
1104 592 1226 623 poterunt
1238 596 1352 623 usquam
1366 591 1522 613 monstrare.
1534 585 1660 613 Homines
1671 585 1729 623 qui-

987 631 1048 659 dem
1067 631 1116 659 filii
1134 631 1182 659 Dei
1198 631 1263 659 dicti
1278 630 1446 667 sunt‚angeli
1465 637 1554 658 autem
1573 641 1729 669 numquam.

67 685 93 705 Τ.
112 692 145 707 ιι.
159 692 179 709 ι».
194 685 290 706 toinata
306 688 370 706 csse.
388 689 401 703 u
417 677 481 710 Alii,
493 689 506 703 π)
520 677 605 716 pergit
620 677 838 715 Chrysostomus,
856 688 869 702 «
883 675 935 704 ἀω-

42 716 94 739 '55‘
112 717 133 737 ‘¹‘
146 718 181 743 [Η
194 724 316 751 monibus
338 723 489 751 attribuunt
505 722 598 750 mundi
623 722 782 750 creationem
803 728 827 750 et
841 722 933 760 provi-

193 769 310 798 dentiam
322 791 329 804 ,
345 769 416 808 quod
432 776 569 808 peccatum
581 769 628 797 vix
649 769 755 797 veniam
770 768 904 797 admittat.
918 780 932 795 υ

39 829 178 860 Tar-²95·
233 815 447 845 Necromantiam
468 815 547 843 etiam
570 815 615 842 illa
637 821 791 854 tempestate
806 814 935 852 quosdam

39 870 59 883 “-
192 863 341 891 exercuisse
366 862 444 898 dicit,
455 862 499 900 qui
525 862 718 890 absurdissima
742 862 827 890 multa
848 869 935 890 tenta-

989 677 1068 714 Atqui
1090 677 1123 705 (le
1143 677 1245 715 angelis
1259 677 1334 712 dicit,
1353 678 1409 714 Qui
1426 678 1504 715 facit
1521 677 1640 715 angelos
1662 686 1730 705 snos·
1741 683 1810 704 Psal.
1831 683 1883 706 103.

988 725 1125 761 spiritus,
1146 730 1172 750 et
1196 725 1343 751 ministros
1369 733 1435 751 suos
1449 723 1608 762 flammam
1632 717 1765 761 ignis:4·

988 768 1021 796 de
1045 768 1200 797 hominibus
1224 775 1330 804 autem,
1349 770 1411 808 Ego
1434 770 1508 804 diri,
1527 769 1576 796 Dii
1599 771 1688 797 estis:
1705 775 1731 797 et
1745 770 1885 794 Psal-81-6-

988 814 1094 850 iteruin,
1108 815 1201 843 Filios
1211 817 1299 853 genui
1309 821 1335 843 et
1350 815 1478 843 exaltavi
1488 826 1496 841 .·
1509 821 1534 842 et
1548 814 1656 850 iterum,
1666 815 1731 842 Pri·
1743 815 1802 835 lsai.
1821 819 1841 836 ¹·
1857 820 1881 836 2-

989 862 1149 899 mogenitus
1165 861 1250 900 filius
1272 871 1350 889 meus
1376 860 1480 889 Israel.
1502 860 1618 898 Angelus
1641 867 1729 888 autem
1742 858 1820 878 Emod.
1843 857 1867 884 4·

65 1014 93 1036 T.
109 1022 144 1037 ιο.
157 1023 179 1043 p.

41 1045 94 1074 537.
110 1055 128 1067 c.
140 1047 163 1067 d.

51 1662 190 1717 is.4.p.=95.

53 1756 109 1775 Gen.
121 1753 144 1775 6.
169 1759 194 1774 2.

192 908 311 945 bant3ad
326 908 383 936 haec
397 908 542 947 pulverum
556 915 582 936 et
596 909 712 936 cinerem
726 907 893 943 adhibentes,
907 914 936 936 ut

193 955 294 984 scilicet
305 965 398 983 arcana
409 961 433 982 et
445 955 535 982 futura
550 954 599 982 hac
612 961 668 982 arte
682 953 844 982 divinarent.

234 1001 307 1029 Alios
323 1007 513 1029 commemorat
533 1000 741 1040 Chrysostomus
755 1000 800 1038 qui
819 999 936 1028 dicerent

194 1047 327 1076 mundum
341 1057 396 1075 esse
410 1046 506 1081 deum;
521 1046 569 1074 sed
583 1046 627 1075 hic
642 1053 706 1083 puto
729 1047 772 1083 agi
791 1045 825 1074 de
840 1045 936 1085 priscis

194 1093 249 1122 illis
264 1092 432 1132 philosophis
444 1098 500 1120 tum
516 1091 619 1120 Graecis
630 1099 687 1120 tum
700 1091 810 1127 Latinis,
821 1101 936 1129 quorum

195 1149 247 1167 non
266 1138 343 1178 pauci
364 1137 493 1176 putabant
511 1137 644 1165 mundum
664 1148 718 1166 esse
735 1137 827 1165 deum.
846 1137 937 1175 Pergit

196 1191 284 1213 autem
301 1183 401 1212 ibidem
419 1184 447 1211 S.
464 1182 576 1212 doctor:
595 1195 608 1209 «
628 1183 681 1211 Alii
706 1183 741 1211 ita
761 1183 857 1211 mundi
872 1183 937 1222 pul-

196 1229 377 1259 chritudinem
402 1228 576 1267 ignorarunt,
600 1235 630 1257 ut
660 1228 709 1256 Dei
738 1228 869 1257 creatione
895 1228 938 1256 in-

195 1275 308 1313 diguum
320 1275 456 1311 haberent,
470 1285 500 1302 ac
513 1274 667 1314 perniciosae
689 1274 798 1303 cuidam
821 1275 938 1303 mater-ize

196 1332 320 1360 magnam
349 1321 406 1360 ejus
433 1327 535 1358 partem
557 1320 730 1359 assignarent.
748 1333 761 1347 >v
781 1320 854 1348 Hanc
875 1330 939 1349 vero

197 1367 348 1407 opinionem
372 1366 494 1395 tenebant
515 1367 675 1397 Valentinus
695 1373 721 1395 et
739 1367 787 1395 alii
803 1366 940 1405 haeretici,

198 1422 228 1443 ut
239 1413 360 1443 vidimus
375 1424 465 1452 supra.

236 1461 339 1490 Malam
351 1461 475 1489 haeresim
489 1467 566 1489 vocat
580 1471 638 1490 eam
653 1471 705 1499 qua
715 1460 770 1489 sola
782 1471 849 1499 aqua
861 1461 940 1489 adhi-

199 1508 313 1537 bebatur
327 1506 361 1535 ad
374 1507 533 1545 mysterium
546 1507 645 1542 calicis,
663 1518 743 1545 quam
754 1507 876 1535 haeresim
888 1507 942 1535 Ta-

201 1554 273 1583 tiano
283 1559 309 1581 et
323 1552 469 1581 Eucratitis
480 1553 610 1582 adscribit
622 1552 802 1592 Epiphanius,
815 1560 846 1581 ut
861 1563 943 1592 supra

203 1600 333 1630 vidimus.

245 1645 321 1674 Circa
336 1645 443 1683 angelos
454 1651 542 1673 autem
553 1643 675 1683 quaedani
686 1644 764 1681 dicit,
779 1655 837 1682 quae
852 1644 896 1673 hic
905 1655 945 1673 re-

204 1691 310 1721 ferenda
330 1698 456 1730 putamus
466 1713 475 1728 ,
493 1691 690 1719 Commentario
713 1690 741 1719 in
766 1691 894 1719 Genesim
918 1691 946 1719 in

204 1738 277 1766 hunc
290 1737 378 1765 locum
394 1748 400 1763 :
417 1738 454 1765 Ut
466 1737 602 1765 viderunt
610 1737 674 1776 filii
688 1737 839 1776 Deifilias
852 1737 947 1765 homi-

207 1795 277 1813 num
288 1784 366 1822 qnod
373 1783 503 1821 pulclzroe
514 1789 618 1817 essent,
634 1790 796 1812 sumserunt
808 1785 864 1812 sibi
876 1794 948 1812 uxo-

206 1840 251 1858 res
263 1841 298 1858 ex
310 1830 442 1857 omnibus
457 1839 531 1868 quas
543 1829 704 1867 elegerant.
716 1841 729 1855 (ι
740 1829 893 1868 Singulas,n
908 1829 948 1857 in-

207 1875 275 1914 quit,
296 1874 446 1903 «dictiones
459 1874 599 1913 diligenter
615 1875 821 1912 consideremus,
836 1886 868 1903 ne
883 1875 948 1913 quid

208 1922 235 1950 in
259 1920 343 1949 fundo
365 1921 448 1949 latens
476 1931 523 1949 nos
544 1927 690 1960 praetereat.
712 1923 806 1960 Operae
832 1922 948 1960 pretium

207 1967 278 1995 enim
290 1966 442 1995 fueritbene
457 1967 569 1998 scrutari
583 1967 803 2003 hunclocum‚ut
813 1968 946 1996 subverta-

208 2024 268 2042 mus
281 2013 385 2041 fabulas
400 2013 488 2041 omnia
509 2013 703 2042 inconsiderate
719 2013 896 2051 loquentium.
912 2012 947 2042 Et

209 2059 327 2098 primum
338 2059 472 2088 efferenda
486 2069 515 2088 ea
530 2070 587 2098 quae
599 2059 687 2088 dicere
701 2059 816 2095 audent,
828 2066 853 2088 et
872 2070 947 2088 mon-

210 2111 291 2134 strata
306 2115 408 2141 eorum,
421 2116 480 2144 quae
494 2105 528 2135 ab
542 2105 596 2134 illis
616 2105 754 2143 dicuntur,
770 2105 945 2145 absurditate,

988 917 1120 945 nusquam
1137 914 1245 936 vocatus
1260 913 1297 935 est
1312 906 1393 940 silius,
1403 916 1487 944 neque
1501 906 1574 934 filius
1589 906 1648 934 Dei.
1665 907 1732 935 Pro-

989 953 1057 981 fecto
1077 953 1162 991 angeli
1181 952 1291 990 quidem
1308 959 1381 980 erant
1394 964 1401 988 ;
1416 951 1463 980 scd
1480 952 1543 990 quia
1557 951 1591 980 ad
1608 952 1733 990 iniquum

989 999 1040 1028 hoc
1065 1010 1133 1038 opus
1157 998 1350 1028 descenderunt
1362 1021 1371 1037 ,
1384 998 1514 1037 dignitate
1544 1009 1592 1027 sua
1619 999 1732 1028 excide-

991 1053 1064 1082 runt,
1079 1058 1092 1073 η
1105 1053 1155 1075 etc.

1031 1093 1081 1121 Hic
1096 1104 1187 1132 aspere
1198 1093 1253 1132 agit
1266 1093 1474 1133 Chrysostomus
1489 1093 1516 1121 in
1531 1089 1635 1132 eosqui
1651 1104 1733 1133 supra

991 1146 1163 1167 memoratum
1179 1140 1268 1168 locum
1292 1139 1325 1167 de
1340 1139 1442 1178 angelis
1469 1139 1640 1174 intellexere,
1655 1146 1735 1178 atque

992 1185 1063 1224 ipsos
1077 1185 1148 1214 filios
1158 1185 1298 1213 bominum
1311 1186 1337 1213 in
1351 1196 1447 1214 uxores
1458 1185 1601 1224 accepisse,
1610 1195 1736 1224 corpore-

992 1241 1044 1268 que
1055 1231 1179 1269 praeditos
1191 1231 1250 1259 illos
1263 1231 1370 1269 angelos
1381 1231 1471 1259 fuisse.
1480 1232 1514 1258 At
1528 1231 1676 1259 multorum
1691 1241 1736 1260 ve-

993 1283 1079 1304 terum
1088 1277 1146 1305 haee
1155 1277 1246 1315 opinio
1258 1277 1307 1305 fuit
1315 1299 1322 1313 ,
1331 1287 1425 1316 nempe
1437 1287 1576 1316 corporeos
1588 1277 1659 1316 ipsos
1671 1278 1736 1306 fuis-

995 1333 1030 1359 se,
1044 1329 1069 1351 et
1081 1333 1143 1351 cum
1157 1323 1264 1351 filiabus
1276 1322 1416 1351 hominum
1429 1333 1483 1351 rem
1496 1323 1622 1352 habuisse
1637 1335 1643 1351 :
1658 1323 1735 1352 illos-

994 1380 1045 1407 que
1055 1369 1162 1407 angelos
1173 1368 1284 1406 quidam
1295 1376 1425 1398 vocarunt
1433 1369 1600 1409 ἐγρηγόρους,
1616 1370 1732 1409 vigiles.

994 1415 1126 1454 Josephus
1142 1415 1230 1452 Antiq.
1239 1415 1257 1443 l.
1270 1426 1290 1451 1,
1299 1425 1323 1443 c.
1335 1416 1364 1443 ᾧ
1377 1415 1467 1444 πολλοὶ
1484 1415 1590 1453 ἄγγελοι
1601 1417 1671 1445 Θεοῦ
1689 1428 1736 1455 γυ-

995 1461 1062 1494 ναιξὶ
1075 1461 1248 1500 συμμιγέντες
1257 1482 1264 1495 ,
1276 1462 1363 1490 Multi
1376 1461 1474 1499 angeli
1488 1462 1545 1489 Dei
1557 1472 1622 1490 cum
1637 1462 1738 1490 mulie-

995 1509 1075 1536 ribus
1087 1509 1181 1536 miz-ti.
1194 1507 1315 1546 Idipsum
1329 1507 1383 1535 fere
1392 1507 1524 1539 Justinus.
1533 1507 1718 1546 Athenagoras
1728 1530 1736 1545 ,

997 1553 1117 1581 Clemens
1132 1552 1343 1587 Alexandrinus,
1360 1552 1548 1590 Theognostus
1569 1553 1641 1591 apud
1663 1553 1739 1582 Pho-

996 1599 1063 1627 tium
1079 1605 1105 1626 et
1119 1598 1174 1626 alii.
1192 1598 1281 1632 Quam
1296 1608 1351 1626 rem
1366 1604 1541 1636 persequutus
1555 1605 1594 1626 est
1605 1598 1739 1637 Josephus

998 1644 1117 1682 Scaliger
1133 1643 1243 1672 innotis
1264 1643 1299 1672 ad
1322 1643 1433 1672 Eusebii
1448 1643 1614 1679 Chronicon,
1634 1650 1660 1672 et
1679 1651 1740 1683 post

999 1701 1060 1718 enm
1083 1689 1130 1718 alii
1159 1689 1309 1725 innumeri,
1331 1699 1396 1727 quos
1420 1688 1531 1728 longum
1553 1696 1620 1718 esset
1644 1700 1739 1718 recen-

1000 1746 1064 1764 sere.

1041 1783 1084 1811 Ait
1094 1793 1156 1811 vero
1170 1782 1375 1821 Chrysostomus
1389 1793 1395 1808 ι
1411 1782 1571 1810 Ostendant
1581 1783 1630 1810 ubi
1640 1782 1740 1820 angeli

993 1829 1057 1869 filii
1083 1829 1142 1858 Dei
1164 1829 1304 1867 appellati
1327 1830 1409 1857 sint?
1423 1828 1562 1866 Nusquam
1583 1835 1653 1856 certe
1665 1828 1739 1867 apud

1002 1874 1080 1904 LXX
1091 1876 1257 1914 Interpretes,
1275 1884 1341 1912 quos
1363 1874 1431 1902 solos
1458 1874 1561 1912 legebat
1581 1874 1740 1913 Chrysosto-

1002 1922 1182 1951 mus.Verum
1196 1921 1223 1949 in
1237 1920 1368 1949 Hebraico
1377 1927 1451 1948 textu
1467 1919 1529 1948 libri
1538 1919 1589 1949 Job
1603 1921 1663 1957 cst,
1674 1931 1700 1950 v.
1710 1922 1739 1956 6,

1004 1967 1090 2006 angeli
1115 1966 1167 1995 filii
1196 1967 1245 1995 Dei
1268 1973 1414 2001 vocantur,
1431 1959 1607 1995 mrum-’22
1626 1976 1634 1993 ι
1657 1972 1683 1994 et
1711 1965 1740 1994 in

1001 2014 1119 2051 Vulgata
1133 2023 1240 2051 quoque
1250 2013 1310 2052 filii
1324 2013 1393 2042 Dei.
1403 2012 1588 2041 Nihilominus
1598 2012 1642 2040 hic
1657 2012 1740 2050 probe

1001 2060 1120 2089 confutat
1134 2059 1342 2098 Chrysostomus
1361 2068 1404 2088 eos
1417 2058 1464 2097 qui
1479 2058 1606 2096 dicerent,
1620 2057 1699 2088 hosce
1708 2057 1740 2086 fi-

1000 2106 1050 2135 lios
1067 2105 1115 2135 Dei
1129 2105 1210 2134 fuisse
1224 2105 1340 2144 angelos.

1742 894 1782 910 22.

1745 1410 1782 1430 190
