1884 2922
757 219 859 240 INDEX

125 282 158 310 Et
173 280 295 309 Christus
309 287 334 309 et
347 280 446 309 Paulus
457 280 537 319 jussit
559 280 667 316 breves,
684 279 730 308 sed
754 280 860 308 crebras

122 325 181 353 fieri
195 326 358 364 precationes
369 336 401 353 ex
416 326 506 364 parvis
518 324 674 352 intervallis.
691 331 735 352 IV.
748 328 812 352 827.
829 334 856 352 1).

122 369 232 404 Paulus,
248 369 295 406 qui
310 380 400 397 omnes
415 376 517 397 naturae
531 368 697 396 necessitates
710 368 860 406 subegerat,

122 412 246 451 precibus
260 412 340 440 etiam
357 412 555 450 discipulorum
569 410 715 450 indigebat.
730 418 776 440 VI.
794 415 858 439 214.

121 466 148 484 A.
158 466 183 483 n.
197 455 305 493 [bique
317 466 364 494 pro
376 455 454 484 bonis
468 455 548 484 totius
557 454 630 483 orbis
643 454 737 493 agebat
747 455 857 493 gratias.

123 506 181 529 vn.
200 504 263 527 353.
283 510 306 528 c.

162 542 240 571 Pauti
264 542 412 571 humilitas.
438 550 472 572 11.
499 547 563 571 002.
590 549 637 571 111.
666 547 728 571 167.
748 552 776 570 n.
795 546 857 570 168.

124 591 188 616 186.
201 591 255 614 352
282 594 337 615 VII.
353 591 417 615 354.
432 597 460 614 D.
476 594 521 615 IX.
532 591 594 615 476.
608 598 635 614 A.
648 591 713 615 479.
727 596 750 613 Ε.
763 590 858 615 751.Β.

123 637 155 658 X.
166 635 231 658 489.
248 640 273 658 B.
291 635 354 658 497.
368 641 394 658 Δ.
408 635 471 659 498.
485 636 549 659 800.
567 637 611 659 XI.
627 635 680 659 653
698 652 705 658 .
722 635 787 658 843.
802 629 860 657 Hu-

123 674 236 702 militate
257 673 412 702 excellebat.
428 681 462 704 X.
483 678 545 702 555.
563 683 589 704 C.
605 678 668 702 556.
685 681 731 702 XI.
750 678 814 701 358.
832 683 857 701 Ε.

123 722 187 747 596.
205 728 231 745 c.
246 717 346 746 Paulus
368 717 458 756 largus
472 724 497 745 et
513 717 636 756 copiosus
656 718 683 745 in
699 717 788 745 verbis
804 717 860 745 hu-

124 760 252 789 militatis.
270 768 301 789 X.
317 765 381 789 416.
401 772 427 789 Ε.
443 768 489 789 XI.
511 765 570 789 462.
586 772 614 789 Ε.
628 763 698 789 Cum
709 761 743 789 sit
758 761 860 800 primus

120 805 267 843 justorum,
283 804 399 843 primum
415 815 442 832 se
460 803 526 832 dicit
541 805 663 832 omnium
679 811 858 843 peccatorum.

122 855 168 876 111.
188 852 251 876 167.
268 858 297 877 n.
315 850 371 875 Cur
385 858 412 875 se
431 847 585 875 abortivum
599 848 726 876 nominet.
744 855 776 878 X.
794 853 858 876 414.

122 895 187 920 416.
204 902 229 919 Ε.
246 903 272 918 Α.
287 892 376 926 Quam
392 890 530 919 humiliter
546 901 572 919 se
593 891 711 930 gerebat.
731 899 777 921 XI.
797 896 859 920 493.

121 934 277 973 Discipulos
291 934 342 961 sibi
357 941 488 971 exaequat.
507 941 564 962 XII.
580 940 605 962 9.
621 946 650 962 n.
667 947 694 962 A.
707 934 860 963 Humilitati

121 978 254 1006 studebat.
283 984 329 1005 XI.
361 982 425 1005 650.
459 977 600 1016 Indigebat
622 978 816 1006 humiliatione.
836 985 845 1007 I

123 1026 187 1049 196.
204 1032 231 1048 Ε.
249 1020 397 1048 Accusabat
411 1020 536 1059 seipsum.
551 1029 584 1050 11.
601 1026 665 1050 290.
681 1032 743 1050 13.c.
760 1022 859 1051 Pecca-

121 1073 209 1093 turum
220 1075 331 1093 snorum
345 1074 397 1092 non
408 1064 627 1093 obliviscebatur.
640 1073 672 1094 II.
683 1070 747 1094 792.
761 1077 788 1094 A.
801 1067 860 1094 Post

121 1116 158 1137 tot
168 1108 297 1148 praeclare
309 1114 391 1146 gesta,
405 1108 525 1137 timebat.
542 1116 575 1138 11.
587 1114 614 1139 6.
629 1120 658 1138 n.
670 1109 768 1137 Paulus
778 1121 860 1148 quam

120 1163 134 1180 a
148 1152 216 1180 fastu
228 1152 342 1181 alienus.
359 1158 392 1182 V,
410 1156 475 1179 638.
487 1158 533 1180 IX.
550 1156 614 1181 317.
629 1163 655 1180 c.
670 1159 714 1181 XI.
733 1157 778 1181 68.
794 1158 857 1182 462.

121 1207 147 1225 Ε.
170 1203 193 1224 et
209 1207 223 1224 a
238 1206 306 1224 vana
321 1195 416 1233 gloria.
432 1203 478 1223 IX.
503 1200 567 1224 823.
590 1207 619 1224 n.
634 1203 680 1225 XI.
698 1201 743 1225 68.
761 1197 861 1226 Paulus

120 1251 168 1268 sua
192 1247 264 1278 gesta
284 1250 413 1273 narrans,
431 1239 488 1267 sine
507 1240 636 1278 jactantia
650 1240 710 1267 fuit.
730 1247 776 1269 IV.
795 1245 858 1269 106.

122 1288 186 1314 107.
198 1285 253 1312 Cur
278 1281 352 1310 varie
378 1283 411 1310 de
436 1292 464 1310 se
489 1282 655 1320 loqueretur.
677 1291 710 1314 X.
739 1289 804 1312 708.
830 1295 858 1314 Δ.

120 1328 255 1356 Sublimia
269 1337 316 1355 sua
327 1326 444 1355 breviter
460 1326 630 1364 perstringit,
647 1327 760 1356 humilia
772 1334 861 1356 autem

120 1372 236 1410 copiose,
254 1371 280 1399 in
295 1369 440 1408 multisque
460 1370 525 1398 locis
545 1370 650 1399 effatur.
672 1378 730 1399 XII.
749 1376 811 1401 123.
829 1382 857 1400 D.

123 1415 276 1453 Aliquando
310 1421 416 1442 coactus
442 1413 571 1452 gloriatur
596 1420 621 1442 et
643 1414 737 1443 laudat
754 1426 790 1443 se.
812 1423 858 1445 111.

123 1464 186 1487 350.
200 1470 228 1487 Ε.
245 1469 336 1496 quare.
352 1465 385 1486 X.
400 1462 464 1485 210.
480 1468 504 1486 Β.
520 1462 585 1488 348,
599 1458 665 1496 Ejus
679 1459 821 1497 prudentia
834 1460 860 1488 in

122 1502 248 1531 laudibus
262 1503 317 1530 suis
329 1500 478 1530 efferendis.
492 1508 522 1529 x.
534 1506 598 1530 704.
608 1502 751 1536 Quomodo
766 1513 792 1531 se
803 1503 862 1531 lau-

122 1547 210 1576 davit.
230 1554 264 1576 11.
293 1551 358 1577 603,
400 1545 516 1573 Suarum
546 1545 655 1574 laudum
674 1546 863 1584 praedicatione

123 1590 190 1618 nulli
205 1597 243 1618 est
258 1590 392 1618 molestus.
410 1595 443 1617 X.
459 1593 522 1616 695.
541 1599 566 1615 c.
582 1589 713 1617 Modestia
728 1591 794 1629 ejus.
812 1598 858 1619 111.

123 1639 188 1664 305.
206 1645 234 1663 D.
253 1641 297 1662 IX.
318 1638 380 1662 481.
400 1643 426 1661 A.
444 1639 476 1660 X.
496 1637 560 1661 626.
576 1637 641 1662 733.
660 1645 682 1661 Δ.
702 1641 747 1662 XI.
768 1639 812 1663 49.
838 1644 862 1662 Β,

123 1682 168 1707 52.
191 1689 216 1706 Ε.
240 1682 305 1706 473.
328 1688 357 1705 n.
376 1675 514 1704 Modestiae
529 1686 617 1712 causa,
633 1677 702 1705 bona
717 1688 732 1705 a
747 1688 774 1706 se
791 1685 863 1717 gesta

122 1728 174 1750 iota
186 1722 244 1749 Deo
259 1721 364 1749 tribuit.
382 1728 401 1748 1.
418 1725 481 1748 361.

162 1765 239 1793 Pauli
255 1764 426 1803 philosophia
437 1771 544 1802 quanta.
557 1771 601 1792 111.
617 1769 680 1794 175.
699 1777 721 1793 1.
734 1773 780 1794 IX.
795 1770 859 1795 553.

123 1821 148 1838 Ε.
170 1817 201 1838 X.
221 1814 286 1837 759.
304 1820 330 1837 c.
348 1816 394 1837 XI.
411 1813 473 1836 248.
487 1819 512 1836 r.
527 1813 592 1837 725.
612 1819 634 1836 B.
654 1819 680 1837 c.
696 1810 784 1847 Magis
805 1816 860 1838 erat

121 1852 301 1892 philosophus
312 1862 393 1890 quam
411 1851 577 1890 philosophi.
598 1859 620 1881 1.
644 1857 706 1881 963.
724 1853 801 1881 Pauli
816 1864 860 1881 sa*

121 1897 221 1936 pientia
235 1903 341 1934 quanta.
358 1903 391 1924 11.
409 1900 472 1924 294.
488 1905 513 1922 Β.
530 1903 574 1924 111.
591 1900 637 1924 69.
653 1907 677 1924 c.
692 1901 737 1925 90.
757 1907 782 1926 c.
797 1901 860 1926 276.

123 1952 150 1968 Β.
173 1948 206 1969 Χ.
227 1945 280 1968 140
311 1952 336 1968 Α.
352 1944 415 1968 212.
434 1949 459 1968 E.
484 1946 529 1968 XI.
548 1944 613 1967 469.
630 1950 656 1967 D.
679 1944 743 1968 852.
759 1951 785 1968 F.
801 1947 859 1969 XII.

122 1989 185 2012 115.
201 1994 226 2012 c.
242 1984 326 2011 Nemo
342 1993 470 2020 umquam
486 1982 589 2010 exstitit
604 1983 688 2011 Paulo
704 1984 858 2022 sapientior.

121 2035 165 2056 111.
187 2032 251 2056 556.
271 2039 296 2054 ,1.
320 2027 395 2055 Pauli
411 2026 551 2065 sagacitas.
574 2034 607 2056 X.
627 2032 692 2056 653.
716 2028 784 2066 Ejus
798 2039 860 2066 pru-

120 2071 222 2100 dentia.
242 2078 286 2099 111.
302 2075 347 2099 60.
366 2076 429 2099 104.
446 2081 472 2098 E.
485 2075 549 2099 350.
564 2081 591 2099 E.
607 2076 670 2100 351.
689 2077 815 2101 111.-417.
830 2083 858 2100 n.

122 2122 166 2144 tx.
182 2119 246 2143 256.
262 2119 325 2142 291.
341 2120 369 2142 et
382 2116 503 2153 passim.
521 2119 584 2143 495.
599 2125 627 2143 A.
644 2122 677 2144 x.
695 2120 738 2144 19.
758 2120 858 2144 13.117.

121 2169 149 2189 Ε.
166 2163 230 2187 147.
244 2163 309 2186 224.
324 2162 388 2188 408.
402 2168 429 2186 D.
443 2162 508 2186 626.
526 2169 552 2186 c.
575 2166 619 2187 XI.
633 2163 696 2187 210.
711 2170 734 2188 Β.
751 2163 816 2189 383.
833 2170 860 2187 c.

122 2206 200 2232 667⁰.
215 2212 244 2229 c.
258 2206 322 2229 851.
342 2212 366 2229 Β.
384 2208 442 2232 XII.
464 2207 490 2230 8.
507 2212 533 2229 c.
557 2206 602 2230 27.
623 2213 647 2230 Β.
663 2207 726 2231 201.
749 2215 774 2231 Α.
795 2203 862 2230 obe-

123 2245 234 2273 dientia.
249 2251 281 2272 II.
296 2249 359 2273 615.
374 2256 398 2273 B.
425 2246 483 2274 Non
500 2245 670 2274 existimabat
686 2246 808 2274 sufficere
829 2245 863 2274 ad

123 2289 262 2322 virtutem,
274 2288 325 2316 nisi
336 2289 415 2316 etiam
429 2291 499 2328 jussa
515 2289 595 2327 longo
605 2289 744 2318 intervallo
759 2300 865 2328 supera-

124 2340 172 2360 ret.
187 2339 219 2359 Υ.
235 2335 280 2359 66.
295 2342 320 2358 B.

169 2374 245 2404 Pauli
272 2374 399 2413 patientia
426 2375 452 2403 in
475 2375 605 2404 adversis.
631 2383 675 2404 111.
698 2381 762 2404 183.
787 2386 811 2403 c.
832 2383 864 2403 v.

130 2424 192 2447 166.
208 2429 232 2446 c.
247 2426 305 2446 111.
324 2423 388 2446 432.
403 2430 431 2446 11.
446 2420 531 2447 Nemo
543 2426 596 2446 tam
605 2419 803 2454 adamantinus,
820 2420 865 2457 qui

129 2462 205 2490 Pauli
228 2462 383 2501 patientiam
406 2463 488 2501 possit
505 2463 615 2491 imitari.
636 2470 669 2491 11.
691 2468 752 2492 570.
766 2463 866 2492 Paulus

125 2512 221 2543 quanta
240 2516 334 2544 passus
350 2506 472 2541 adversa,
487 2514 551 2544 quot
565 2517 707 2535 aerumnas.
727 2514 747 2535 1.
761 2511 824 2537 269.
839 2518 862 2534 11.

125 2554 189 2578 270.
208 2554 378 2580 11.725.111.
394 2555 457 2579 183.
473 2560 536 2589 sqq.
553 2555 742 2581 595.1Υ.279.
759 2561 784 2578 Ε.
802 2556 864 2579 283.

170 2600 200 2621 x.
216 2598 281 2622 731.
300 2600 356 2622 x'tt.
376 2598 438 2622 372.
458 2595 533 2622 Pauli
552 2594 653 2623 labores
673 2602 695 2623 et
712 2594 864 2623 certamina.

889 217 1015 240 ulfinum.
1586 206 1649 250 341

915 290 961 312 XI.
976 287 1042 311 776.
1057 292 1081 311 c.
1094 282 1178 310 Nemo
1192 281 1316 319 graviora
1331 291 1424 320 passus
1435 288 1483 310 est.
1500 289 1533 311 11.
1544 287 1609 311 902.
1624 294 1652 313 A.

914 327 980 360 Quat
995 326 1079 354 sancti
1102 335 1193 354 omnes
1215 324 1394 364 pertulerunt,
1412 336 1440 353 ea
1461 325 1505 353 hic
1530 326 1655 354 universa

914 370 1028 401 tulit.X.
1041 375 1107 399 731.
1123 380 1147 398 n.
1158 369 1189 397 Iu
1204 369 1295 397 multis
1309 369 1481 408 passionibus
1493 376 1518 397 et
1529 370 1656 398 aerumnis

914 413 1046 451 gaudebat
1066 420 1090 442 et
1106 413 1267 442 exsultabat.
1285 420 1306 441 1.
1322 417 1387 442 705.
1406 423 1431 443 Ε.
1448 420 1493 442 IV.
1501 418 1565 441 860.
1584 425 1608 441 ,1.
1623 420 1656 442 Χ.

915 462 979 487 492.
1002 467 1030 485 1).
1050 464 1095 486 xt.
1113 460 1177 485 495.
1194 465 1220 486 C.
1234 460 1301 484 496.
1317 463 1395 494 atque
1416 456 1593 494 gloriabatur.
1612 463 1657 485 III.

915 506 980 530 074.
995 512 1055 529 ,1.11.
1087 505 1134 528 75.
1152 506 1185 527 Υ.
1201 504 1246 528 44.
1265 511 1289 528 13.
1306 500 1402 528 Gloria
1417 500 1494 528 Pauli
1509 511 1576 530 crux
1588 507 1653 529 erat.

915 552 960 575 111.
987 549 1033 575 24,
1049 545 1080 572 In
1103 543 1224 571 adversis
1245 543 1334 570 anima
1358 543 1436 572 Pauli
1460 543 1517 582 ipso
1546 544 1658 572 meridie

914 587 1079 627 splendidior
1096 594 1162 616 erat.
1181 594 1226 615 lX.
1255 591 1321 616 707.
1350 587 1471 615 Pericula
1498 588 1656 625 quotidiana

915 632 983 660 levia
997 630 1177 660 existimabat.
1192 637 1212 658 1.
1233 635 1295 658 161.
1313 641 1340 657 n.
1363 640 1453 668 quare.
1473 638 1531 660 VII.
1550 636 1613 660 330.
1628 642 1655 660 Ε.

915 680 979 703 331.
1001 675 1099 703 Paulus
1122 674 1190 703 male
1205 673 1332 702 audiebat
1354 673 1427 713 apud
1452 674 1591 712 quosdam.
1624 682 1657 704 X.

914 724 979 747 700.
1001 729 1025 745 e.
1037 717 1156 752 Quidam
1168 717 1272 746 timoris
1284 728 1345 746 eum
1358 719 1527 746 accusabant.
1544 726 1576 747 11.
1591 723 1656 747 605.

916 774 943 791 1).
961 762 1003 791 vel
1019 762 1098 790 etiam
1116 761 1228 789 tumoris
1243 768 1269 789 et
1285 762 1454 800 arrogantiae.
1472 769 1517 791 111.
1542 767 1606 792 350.
1629 774 1655 791 c.

915 805 1089 834 [mimicorum
1106 805 1162 843 ejus
1181 805 1312 842 nequitia.
1331 813 1375 834 XI.
1391 810 1456 834 236.
1482 806 1597 834 Paulum
1613 807 1658 834 ni-

915 849 954 876 hil
978 849 1102 877 laeserunt
1126 857 1260 875 aerumnae.
1279 854 1325 875 VI.
1344 853 1405 876 180.
1424 858 1450 876 Ε.
1472 849 1513 877 Ex
1529 851 1657 878 aerumnis

913 899 937 920 et
953 892 1080 931 periculis
1094 901 1241 929 emergens,
1257 890 1423 931 splendidior
1439 892 1609 927 ascendebat,
1623 904 1654 921 eo

914 936 972 974 ipso
986 935 1056 973 quod
1075 935 1231 969 vexabatur,
1247 935 1387 963 victoriam
1403 935 1529 964 referens.
1543 943 1576 964 X.
1594 941 1658 965 729.

917 990 943 1008 n.
958 980 995 1007 Ut
1007 979 1138 1007 solaretur
1153 980 1312 1007 certantium
1328 978 1456 1015 laborem,
1471 990 1532 1008 suas
1553 981 1655 1019 passio-

915 1033 959 1051 nes
973 1022 1118 1050 enarravit.
1136 1029 1167 1050 11.
1185 1027 1247 1051 503.
1264 1033 1293 1052 n.
1310 1032 1334 1050 Ε.

954 1067 1030 1095 Pauli
1046 1067 1087 1094 vis
1099 1073 1123 1094 et
1138 1065 1276 1094 fortitudo.
1292 1074 1326 1096 11.
1340 1071 1405 1095 614.
1419 1078 1446 1096 A.
1464 1074 1533 1096 viu.
1551 1073 1616 1097 345.
1632 1081 1658 1100 n.

915 1118 948 1139 X.
962 1115 1005 1138 49.
1020 1121 1048 1139 E.
1065 1109 1207 1144 Quomodo
1220 1109 1306 1138 virtus
1321 1111 1376 1149 ejus
1387 1110 1414 1139 in
1425 1110 1583 1140 infirmitate
1595 1124 1653 1151 per-

914 1154 1064 1182 ficiebatur.
1082 1161 1113 1182 11.
1137 1158 1179 1181 12.
1201 1164 1227 1181 c.
1251 1154 1317 1192 Ejus
1334 1153 1491 1192 magnitudo
1507 1155 1602 1184 animi.
1620 1164 1655 1188 Χ,

915 1203 977 1226 263.
995 1209 1019 1226 11.
1042 1198 1194 1226 Generosus
1209 1197 1283 1225 illius
1301 1197 1405 1226 animus
1418 1220 1424 1232 ‚
1441 1197 1657 1237 imperterritus,

915 1242 1100 1279 invictusque,
1142 1240 1344 1277 adamantinus,
1374 1242 1479 1272 firmus.
1511 1250 1558 1271 111.
1590 1249 1654 1273 362.

916 1292 974 1313 Xtt.
990 1289 1054 1313 466.
1070 1296 1096 1315 Β,
1112 1284 1267 1312 immobilis.
1281 1292 1326 1313 XI.
1343 1290 1408 1315 529.
1423 1295 1447 1314 Β.
1474 1296 1539 1314 auro
1555 1294 1581 1316 et
1595 1288 1658 1316 ada-

916 1335 1002 1357 mante
1024 1329 1128 1357 fortior.
1147 1336 1180 1357 11.
1197 1333 1260 1356 579.
1278 1339 1307 1358 D.
1324 1329 1402 1357 Pauli
1426 1331 1513 1358 virtus
1539 1338 1564 1359 et
1589 1342 1657 1361 con-

914 1373 1020 1401 stantia.
1039 1380 1083 1400 III.
1104 1376 1166 1400 175.
1183 1383 1207 1400 ,1.
1222 1379 1278 1400 XII.
1296 1377 1359 1400 504.
1372 1384 1398 1401 Α.
1414 1377 1478 1401 505.
1493 1380 1571 1411 atque
1583 1375 1658 1403 fidu-

915 1416 966 1444 cia.
985 1423 1031 1444 xi.
1044 1420 1107 1444 215.
1120 1426 1143 1444 n.
1158 1422 1216 1444 xu.
1236 1419 1299 1443 542.
1314 1426 1340 1444 .1.

954 1460 1054 1487 Paulus
1069 1469 1166 1498 corpus
1181 1469 1260 1486 suum
1275 1459 1433 1497 castigabat,
1449 1470 1540 1497 quare.
1557 1468 1576 1491 I.
1592 1466 1655 1492 286,

915 1515 940 1531 c.
966 1508 1030 1532 287.
1053 1510 1098 1531 IV.
1122 1507 1185 1531 240.
1207 1513 1233 1531 Ε.
1252 1503 1280 1531 Si
1302 1502 1420 1531 dedisset
1443 1506 1659 1542 persequutionis

915 1557 1016 1586 poenas,
1032 1554 1057 1575 et
1075 1546 1167 1574 fuisset
1182 1546 1314 1581 sublatus,
1330 1556 1381 1575 non
1398 1546 1535 1575 habuisset
1550 1555 1657 1588 tempus

916 1590 1096 1630 poenitentiam
1113 1589 1219 1628 agendi.
1240 1596 1274 1617 V.
1291 1595 1337 1618 77.
1356 1591 1439 1618 Nocte
1454 1601 1484 1619 ac
1499 1590 1544 1619 die
1559 1602 1658 1621 conso-

915 1635 1040 1663 lationem
1058 1633 1210 1672 excipiebat
1224 1644 1238 1661 e
1253 1633 1398 1672 lacrymis-3
1414 1634 1505 1663 nullus
1519 1635 1656 1673 siquidem

916 1685 988 1707 tanto
1013 1678 1110 1707 affectu
1139 1678 1208 1705 mala
1234 1678 1351 1716 propria,
1370 1688 1450 1715 quam
1476 1678 1522 1706 ille
1536 1679 1652 1708 deflebat

916 1722 1013 1750 aliena.
1038 1729 1070 1750 It.
1089 1726 1151 1749 578.
1168 1733 1194 1751 B.
1211 1726 1274 1749 579.
1290 1722 1383 1759 ipsum
1407 1721 1496 1750 risisse
1524 1732 1657 1760 nusquam

915 1766 1021 1804 legitur.
1040 1773 1096 1794 VII.
1113 1770 1174 1793 112.
1187 1775 1213 1794 c.
1228 1764 1495 1804 Pauluslacrymans,
1507 1767 1608 1796 animas
1621 1768 1660 1796 ir—

917 1811 1030 1848 rigabat,
1045 1820 1095 1837 non
1112 1816 1222 1839 terram.
1241 1816 1285 1837 XI.
1301 1814 1363 1837 481.
1378 1819 1406 1837 D.
1424 1820 1450 1839 Ε,
1467 1820 1491 1837 Ε.
1507 1815 1572 1838 482.

955 1853 1054 1881 Paulus
1077 1860 1164 1881 vetera
1187 1860 1210 1880 et
1234 1863 1302 1881 nova
1317 1853 1440 1891 apprime
1467 1860 1588 1882 noverat.
1609 1861 1654 1883 VI.

914 1902 960 1926 82.
974 1908 1000 1926 c.
1010 1895 1152 1931 Quomodo
1165 1895 1249 1924 idiota
1258 1896 1337 1924 suerit
1350 1902 1376 1923 et
1388 1906 1438 1923 non
1452 1896 1542 1924 fuerit.
1556 1904 1575 1926 1.
1588 1902 1655 1925 503.

914 1952 941 1969 Ε.
962 1953 985 1970 a.
1001 1948 1035 1970 X.
1051 1945 1117 1969 708.
1137 1951 1162 1969 Ε.
1182 1951 1209 1969 A.
1226 1944 1292 1968 709.
1309 1939 1385 1967 Pauli
1407 1946 1432 1967 et
1454 1939 1571 1968 Platonis
1585 1941 1657 1969 circa

913 1985 1050 2013 scientiam
1068 1983 1232 2022 comparatio
1246 1983 1313 2011 sacta
1338 1983 1406 2011 inter
1421 1983 1607 2012 Christianum
1629 1991 1656 2013 et

915 2029 1052 2057 Graecum.
1067 2035 1101 2056 X.
1120 2032 1166 2055 23.
1183 2037 1246 2065 sqq.
1266 2026 1372 2064 Ubique
1388 2037 1443 2054 suae
1459 2026 1588 2055 doctrinae
1610 2038 1655 2056 ra-

912 2071 970 2100 dios
985 2071 1120 2100 emittebat
1137 2070 1244 2099 Paulus.
1264 2077 1308 2099 tv.
1327 2075 1391 2098 261.
1411 2081 1439 2098 E.
1458 2072 1478 2097 A
1497 2070 1654 2100 visibilibus

916 2115 1066 2144 doctrinam
1091 2114 1194 2152 incipit.
1213 2120 1259 2141 IV.
1286 2118 1330 2142 14.
1356 2124 1382 2142 c.
1401 2113 1521 2141 Humilia
1536 2109 1660 2143 sublimi-

916 2160 966 2187 bus
982 2158 1127 2192 admiscet,
1145 2168 1235 2195 quare.
1255 2164 1313 2186 XII.
1331 2162 1391 2185 199.
1408 2168 1433 2186 e..
1446 2159 1501 2186 Lac
1515 2165 1592 2186 vocat
1603 2158 1657 2186 hu-

917 2203 1009 2231 milem
1025 2211 1185 2236 sermonem,
1198 2200 1270 2238 quod
1282 2200 1491 2239 simplicioribus
1506 2202 1657 2231 conveniat.

918 2253 978 2275 XII.
1008 2250 1070 2274 124.
1089 2256 1116 2274 c.
1136 2244 1296 2272 Persectioia
1316 2254 1396 2281 quam
1418 2246 1526 2283 Moyses
1553 2245 1657 2274 docuit.

918 2297 964 2319 Iv.
986 2294 1025 2317 15.
1041 2290 1129 2324 Quam
1143 2287 1233 2325 gratia}
1253 2288 1447 2316 abundantiam
1459 2288 1532 2316 dicat
1545 2289 1655 2317 Paulus.

919 2340 965 2362 IX.
981 2337 1046 2361 573.
1070 2343 1094 2361 n.
1108 2332 1240 2370 Exemplo
1260 2332 1336 2370 figuli
1351 2332 1398 2369 qui
1412 2332 1476 2360 facit
1492 2343 1548 2361 vas
1563 2334 1595 2360 in
1608 2334 1657 2360 lio-

920 2387 1029 2410 ποι-ειη,
1049 2382 1075 2404 et
1092 2385 1147 2403 vas
1163 2377 1193 2402 in
1214 2376 1438 2412 contumeliam,
1452 2375 1566 2403 liberum
1583 2375 1658 2404 arbi-

919 2421 999 2448 trium
1016 2430 1066 2447 non
1090 2419 1169 2447 tollit.
1194 2419 1260 2457 Ejus
1275 2419 1326 2447 loci
1346 2419 1503 2457 explicatio.
1527 2426 1572 2446 IX.
1591 2423 1657 2447 680.

920 2465 1011 2493 L'num
1029 2472 1111 2500 genus
1132 2469 1299 2500 perscrutans
1313 2462 1506 2501 providentiae,
1522 2462 1658 2490 exclama-

919 2508 956 2535 vit
973 2519 979 2534 :
997 2506 1155 2535 Oalticndo
1166 2505 1178 2534 J
1192 2513 1224 2535 V.
1241 2510 1307 2534 228.
1326 2517 1348 2533 i.
1367 2507 1423 2533 Cur
1437 2506 1657 2534 resurrectionem

920 2551 1028 2580 Domini
1055 2550 1171 2578 maxime
1194 2550 1306 2589 probare
1322 2550 1434 2578 nitatur.
1453 2556 1510 2577 XII.
1534 2554 1560 2578 5.
1578 2560 1606 2578 n.
1630 2560 1657 2578 11.

923 2599 962 2623 De
985 2595 1118 2633 magistris
1140 2601 1164 2623 ct
1185 2593 1342 2622 doctoribus
1361 2599 1433 2621 vetat
1452 2592 1580 2629 judicare.
1600 2600 1659 2622 vn.
