1950 2922
232 201 298 223 210

228 276 242 289 (1
250 262 331 297 Quod
342 262 362 290 si
375 275 389 289 ν
397 285 404 299 ‚
417 262 512 301 inquit,
522 263 659 291 «necdum
669 262 828 300 importunae
839 269 891 287 suae
902 268 964 286 con-

227 309 336 337 tentioni
352 316 377 337 et
393 309 492 348 injusto
509 309 578 337 hello
595 308 674 336 linem
697 307 832 345 imponere
851 304 946 332 volunt
957 326 964 340 ,

227 356 273 394 qui
293 356 391 385 horum
408 367 422 384 a
444 355 576 394 principio
592 355 723 382 malorum
735 359 856 381 auctores
870 352 943 379 fuere
956 373 963 386 ‚

226 412 259 430 ne
274 412 321 430 vos
340 401 479 430 conturbet
495 400 564 428 illud
577 423 585 437 ‚
605 410 670 428 neve
685 398 787 427 animos
803 404 904 426 vestros
919 397 965 425 de-

178 458 212 476 115
225 447 313 476 bilitet
327 459 333 475 z
348 454 446 485 quanto
460 447 531 474 enim
543 446 627 484 major
642 445 719 474 vobis
733 445 853 473 exoritur
870 443 947 472 labor
957 465 965 480 ‚

227 501 299 522 tanto
310 494 389 522 etiam
403 493 488 531 major
504 502 599 520 corona
612 498 740 522 nectetur‚
753 503 767 517 »

267 540 382 569 Venerio
398 549 503 577 quoque
518 537 712 566 Mediolanensi
733 536 805 565 misit
826 536 965 574 epistolam

227 586 284 614 1ὃὲ
298 608 305 620 ,
326 593 351 614 et
364 585 498 624 Hesyeliio
518 585 656 613 Salonensi
677 584 704 612 in
726 584 861 612 Dalmatia
884 583 963 622 epist.

231 633 283 660 1⁸5
293 641 299 657 τ
310 642 376 669 (11105
392 631 502 670 perinde
515 631 606 659 laudat
621 641 635 658 a
651 630 750 659 virtute
761 637 786 658 et
797 629 944 658 constantia
955 651 963 665 ‚

221 684 249 705 ‘et
266 677 387 706 hortatur
402 684 431 705 ut
445 684 529 716 coepta
546 677 672 716 perficere
687 683 818 714 satagant.
839 676 964 704 Summo-

226 734 288 762 pcre
303 723 430 762 praedicat
450 724 479 752 S.
494 723 597 752 Aurelii
614 722 832 761 Carthaginiensis
845 721 964 762 episcopi

225 770 369 804 virtutem,
385 769 560 797 constantiam
581 775 605 797 et
626 768 752 807 loquendi
773 768 922 796 libertatem
939 767 965 795 in

225 817 335 855 epistola
354 816 409 844 149
423 828 428 843 :
443 827 521 854 quem
533 816 579 844 etsi
595 822 668 844 tanto
680 821 810 843 terrarum
822 813 964 843 intervallo

226 862 260 889 ab
275 873 301 890 se
318 862 443 890 dissitum
455 884 461 896 ‚
478 861 529 889 sibi
546 868 632 889 tamen
654 860 762 889 caritate
776 860 966 899 conjunctissi—

226 918 299 935 mum
319 918 375 936 esse
395 907 542 946 signifieat,
563 908 597 935 ita
620 913 647 935 ut
667 906 797 935 ferventer
820 905 967 934 admodum

225 966 332 984 causam
348 966 423 983 5113111
438 954 582 991 defendat,
597 955 773 992 hortaturque
789 953 869 982 illum
890 960 919 982 ut
939 955 965 982 in

226 1001 276 1029 hoc
290 1000 417 1039 praeclaro
432 1000 576 1028 certamine
591 1006 751 1039 perseveret.

101 1074 105 1093 1
123 1082 126 1085 ῃ
143 1074 172 1094 -d
268 1046 323 1075 Hoc
343 1046 438 1074 ultimo
450 1067 458 1081 ,
473 1052 502 1073 ut
514 1052 638 1084 putatur,
656 1045 746 1073 exsilii
769 1046 809 1073 sui
832 1054 917 1080 anno,
934 1044 968 1072 li-

72 1074 214 1130 ξῖἐιῖἓῇςυος
226 1093 305 1120 hrum
320 1090 483 1130 composuit,
500 1091 577 1129 cujus
594 1090 637 1119 vel
652 1090 746 1118 titulus
758 1091 830 1119 solus
839 1090 968 1118 Christia—

73 1130 213 1186 ῗέιῃῑῖῑῑῃὲὼ
227 1148 266 1165 11ae
294 1136 472 1176 philosophiae
499 1147 631 1164 summam
654 1135 842 1174 complectitur
858 1147 865 1163 .·
884 1135 969 1173 Quod

84 1176 88 1187 Ι
101 1174 144 1194 que
157 1174 166 1186 3

73 1198 189 1226 Olympia-

73 1229 132 1248 dem.

227 1186 277 1223 qui
299 1186 423 1222 seipsum
444 1193 502 1210 non
520 1183 618 1214 loedit,
633 1192 715 1210 nemo
740 1182 843 1209 laedere
863 1184 964 1219 possit.

228 1231 278 1259 Hic
291 1229 423 1268 quidquid
441 1229 474 1257 ad
492 1230 565 1267 pium
583 1229 644 1257 vitae
665 1228 817 1256 institutum
834 1227 966 1266 pertinet,

97 1278 213 1317 Phry-sest.
227 1276 348 1315 apposite
362 1275 503 1314 profertur.
521 1274 592 1309 Quia
605 1284 667 1303 vero
682 1274 731 1302 vix
747 1273 898 1311 contingere
917 1283 968 1311 po-

75 1315 148 1338 ²‘³'P'
159 1319 212 1339 ‘⁵⁶¹'
226 1328 286 1356 test,
299 1321 381 1359 utqui
391 1320 416 1348 in
430 1320 473 1349 via
488 1320 581 1348 salutis
593 1320 836 1354 incedit‚aerumnis
846 1329 896 1347 nou
909 1330 967 1358 pre·

227 1374 328 1402 matur,
345 1373 451 1404 quantae
471 1366 594 1394 utilitatis
608 1366 661 1394 sint
678 1375 803 1394 zerumnae
817 1365 966 1394 0103131111-

227 1420 293 1441 tates
304 1436 311 1449 ,
323 1419 381 1441 tum
391 1423 424 1440 ex
435 1412 592 1450 Scripturis‚
605 1418 661 1439 tum
673 1422 707 1440 ex
715 1418 866 1440 sanctorum
880 1422 967 1440 exem·

226 1459 273 1498 plo
289 1459 377 1498 palam
398 1458 469 1486 facit.
486 1458 547 1486 Post
562 1457 633 1486 hune
648 1457 811 1485 continenter
830 1456 966 1486 3111111111-

74 1523 211 1554 T'3'P‘455'
225 1506 306 1534 bruni
320 1504 404 1533 edidit
414 1527 421 1539 ‚
439 1504 514 1542 cnjus
525 1503 638 1532 titulus:
652 1504 705 1531 Ad
717 1513 764 1531 eos
779 1505 829 1542 qui
844 1503 967 1531 scanda-

226 1553 306 1580 lizati
315 1557 383 1580 sunt
395 1552 429 1578 ob
440 1551 628 1578 adversitates
642 1560 706 1588 quoe
716 1552 909 1588 contigerunt,
917 1560 967 1587 po-

223 1598 344 1636 pttliqite
358 1603 384 1625 et
400 1595 556 1624 multorum
569 1596 751 1623 sacer-domm
763 1597 964 1633 persequutio—

227 1654 290 1672 nem
306 1653 340 1671 ac
350 1643 566 1681 perversionem
580 1663 587 1675 ,
600 1648 650 1669 etc.
669 1652 675 1666 :
692 1641 739 1668 ubi
759 1640 830 1669 idem
851 1641 904 1669 sere
922 1652 965 1669 ar—

227 1696 383 1728 gumentum
405 1687 573 1727 persequitur
589 1687 660 1724 quod
682 1686 708 1714 in
725 1686 881 1725 praeeedenti
898 1687 968 1715 libro

227 1741 397 1764 tractaverat.
414 1734 512 1772 Agitur
532 1734 575 1762 1110
598 1733 633 1762 de
647 1733 762 1761 ferendis
776 1733 856 1761 rebus
870 1733 966 1762 adver-

228 1781 276 1815 sis,
290 1781 483 1819 cujuseumque
501 1779 606 1807 tandem
627 1779 729 1817 generis
743 1779 816 1814 sint,
831 1779 967 1818 exemplo-

227 1838 279 1865 que
304 1833 455 1855 sanctorum
477 1825 582 1854 Veteris
604 1825 726 1862 Novique
750 1826 911 1854 Testamenti
933 1826 967 1854 ad

228 1884 286 1902 eam
312 1883 368 1901 rem
392 1871 568 1900 instituuntur
590 1871 874 1911 Constantinopolitani
887 1895 894 1907 ‚
922 1873 967 1910 qui

230 1928 291 1948 tuuc
307 1929 321 1946 a
334 1917 450 1946 scelestis
460 1917 645 1956 perversisque
658 1917 813 1946 nominibus
828 1919 967 1947 vexaban—

228 1974 282 1994 tur.
300 1965 339 1993 Ad
353 1976 397 1993 eos
411 1975 473 1993 vcro
488 1963 605 1992 maxime
618 1971 718 2003 spectat
730 1965 814 1993 oratio
824 1987 832 1999 ‚
848 1965 893 2003 qui
908 1977 970 2005 pro-

228 2012 276 2040 bos
296 2011 416 2040 videntes
441 2021 455 2038 a
475 2009 608 2037 seditiosis
631 2009 792 2047 nefariisque
814 2010 970 2039 hominibus

228 2057 340 2093 vexari,
356 2056 476 2085 divinam
497 2056 647 2083 incusarent
666 2056 877 2094 providentiam.
902 2058 971 2086 Aui-

228 2117 288 2134 eum
303 2104 457 2142 autem‚qui
470 2114 483 2132 a
496 2103 680 2132 consceleratis
694 2104 718 2131 in
730 2114 908 2132 successorem
920 2106 971 2133 Ar-

229 2152 291 2181 sacii
308 2158 446 2189 cooptatus
465 2151 550 2178 fuerat
563 2172 569 2183 ,
583 2149 710 2177 acerrime
722 2150 879 2188 perstringit
892 2173 898 2180 .
910 2161 971 2178 cum

231 2198 267 2225 ait
281 2208 341 2235 cap.
356 2198 414 2225 220:
440 2196 525 2224 Nihil
545 2206 611 2234 ergo
629 2197 750 2223 istorum
771 2198 824 2224 tibi
843 2197 972 2235 offendi-

232 2244 298 2271 culo
309 2245 345 2271 sit
359 2265 365 2277 ‚
380 2253 437 2270 non
451 2242 584 2270 sacerdos
598 2242 648 2269 ille
670 2252 746 2270 nunc
771 2243 949 2280 depravatus
960 2267 967 2278 ‚

232 2290 299 2327 lupo
316 2291 416 2327 quovis
435 2290 538 2315 StPt'ills
552 2289 582 2314 in
601 2298 715 2325 gregem
737 2288 878 2318 insiliens,
891 2289 971 2318 Unde

231 2333 398 2373 comprobari
423 2333 530 2361 omnino
554 2333 680 2367 videtur,
694 2333 766 2362 hune
787 2334 889 2364 librum
908 2336 968 2364 edi-

232 2388 287 2408 tum
300 2380 380 2408 fuisse
395 2385 535 2418 postquam
551 2379 629 2416 legati
644 2380 793 2408 Innocentii
806 2381 885 2420 Papae
895 2405 902 2418 ,
914 2383 973 2421 epi—

231 2427 303 2465 scopi
319 2424 485 2458 Oricntalcs‚
505 2424 550 2461 qui
565 2434 626 2452 cum
642 2424 735 2462 legatis
746 2434 890 2461 venerant,
909 2428 973 2456 alii-

230 2484 283 2511 que
298 2472 375 2501 multi
390 2470 523 2510 episcopi,
540 2470 702 2505 sacerdotes,
715 2471 804 2500 clerici
817 2494 825 2507 ‚
842 2480 867 2501 et
880 2474 970 2513 cujus-

230 2520 272 2548 vis
286 2518 390 2558 generis
409 2524 434 2546 et
453 2516 632 2551 conditionis,
646 2517 735 2544 Attico
751 2525 858 2547 auctore
873 2542 880 2555 ‚
898 2520 970 2559 pulsi

229 2566 339 2604 (111-611110
351 2563 439 2593 vexati
454 2564 558 2591 fuerant
571 2585 578 2596 ‚
594 2568 624 2590 ut
637 2573 717 2601 supra
731 2563 857 2593 vidimus.

270 2613 320 2640 Per
338 2619 422 2640 totum
437 2616 524 2638 autem
548 2619 646 2637 annum
666 2609 724 2638 406
740 2610 877 2639 commoda
894 2613 969 2641 valc-

706 201 734 223 5.
763 198 903 222 JOANNIS
929 198 1161 221 CllRYSOSTOMI
1189 198 1287 229 viTA,

1023 258 1116 287 tudine
1141 259 1281 287 fruebatur
1303 259 1530 298 Chrysostomus,
1543 267 1573 289 ut
1594 260 1620 289 in
1640 259 1762 300 Epistola

1023 305 1057 333 ad
1073 305 1214 344 Elpidium
1227 306 1284 333 142
1299 312 1338 333 sat
1353 305 1493 344 perspicue
1508 305 1624 334 insinuat
1637 329 1646 341 ,
1663 306 1709 335 ubi
1725 306 1763 334 ait

1023 362 1050 380 se
1065 352 1121 391 jam
1137 352 1291 380 Isaurorum
1312 351 1474 380 tumultibus
1488 351 1630 380 liberatum
1644 375 1652 387 ,
1666 353 1720 381 otio
1733 363 1763 381 ac

1022 398 1110 435 quiete
1131 397 1184 426 frui
1198 404 1278 436 atque
1296 397 1323 425 in
1343 398 1485 426 securitate
1499 397 1603 436 degere.
1618 399 1649 426 In
1665 399 1763 438 hyeme

1022 450 1109 472 autem
1124 451 1187 472 tunc
1200 444 1373 477 versabatur,
1387 454 1447 482 quae
1462 444 1488 472 in
1504 444 1626 472 Armenia
1642 446 1763 484 asperior

1021 500 1077 517 esse
1087 489 1198 517 solebat.
1214 490 1328 518 Joannes
1344 500 1407 518 vero
1423 489 1558 518 imbecillo
1572 500 1683 529 corpore
1694 501 1762 530 prae-

1020 535 1094 563 ditus
1105 557 1112 569 ‚
1127 534 1192 563 dum
1209 535 1294 573 frigus
1311 535 1415 564 saeviret
1427 557 1434 572 ‚
1446 535 1519 564 domi
1534 546 1561 563 se
1576 543 1705 575 perpetuo
1718 537 1762 564 in-

1021 581 1157 615 cludebat,
1168 591 1281 619 raroque
1295 592 1309 609 e
1324 581 1416 610 limine
1430 581 1526 621 pedem
1540 582 1679 619 efferebat;
1691 582 1764 611 inde·

1021 637 1074 664 que
1086 627 1186 655 factum
1202 634 1231 655 ut
1242 627 1268 655 in
1282 627 1378 666 hyeme
1390 628 1435 656 illa
1446 628 1514 656 bona
1526 628 1678 657 valetudine
1689 629 1763 657 frue-

1021 680 1104 701 retur.
1125 673 1155 701 In
1165 673 1278 712 epistola
1294 684 1401 712 quoque
1415 681 1508 712 quarta
1524 674 1558 703 ad
1571 674 1763 714 Olympiadem

1021 719 1058 746 ait
1079 729 1106 747 se
1124 719 1193 747 bona
1210 719 1363 747 valetudine
1376 720 1444 755 frui,
1460 727 1539 758 atque
1562 720 1588 748 in
1612 731 1709 759 magna
1723 731 1764 749 se-

1021 765 1132 793 curitate
1146 775 1217 801 esse;
1231 764 1296 793 adeo
1319 772 1349 793 ut
1372 766 1494 794 Armenii
1507 765 1542 794 ad
1558 773 1696 805 stuporem
1717 777 1763 795 us-

1021 821 1072 848 que
1086 811 1261 847 mirarentur,
1276 811 1348 849 quod
1364 812 1407 840 vir
1427 812 1494 841 adeo
1516 813 1645 841 imbecilli
1661 824 1762 853 corpo-

1021 856 1058 884 ris
1072 879 1078 891 ,
1096 856 1290 885 intolerandam
1310 857 1418 895 frigoris
1444 859 1500 887 vim
1522 859 1640 898 perferre
1654 866 1764 898 posset,

1022 914 1082 931 cum
1099 903 1117 931 ii
1134 903 1227 938 etiam,
1243 903 1289 941 qui
1312 904 1358 932 tali
1377 904 1468 943 hyemi
1488 905 1585 933 assueti
1601 912 1688 941 erant,
1702 905 1765 934 hinc

1022 959 1074 978 non
1090 949 1230 987 vulgarem
1245 950 1271 977 in
1286 949 1397 978 modum
1408 951 1586 979 afficerentur.
1605 951 1766 991 Olympiadi

1022 1003 1109 1024 autem
1123 1006 1149 1023 se
1163 996 1266 1024 misisse
1280 995 1317 1024 ait
1333 996 1445 1032 librum,
1459 1008 1510 1035 quo
1524 998 1619 1037 probat
1631 999 1762 1027 neminem
1777 986 1919 1044 qo'fffi‘ifflfd

1023 1041 1119 1069 laedere
1133 1051 1208 1080 posse
1219 1052 1295 1076 eum,
1305 1042 1350 1080 qui
1365 1043 1482 1081 seipsum
1499 1055 1551 1072 non
1567 1044 1649 1080 laedit,
1662 1055 1765 1074 necnon
1777 1040 1836 1068 dein.

1024 1088 1107 1116 alium
1122 1088 1222 1116 librum
1238 1088 1355 1127 idipsum
1371 1090 1587 1128 comprobantem
1598 1112 1605 1125 ‚
1622 1102 1702 1128 quem
1719 1102 1765 1130 po-

1025 1142 1151 1162 stremum
1177 1145 1238 1162 eum
1260 1145 1316 1163 esse
1339 1136 1380 1163 cui
1404 1136 1498 1164 titulus
1513 1144 1569 1172 est,
1583 1138 1636 1165 Ad
1653 1148 1701 1166 eos
1716 1140 1767 1177 qui

1024 1181 1223 1209 scandalizati
1240 1188 1328 1217 sunt,
1351 1188 1401 1209 etc.
1416 1203 1423 1215 ,
1437 1182 1493 1220 jam
1510 1182 1578 1210 1111111
1601 1182 1766 1212 dubitamus.

1064 1228 1156 1263 Neque
1176 1227 1281 1254 silentio
1300 1227 1517 1266 praetercundum
1542 1228 1571 1257 id
1595 1228 1666 1267 quod
1685 1229 1766 1268 paulo

1024 1278 1099 1299 antea
1115 1271 1273 1310 Olympiadi
1289 1271 1374 1307 dixit,
1391 1283 1419 1300 se
1439 1283 1534 1312 nempe
1547 1281 1617 1302 certo
1636 1275 1662 1303 in
1676 1275 1765 1304 sedem
1922 1295 1924 1308 1

1024 1328 1098 1346 suam
1116 1317 1308 1346 restituendum
1320 1318 1385 1346 fore.
1402 1318 1443 1346 En
1458 1320 1516 1357 ejus
1530 1319 1613 1348 verba
1627 1333 1632 1348 :
1650 1333 1664 1347 «
1684 1320 1767 1357 Quod

1023 1363 1046 1392 si
1066 1363 1117 1392 tibi
1141 1363 1262 1392 moeroris
1277 1374 1383 1392 causam
1400 1364 1427 1392 id
1445 1365 1537 1400 affert,
1553 1366 1628 1404 quod
1649 1377 1665 1394 a
1689 1366 1766 1396 nobis

1024 1410 1142 1448 sejuncta
1154 1410 1205 1445 sis,
1223 1409 1305 1448 hujus
1321 1410 1400 1438 etiam
1417 1411 1454 1439 rei
1468 1411 1558 1439 laetum
1574 1412 1655 1441 finem
1671 1424 1766 1453 exspe-

1026 1462 1078 1484 cta.
1096 1457 1182 1494 Atque
1205 1456 1256 1484 lioc
1272 1466 1324 1484 non
1347 1457 1502 1485 consolandi
1528 1458 1611 1486 animi
1629 1459 1667 1487 tui
1685 1471 1765 1490 eausa

1025 1512 1096 1530 nunc
1106 1502 1181 1536 dico,
1193 1502 1238 1531 sed
1252 1502 1315 1540 quia
1330 1503 1501 1542 exploratum
1516 1503 1582 1532 mihi
1595 1511 1632 1533 est
1645 1504 1679 1533 ita
1694 1506 1760 1535 fore.

1024 1550 1094 1577 Nam
1113 1549 1163 1577 nisi
1179 1549 1214 1577 ita
1228 1549 1349 1577 futurum
1361 1556 1444 1584 esset,
1459 1550 1638 1588 jampridem,
1656 1552 1707 1580 nisi
1724 1563 1766 1581 me

1026 1595 1116 1633 opinio
1140 1595 1229 1630 fallit,
1246 1606 1292 1634 per
1310 1595 1377 1623 mihi
1395 1595 1482 1624 illatas
1499 1596 1664 1626 calamitates
1680 1608 1694 1626 e
1709 1598 1766 1627 vita

1026 1641 1168 1669 cessissem.
1184 1643 1222 1670 Ut
1246 1641 1316 1669 enim
1329 1642 1408 1670 etiam
1426 1643 1514 1670 omnia
1535 1653 1594 1680 quae
1612 1644 1766 1673 Constanti-

1026 1688 1114 1727 nopoli
1130 1698 1267 1727 perpessus
1284 1698 1343 1716 sum
1361 1695 1531 1727 prmteream,
1557 1696 1673 1726 quanta,
1691 1697 1767 1729 post-

1025 1745 1105 1771 quam
1120 1745 1153 1762 ex
1170 1734 1236 1762 urbe
1253 1734 1353 1763 excessi
1365 1756 1372 1770 ,
1392 1735 1418 1762 in
1435 1741 1488 1762 tam
1509 1735 1588 1773 longo
1605 1746 1635 1763 ac
1656 1737 1766 1765 molesto

1025 1779 1119 1808 itinere
1134 1780 1240 1819 pertuli,
1252 1790 1368 1818 quorum
1385 1780 1468 1809 multa
1481 1781 1611 1819 ejusmodi
1625 1789 1719 1817 erant,
1737 1789 1767 1811 nt

1025 1833 1137 1854 mortem
1162 1826 1258 1855 afferre
1279 1833 1400 1865 possent;
1426 1834 1524 1865 quanta
1547 1834 1688 1866 postquam
1713 1828 1767 1858 huc

1025 1873 1104 1907 veni,
1120 1879 1216 1910 quanta
1239 1881 1380 1912 postquam
1395 1873 1501 1902 Cucuso
1519 1874 1652 1912 migravi,
1669 1882 1766 1912 quanta

1025 1919 1141 1956 denique
1155 1926 1298 1958 postquam
1310 1919 1431 1948 Arabissi
1443 1927 1623 1949 commoratus
1635 1931 1693 1949 sum
1703 1945 1712 1957 ,
1726 1922 1768 1950 in-

1026 1965 1148 2004 telligere
1159 1965 1208 1992 tibi
1221 1965 1292 1993 licet.
1305 1977 1319 1991 1)
1332 1966 1370 1993 Ita
1391 1966 1503 2004 putabat
1525 1967 1570 1994 ille
1581 1967 1767 1997 Constantino-

1027 2011 1102 2050 polin
1117 2011 1169 2039 sibi
1183 2011 1384 2049 remigrandum
1403 2022 1469 2040 esse.
1484 2013 1587 2041 Verum
1598 2013 1668 2050 alio,
1685 2024 1768 2052 quam

1027 2057 1168 2096 sperabat,
1187 2057 1266 2085 modo
1285 2068 1326 2085 res
1339 2056 1444 2087 cecidit.

1068 2104 1098 2131 In
1116 2104 1168 2131 fine
1190 2110 1278 2131 autem
1292 2103 1410 2142 epistolae
1422 2105 1441 2131 4
1453 2103 1486 2132 ad
1501 2103 1692 2143 Olympiadem
1709 2104 1767 2134 11Ξο

1027 2150 1064 2179 ait
1077 2162 1084 2178 .·
1099 2162 1112 2176 1(
1122 2151 1161 2178 Dc
1176 2149 1283 2187 Pelagio
1296 2149 1427 2177 monacho
1439 2160 1536 2187 magno
1549 2150 1643 2180 dolore
1657 2151 1767 2180 affectus

1027 2207 1096 2224 sum.
1109 2196 1202 2234 Cogita
1217 2195 1300 2234 igitur
1319 2202 1383 2233 quot
1398 2196 1558 2233 quantisque
1572 2197 1676 2226 coronis
1690 2197 1767 2236 digni

1027 2242 1078 2270 sint
1090 2242 1135 2280 qui
1149 2242 1210 2270 forti
1225 2242 1314 2270 animo
1328 2243 1355 2270 in
1371 2242 1427 2270 acic
1442 2249 1570 2271 steterunt
1583 2265 1590 2279 ‚
1603 2254 1664 2272 cum
1680 2244 1764 2281 viros,

1027 2289 1075 2326 qui
1100 2295 1155 2316 tam
1178 2288 1221 2327 pie
1245 2299 1276 2316 ac
1303 2295 1391 2317 sancte
1414 2296 1539 2327 tantaque
1565 2301 1625 2319 cum
1649 2291 1767 2320 toleran-

1028 2334 1064 2362 tia
1089 2334 1211 2363 vixerant
1224 2357 1231 2369 ,
1247 2334 1335 2373 abripi
1359 2342 1438 2372 atque
1464 2335 1490 2363 in
1513 2336 1635 2366 fraudem
1661 2337 1766 2376 impelli

1027 2380 1177 2409 videamus.
1192 2392 1205 2406 »
1215 2380 1265 2409 Hic
1280 2388 1389 2419 putatur
1402 2382 1444 2419 agi
1458 2381 1491 2410 de
1506 2382 1614 2421 Pelagio
1628 2383 1767 2412 haeresiar-

1027 2427 1077 2455 cha
1090 2449 1097 2462 ‚
1110 2428 1156 2465 qui
1172 2427 1222 2456 1100
1245 2434 1362 2466 tempore
1373 2438 1474 2457 errores
1492 2439 1553 2458 suos
1567 2429 1637 2458 circa
1651 2429 1764 2468 gratiam

1026 2473 1076 2502 Dei
1090 2474 1228 2512 publicare
1241 2474 1330 2513 coepit.

1065 2520 1138 2547 Inter
1153 2519 1277 2558 epistolas
1292 2519 1476 2559 Chlysostomi
1489 2541 1496 2554 ‚
1512 2531 1577 2558 quas
1589 2520 1656 2549 bene
1667 2521 1766 2551 multas

1022 2566 1078 2604 jam
1094 2566 1301 2596 memoravimus
1312 2590 1319 2603 ‚
1333 2567 1390 2595 aliae
1405 2567 1527 2605 quaedam
1539 2574 1600 2596 sunt
1611 2589 1619 2603 ‚
1635 2578 1692 2605 quae
1703 2569 1766 2597 nul<

1025 2613 1078 2641 lam
1092 2613 1135 2641 vel
1156 2613 1282 2651 temporis
1296 2613 1336 2642 vel
1352 2613 1497 2642 occasionis
1512 2624 1563 2651 qua
1584 2613 1654 2642 datae
1668 2614 1742 2643 fuere
1755 2637 1762 2650 ,

1815 953 1920 981 Epistolae
