1884 2922
212 164 282 200 316

211 239 319 268 debant.
344 247 401 269 VII.
426 245 487 268 117.
513 250 540 267 A.
566 250 590 267 n.
614 238 788 267 Meretricum
810 247 902 268 cantus
922 242 948 269 in

211 283 331 312 theatris.
349 291 404 312 VII.
420 288 485 311 700.
510 284 610 310 Cantus
633 282 672 309 illi
697 293 774 311 aures
796 282 950 311 immundas

213 327 339 355 reddunt.
367 334 421 355 VII.
447 332 506 355 474.
535 338 557 353 n.
574 326 725 354 Meretriccs
749 326 774 354 in
791 328 952 366 spectaculis

213 370 303 399 videre
318 381 396 408 qnam
411 370 604 409 periculosum.
623 376 693 398 VIII.
713 374 775 398 126.
796 381 822 399 Ε.
848 381 874 398 A.
891 372 951 399 Me-

213 414 320 442 retrices
348 414 373 440 in
398 412 523 441 convivia
548 412 717 441 introductae.
750 420 808 442 VII.
835 419 898 442 564.
924 425 949 442 C.

215 457 335 495 Nuptiali
351 455 495 484 celebritati
511 454 646 484 admixtse.
665 463 711 484 XI.
738 461 802 485 485.
821 468 847 485 Ε.
869 469 892 485 r.

255 499 410 527 Meretrices
431 498 557 527 mulieres
572 499 597 526 in
614 499 767 538 genealogia
783 501 882 529 Christi
898 511 953 529 me·

217 550 365 573 morantur.
382 550 440 571 VII.
459 547 506 571 25.
520 554 545 571 A.

255 586 383 614 Meretrix
394 586 523 625 pteriitens
533 585 609 616 brevi
625 592 746 625 tempore
757 587 845 615 omnia
857 587 955 626 probra

215 630 304 658 diluit.
321 637 340 658 I.
356 634 421 658 610.
439 640 465 658 D.
485 629 544 657 Alia
559 630 685 658 meretrix
703 629 798 658 divino
820 631 880 669 igne
896 642 957 659 suc-

216 684 292 702 censa
312 673 465 711 virginibus
487 673 583 702 clarior
598 673 690 702 effecta
705 681 753 701 est.
778 681 836 703 VII.
852 680 915 703 110.
929 686 953 703 Β.

214 717 345 745 Meretrix
360 717 482 754 quaedam
497 717 595 745 famosa
610 724 727 756 tempore
741 718 930 757 Chrysostomi
947 740 955 753 ‚

216 767 316 788 mutata
332 767 420 799 postea
436 783 442 795 ,
461 767 578 788 sanctam
599 761 682 789 vitam
699 761 788 791 duxit.
808 770 866 791 VII.
883 768 949 792 750.

217 814 244 833 c.
260 816 286 832 A.
300 805 481 843 imperatricis
498 805 607 833 fratrem
624 805 749 836 irretivit,
773 807 815 833 ΙΙ).

258 849 483 877 ΜΕεοΡοΤΑΜῐΕ
505 848 668 877 habitatores
691 860 738 888 per
754 849 838 878 Jacob
861 850 959 879 edocti.

218 899 252 922 V.
278 897 321 922 18.
346 902 374 921 Ε.
398 892 592 930 Mesopotamia
609 892 712 921 donum
734 893 851 931 Spiritus
871 894 955 922 sancti

219 936 334 975 accepit.
351 943 381 965 v.
402 941 464 965 195.
478 947 505 963 Ε.

260 982 382 1011 ΜΕΣΣιΑΣ
394 990 454 1008 011111
470 980 583 1008 articulo
595 982 608 1008 ὁ
624 981 748 1013 Μεσσίας
770 991 854 1009 unum
867 982 960 1011 Jesum

220 1023 360 1053 Christum
375 1023 518 1061 significat.
537 1030 607 1052 VIII.
628 1028 689 1052 128.
706 1035 732 1054 0.
749 1034 776 1052 D.

255 1068 408 1095 ΜΕΤΑΕΕΑ.
426 1067 467 1095 Ad
482 1067 587 1095 metalla
604 1067 722 1095 damnati
735 1074 833 1105 quanta
848 1068 958 1106 patian-

217 1117 273 1138 tur.
286 1117 306 1140 Ι,
322 1114 386 1138 271.
402 1121 425 1137 Ε.
442 1110 590 1138 Christiani
605 1110 639 1138 ad
652 1111 757 1139 metalla
771 1111 908 1140 damnati.
923 1120 957 1141 II.

219 1158 284 1183 837.
302 1164 330 1182 D.
350 1153 439 1190 Hujus
456 1164 539 1192 poenae
552 1154 679 1191 gravitaS.
697 1156 745 1183 lb.

259 1198 450 1225 METApnoan
470 1198 621 1236 praestantia
636 1208 704 1236 qum.
720 1205 765 1226 VI.
780 1204 806 1227 9.
826 1209 851 1227 Ε.

258 1241 519 1269 anmr‘srcnosis
533 1241 664 1280 rejicitur.
681 1249 726 1270 Iv.
744 1247 808 1270 120.
836 1253 862 1270 A.
881 1243 962 1271 Ridi-

219 1284 278 1314 cula
293 1292 342 1313 est.
364 1291 432 1312 VIII.
450 1290 492 1313 10.
511 1295 538 1313 D.
557 1285 724 1324 Pythagoras
740 1286 815 1314 illam
830 1286 955 1315 docebat.

219 1335 288 1357 VIII.
301 1333 343 1356 11.
357 1338 383 1357 A.
398 1339 422 1356 n.
435 1328 532 1356 Contra
543 1329 798 1368 metempsychosin.
818 1338 890 1361 VIII.
908 1336 955 1359 13.

217 1382 243 1401 C.
261 1371 338 1400 Plato
353 1371 493 1400 deridetur
512 1373 758 1412 metempsychosin
780 1373 888 1406 docens.
906 1382 954 1403 Ix.

218 1420 263 1444 45.
275 1426 302 1444 D.
318 1420 364 1443 46.
379 1416 445 1443 Item
458 1416 612 1446 Manichaei.
628 1424 674 1445 IX.
699 1422 743 1446 25.
760 1428 784 1447 n.
799 1428 825 1445 c.
841 1419 957 1447 Metem-

219 1458 362 1498 psychosin
375 1458 463 1487 Graeci
477 1460 639 1488 statuebant.
656 1467 700 1488 XI.
714 1465 778 1489 549.
794 1471 819 1489 Ε.
839 1461 958 1498 Quidam

220 1502 401 1538 docebant‚et
414 1503 596 1532 confutantur.
612 1511 658 1532 XI.
678 1508 740 1532 107.
756 1514 783 1531 Ε.

264 1547 446 1574 ΜΕΘΟΔΕΥΣΑΙ
461 1553 499 1575 est
513 1546 635 1585 decipere
655 1553 679 1575 et
694 1557 741 1584 per
758 1547 895 1577 machinas
915 1559 959 1577 ca-

226 1600 301 1629 pere.
318 1596 364 1618 XI.
381 1594 443 1618 193.
461 1601 487 1619 r.

264 1638 473 1666 Memmium
491 1645 515 1666 et
530 1649 643 1677 augures
656 1639 782 1678 fugerunt
801 1641 962 1678 praevalente

226 1680 442 1709 christianismo.
458 1688 490 1710 V.
507 1686 571 1710 309.
587 1693 609 1710 13.

264 1729 454 1757 Mei-Romus.
472 1730 544 1758 Vide
560 1731 729 1761 ANTIOCHIA.

258 1778 357 1805 Mnus
366 1787 472 1815 poenam
481 1778 582 1817 peccati
594 1778 700 1807 minuit.
711 1786 746 1807 11.
758 1784 822 1810 787.
837 1792 861 1809 n.
873 1782 962 1810 Metus

225 1830 276 1849 non
292 1827 392 1849 naturae
405 1820 515 1857 est,sed
527 1821 616 1850 liberte
635 1822 793 1852 voluntatis.
812 1831 842 1853 V.
862 1829 924 1853 112.
937 1837 962 1852 A.

264 1870 352 1897 ΜΕωι
365 1879 394 1896 ac
406 1874 485 1897 tuum
497 1892 504 1905 ‚
524 1869 595 1907 quod
607 1870 695 1898 omnia
708 1872 864 1910 perturbat,
880 1883 894 1901 a
910 1884 962 1902 mo-

228 1911 347 1940 nasteriis
361 1911 468 1950 penitus
484 1913 587 1942 exulat.
604 1921 625 1942 1.
642 1919 706 1942 115.
724 1915 824 1943 Meum
840 1927 870 1944 30
885 1923 965 1945 tuum

225 1954 352 1993 frigidum
375 1956 487 1984 verbum
502 1978 510 1993 ‚
533 1957 567 1985 ab
592 1957 710 1986 Ecclesia
734 1959 963 1998 Jcrosolymitana

226 1998 330 2036 penitus
344 1998 513 2027 eliminatum
525 2007 591 2029 erat.
610 2008 655 2029 III.
674 2006 737 2029 291.
755 2014 783 2030 A.
801 2003 856 2031 Ubi
868 2015 963 2033 meum

227 2048 251 2069 et
267 2048 366 2078 licum,
385 2042 441 2071 illic
461 2053 539 2072 omne
560 2045 649 2073 litium
664 2056 747 2084 genus
767 2053 791 2074 et
814 2050 967 2078 contentio·

231 2096 295 2113 num
309 2096 424 2114 oceasm.
439 2094 485 2115 IV.
503 2092 567 2116 390.

266 2134 397 2161 MranEL
420 2142 508 2164 custos
534 2136 620 2174 gentis
644 2138 776 2169 Judaieae.
802 2147 835 2170 II.
854 2145 918 2169 580.
938 2152 963 2169 c.

230 2177 360 2205 ,tlichael
374 2188 431 2216 quo
443 2189 527 2208 sensu
538 2181 641 2209 restitit
657 2181 797 2210 anrieli.
814 2190 884 2212 VIII.
900 2190 965 2213 891.

232 2232 257 2248 B.
280 2230 304 2248 c.
336 2223 467 2250 Miclmel
480 2224 674 2262 archangelus
697 2233 799 2254 contra
816 2228 968 2256 diabolum

228 2275 280 2303 pro
310 2274 427 2302 corpore
458 2268 572 2303 alm-sis
599 2269 767 2298 decertabat
780 2293 786 2306 ‚
816 2278 843 2299 et
866 2280 969 2301 contra

230 2309 387 2345 principem
403 2310 555 2339 Persarum
565 2322 618 2349 pro
630 2313 761 2342 libertale
775 2319 881 2353 populi.
897 2323 967 2345 VIII.

235 2357 298 2381 978,
317 2364 341 2380 A-

274 2400 391 2428 Mrcuoi.
401 2401 555 2440 decipiendo
570 2404 677 2432 Saulem
695 2413 796 2444 patrem
811 2418 889 2436 suum
906 2419 970 2437 con-

232 2452 321 2480 jugem
336 2446 433 2483 eripuit
447 2456 461 2474 e
475 2457 555 2475 manu
567 2449 633 2486 ejus.
650 2456 669 2476 I.
690 2454 752 2478 451.
769 2462 796 2479 D.

275 2491 414 2521 Minxzsros
440 2504 486 2532 pro
504 2494 628 2533 Ephesiis
653 2497 728 2535 ponit
749 2498 966 2538 Chrysostomus.

239 2541 267 2561 X.
286 2538 348 2562 782.
369 2546 390 2561 13.

848 178 950 202 irs-'DEX
978 177 1104 202 RERUM.

1044 242 1174 269 Mimrrzs
1189 249 1336 277 numquam
1351 239 1432 268 servi.
1450 246 1495 269 III.
1512 244 1559 270 71.
1576 252 1602 269 e.
1619 241 1648 269 In
1664 250 1743 269 exer-

1005 284 1057 312 citu
1073 283 1162 312 hastas
1189 282 1322 321 figebant,
1343 289 1368 311 ct
1383 294 1397 311 a
1412 283 1522 322 cuspide
1546 294 1636 312 crocea
1658 284 1741 323 pallia

1004 326 1200 366 dependebant.
1226 333 1283 354 vlt.
1314 331 1380 354 771.
1412 337 1439 355 A.
1464 327 1578 355 Illorum
1606 338 1691 356 mores
1715 334 1740 355 ct

1007 371 1082 400 vitia.
1097 376 1152 398 VII.
1170 374 1234 398 690.
1259 380 1285 397 Ε.
1304 380 1331 397 A.
1354 380 1377 397 n.
1401 381 1428 398 c.
1447 370 1535 398 Miles
1555 381 1574 398 a
1589 371 1747 407 chlamyde

1006 415 1196 452 dignoscitur.
1214 420 1245 441 v.
1264 417 1328 441 662.
1345 425 1371 441 A.

1047 457 1162 485 Militem
1171 467 1226 485 esse
1233 456 1436 494 Christiquanta
1445 456 1572 495 dignitas.
1584 465 1628 486 XI.
1639 462 1703 486 732.
1725 468 1747 485 c.

1048 501 1132 528 Mum
1149 508 1173 529 et
1186 500 1321 528 saltatores
1337 511 1351 528 a
1368 500 1470 538 nuptiis
1481 500 1565 528 arceri
1576 500 1684 529 debent.
1698 508 1745 530 III.

1010 549 1074 572 237.
1085 554 1111 572 Ε.
1130 544 1222 573 Mimis
1236 544 1423 581 relinquuntur
1434 544 1566 572 scurrilia.
1586 552 1632 574 XI.
1644 549 1707 574 143.
1720 556 1747 576 u.

1011 589 1100 615 Mimi
1115 589 1278 626 descripti&
1296 594 1366 616 VIII.
1381 592 1444 615 985.
1458 600 1482 616 A.

1054 632 1147 659 MINJ:
1162 641 1176 658 a
1197 632 1253 660 Deo
1268 632 1374 659 intentae
1389 630 1526 659 salutares.
1544 638 1564 659 I.
1581 635 1644 659 947.
1668 643 1693 660 Β.
1724 641 1751 659 c.

1012 675 1094 703 Minae
1111 675 1172 713 plus
1190 685 1272 713 quam
1292 675 1402 714 praemia
1424 681 1534 712 possunt
1549 674 1584 703 ad
1599 675 1754 703 conversio-

1011 729 1082 747 nem.
1100 726 1156 747 VII.
1174 724 1242 747 028.
1268 729 1292 746 B.
1313 719 1403 746 Minas
1418 717 1552 756 negligere
1567 729 1695 757 magnum
1714 725 1753 747 cst

1015 762 1126 790 malum.
1140 769 1186 792 XI.
1205 767 1270 790 601.
1286 772 1311 791 B.

1055 806 1176 834 Ithmm
1189 815 1240 833 non
1253 804 1412 844 spernenda.
1429 812 1473 833 VI.
1492 810 1536 833 17.
1550 816 1576 833 c.
1594 816 1622 834 D.
1640 805 1754 834 Minima

1014 849 1148 887 particula
1162 848 1223 877 fidei
1240 859 1292 877 non
1304 848 1472 887 negligenda.
1489 856 1522 877 x.
1539 853 1604 878 792.
1620 859 1644 877 c.
1657 859 1686 876 D.

1055 894 1270 921 Mmrsri-:nmm
1282 892 1471 930 quotidianum
1486 892 1511 920 in
1524 892 1631 921 actibus
1643 895 1756 931 Aposto-

1015 931 1102 959 lorum
1118 932 1183 969 quid
1197 932 1240 960 sit.
1256 939 1300 960 lx.
1313 937 1376 960 132.
1390 942 1417 959 D.
1434 942 1460 961 Ε.

1055 976 1213 1004 MIRACL'LA
1226 986 1320 1013 magna
1338 976 1412 1003 Deus
1425 976 1502 1010 facit,
1514 981 1538 1003 et
1549 975 1622 1004 solus
1632 975 1707 1004 facit.
1720 983 1750 1004 V.

1014 1023 1078 1047 476.
1094 1029 1121 1046 D.
1138 1019 1234 1046 Facere
1249 1029 1397 1056 numquam
1413 1019 1578 1047 intermittit.
1597 1026 1629 1047 V.
1647 1024 1710 1048 324.
1728 1030 1750 1048 B.

1017 1062 1060 1090 Ad
1070 1061 1226 1090 excitandos
1235 1063 1376 1090 crassiores
1387 1063 1462 1091 liunt.
1478 1065 1523 1092 lh.
1538 1064 1608 1091 Deus
1622 1063 1750 1091 miracula

1015 1117 1066 1133 non
1079 1113 1175 1134 temere
1187 1113 1233 1134 aut
1247 1107 1355 1134 fortuito
1372 1107 1445 1135 facit.
1465 1114 1497 1135 V.
1513 1111 1577 1135 352.
1590 1118 1618 1135 D.
1634 1108 1693 1136 Non
1706 1118 1752 1146 po-

1019 1149 1108 1177 tentiae
1129 1149 1235 1183 solum,
1260 1148 1304 1177 scd
1331 1150 1410 1177 etiam
1431 1150 1603 1186 benignitatis
1622 1151 1672 1179 Dei
1700 1151 1753 1178 mi-

1015 1193 1105 1220 racula
1120 1199 1182 1220 suut
1196 1192 1285 1230 signa.
1307 1200 1339 1221 V.
1355 1198 1420 1221 476.
1437 1204 1464 1223 E.
1480 1193 1646 1222 Miraculum
1659 1204 1754 1232 perpe-

1015 1242 1092 1264 tuum
1119 1243 1157 1264 est
1181 1236 1248 1264 ordo
1276 1246 1366 1264 rerum
1390 1236 1564 1265 naturalium.
1580 1243 1612 1265 V.
1636 1242 1700 1266 583.
1726 1249 1751 1266 0.

1014 1280 1148 1308 Miracula
1176 1279 1228 1307 alia
1253 1279 1314 1307 aliis
1345 1280 1529 1308 auctoritatem
1556 1287 1694 1319 praestant.
1720 1288 1753 1309 V.

1015 1327 1082 1352 469.
1102 1334 1129 1352 A.
1145 1335 1170 1352 n.

1055 1367 1187 1396 Miracula
1210 1374 1275 1406 quot
1296 1375 1321 1396 et
1342 1375 1442 1406 quanta
1468 1369 1494 1397 in
1521 1369 1602 1397 veteri
1626 1369 1691 1408 lege.
1720 1376 1752 1398 V.

1015 1416 1079 1440 352.
1095 1422 1119 1441 B.
1135 1412 1255 1450 Ingentia
1270 1412 1319 1440 Dei
1336 1412 1476 1442 miracula.
1496 1420 1528 1444 V.
1547 1418 1611 1442 583.
1629 1424 1657 1441 A.
1676 1424 1700 1442 B.
1725 1423 1751 1441 c.

1014 1455 1145 1483 Miracula
1165 1455 1234 1484 edita
1256 1456 1282 1484 in
1296 1456 1370 1485 exitu
1385 1456 1419 1485 de
1432 1457 1558 1496 AEgypto.
1575 1464 1621 1487 III.
1639 1461 1703 1486 547.
1727 1468 1752 1486 B.

1016 1510 1040 1528 c.
1066 1506 1097 1527 v.
1113 1503 1176 1529 583.
1194 1509 1217 1526 13.
1235 1509 1258 1527 c.
1271 1499 1404 1528 Miracula
1419 1511 1467 1539 pro
1481 1500 1584 1529 Judaeis
1596 1501 1679 1536 sacta,
1697 1501 1757 1529 uni-

1015 1553 1097 1570 versae
1111 1549 1187 1571 terrae
1202 1543 1326 1571 timorem
1339 1543 1498 1572 attulerunt.
1516 1551 1549 1574 V.
1568 1549 1612 1575 18,
1626 1555 1654 1572 D.
1671 1544 1753 1583 Apud

1015 1585 1126 1615 Judaeos
1150 1593 1254 1625 patrata
1279 1586 1410 1614 miracula
1434 1587 1503 1615 nihil
1519 1587 1692 1616 emolumenti
1720 1587 1755 1616 ad

1015 1640 1110 1657 eorum
1127 1629 1240 1658 salutem
1256 1629 1415 1660 attulerunt.
1440 1637 1471 1659 V.
1497 1635 1561 1659 223.
1589 1642 1615 1660 Ε.
1641 1631 1755 1660 Nullum

1016 1674 1197 1702 intermissum
1218 1681 1257 1702 est
1284 1680 1389 1712 tempus
1403 1697 1411 1710 ,
1428 1674 1454 1702 in
1478 1685 1532 1712 quo
1551 1676 1624 1703 Deus
1639 1685 1758 1703 excaeca-
1804 1697 1815 1704 .

1017 1724 1071 1745 tam
1100 1725 1213 1746 mentem
1237 1717 1393 1747 Judaeorum
1416 1728 1468 1746 non
1494 1718 1598 1756 magnis
1620 1718 1758 1746 miraculis

1017 1761 1177 1789 stimularet.
1196 1768 1228 1789 V.
1250 1765 1314 1789 325.
1336 1772 1362 1789 Β.
1380 1763 1510 1797 Quaenam
1532 1762 1631 1790 fuerint
1645 1762 1693 1790 ista
1708 1761 1758 1789 mi-

1022 1805 1124 1833 racula.
1134 1806 1179 1833 Ib.
1195 1805 1249 1832 Cur
1259 1815 1328 1834 nunc
1340 1805 1394 1833 illis
1404 1815 1455 1833 non
1465 1816 1530 1843 opus
1542 1805 1586 1833 sit.
1607 1812 1639 1833 V.
1652 1810 1716 1834 549.
1730 1815 1756 1833 Ε.

1060 1848 1194 1876 Miracula
1217 1855 1243 1877 et
1267 1848 1455 1887 praedictiones
1471 1849 1573 1878 Christi
1587 1849 1689 1878 nivales
1703 1849 1759 1877 im-

1020 1891 1081 1920 bres
1103 1902 1214 1920 numero
1248 1893 1410 1931 superantia.
1447 1900 1505 1921 VII.
1534 1897 1598 1922 406.
1629 1903 1653 1920 B.
1693 1903 1757 1931 sqq.

1021 1935 1131 1963 lllorum
1145 1935 1238 1964 brevis
1253 1936 1426 1964 enumeratio.
1449 1938 1493 1965 lb.
1511 1936 1612 1964 Christi
1628 1936 1760 1964 miracula

1022 1978 1205 2008 demonstrant
1228 1980 1306 2008 illum
1327 1990 1383 2008 esse
1404 1980 1583 2017 Unigenitum
1607 1980 1667 2008 Dei.
1687 1987 1757 2008 VIII.

1021 2028 1066 2051 80.
1081 2035 1106 2052 A.
1122 2023 1221 2051 Christi
1244 2023 1366 2052 doctrina
1378 2034 1411 2052 ex
1423 2024 1558 2052 miraculis
1574 2031 1597 2052 et
1617 2034 1651 2051 ex
1662 2023 1761 2062 praedi-

1022 2067 1141 2095 ctionum
1162 2074 1258 2095 eventu
1274 2068 1413 2096 asseritur.
1432 2075 1465 2097 Χ.
1483 2073 1529 2096 74.
1547 2079 1571 2096 1).
1588 2078 1613 2095 Ε.
1629 2068 1759 2105 Magnum

1021 2117 1059 2138 est
1075 2110 1176 2139 Christi
1190 2111 1366 2146 miraculum,
1383 2112 1456 2140 orbis
1471 2120 1602 2140 terrarum
1617 2111 1760 2139 illumina-

1021 2154 1058 2182 tio
1073 2161 1098 2182 et
1113 2154 1261 2182 conversio.
1278 2161 1322 2182 III.
1340 2159 1402 2183 112.
1420 2166 1446 2183 A.
1460 2165 1484 2184 13.

1061 2197 1258 2225 Miraculorum
1282 2198 1367 2235 gratia
1393 2208 1444 2226 non
1467 2198 1593 2227 omnibus
1613 2198 1758 2238 baptizatis

1021 2241 1110 2272 datur,
1140 2249 1162 2270 I.
1184 2246 1247 2272 167,
1266 2252 1291 2269 D.
1305 2253 1331 2269 E.
1359 2242 1490 2270 Miracula
1515 2242 1591 2271 utilia
1622 2253 1674 2271 non
1696 2249 1759 2271 sunt

1021 2285 1195 2321 facientibus,
1241 2285 1291 2313 nisi
1324 2286 1417 2314 melior
1456 2286 1622 2315 conversatio
1661 2285 1760 2315 evadit.

1024 2337 1069 2358 III.
1085 2334 1131 2357 78.
1147 2340 1173 2358 D.
1194 2341 1219 2359 Ε.
1234 2330 1296 2357 Sola
1309 2340 1360 2358 non
1376 2330 1513 2358 sufficiunt
1525 2353 1532 2366 ,
1547 2330 1600 2358 nisi
1615 2329 1686 2358 adsit
1698 2330 1758 2369 pius

1023 2380 1167 2411 gratusque
1180 2373 1295 2401 animus.
1315 2381 1346 2404 V,
1362 2378 1425 2402 223.
1439 2384 1466 2401 Ε.
1484 2374 1680 2402 Miraculorum
1693 2384 1761 2412 ope-

1023 2417 1091 2445 ratio
1103 2418 1159 2445 sine
1173 2417 1272 2445 virtute
1288 2417 1353 2445 nihil
1368 2416 1483 2456 prodest.
1502 2425 1556 2447 VII.
1571 2422 1634 2446 340.
1655 2428 1683 2446 A.
1700 2417 1760 2445 Mi·

1025 2459 1114 2488 racula
1130 2460 1187 2488 sine
1201 2460 1319 2488 moribus
1330 2460 1398 2488 nihil
1413 2467 1484 2488 sunt.
1500 2467 1558 2488 VII.
1576 2466 1641 2490 418.
1656 2472 1680 2489 B.

1067 2504 1197 2532 Miracula
1222 2514 1270 2532 cur
1297 2510 1334 2532 tot
1361 2510 1484 2541 tantaque
1514 2504 1612 2532 fiebant
1643 2511 1761 2544 tempore

1025 2547 1218 2585 apostolorum.
1240 2554 1286 2578 Ix.
1306 2552 1365 2576 102.
1384 2558 1407 2575 n.
1424 2547 1501 2575 Tune
1517 2547 1618 2576 utiliter
1641 2548 1736 2576 {iebant
1752 2570 1761 2585 ,
