1884 2922
683 206 786 228 INDEX
817 206 943 228 RERL‘M.

38 271 102 296 630.
121 279 147 296 Α.
165 278 188 296 Β.
204 267 328 296 Christus
343 267 415 296 Patri
432 268 529 296 honore
545 278 602 306 par.
620 275 666 298 IX.
689 273 732 296 17.
753 280 774 297 r..

39 310 140 339 Eadem
157 318 284 350 operatur
298 322 357 350 qum
372 313 458 340 Pater.
478 318 546 340 VIII.
563 316 626 340 257.
648 323 675 341 r..
698 312 776 340 Eam-

36 355 99 383 dcm
131 355 210 383 etiam
237 363 394 395 potestatem
422 355 502 383 habet
532 366 612 393 quam
641 358 728 383 Pater.
755 362 775 383 I.

38 403 102 428 651.
123 410 152 428 1).
168 404 233 429 655.
251 410 277 428 c.
298 401 365 438 Ejus
384 410 443 428 cum
460 400 537 428 Patre
551 400 700 428 concordia.
718 406 775 427 VII.

37 447 101 471 614.
124 454 148 471 n.
171 450 196 471 et
227 443 499 473 consubstantialitas.
521 451 539 471 Ι.
567 448 630 472 615.
655 455 684 471 Α.
707 454 730 471 13.
753 454 777 471 c,

39 486 141 515 Christi
158 494 254 516 :eterna
273 487 407 526 generatio
422 498 435 515 a
452 489 540 516 Patre.
560 495 604 516 VI.
622 493 683 517 196.
706 498 730 515 n.
748 487 778 515 lu

39 530 145 559 Christo
165 533 254 560 onmia
268 543 324 570 quae
337 534 361 560 in
378 534 466 560 Patre.
484 540 531 561 XI.
552 538 577 561 9.
594 544 619 562 n.
633 544 659 562 (J.
677 532 719 560 Ab
732 531 779 560 illo

38 573 218 613 distinguitur
230 576 380 616 hypostasi.
396 583 427 605 V.
444 582 507 605 110.
529 587 552 604 A.
570 588 595 605 n.

80 618 182 647 Christi
201 620 330 649 divinitas
349 627 373 648 et
392 630 452 648 cum
472 622 551 649 Patre
568 622 707 659 &qualitas
718 631 781 660 pro-

40 661 120 690 batur
142 674 176 692 ex
196 665 254 703 ejus
271 664 462 693 incarnatione.
488 673 510 696 I·,
541 670 605 695 636.
623 678 649 694 Α.
669 677 691 694 Β.
713 670 777 693 637.

43 705 88 734 Ex
103 706 151 735 illo
167 708 249 736 verbo
263 721 268 736 :
284 710 375 737 Pater
387 719 466 738 meus
481 720 571 745 usque
585 711 669 738 modo
681 720 782 748 opera-

44 755 101 785 tur,
117 757 143 778 ee
161 761 215 789 ego
231 762 340 790 operor.
353 759 371 780 I.
384 757 447 781 677.
457 763 484 781 n.
501 763 528 783 Ε.
541 754 583 781 Ex
599 753 655 792 ejus
668 763 783 781 resurre-

43 793 140 822 ctione.
155 801 225 825 VIII.
244 800 308 824 156.
322 796 393 833 Quia
414 797 532 825 omnium
546 805 654 833 auctor,
670 808 720 826 non
735 797 782 825 ad-

44 837 173 868 minister.
191 847 236 869 XI.
253 845 296 868 12.
314 851 338 868 o.
354 841 424 875 Quia
443 848 549 879 peccata
569 841 699 877 dimittit,
720 841 783 879 quia

44 881 71 909 in
87 882 164 911 melos
179 883 349 920 introduxit,
366 885 428 923 quia
444 885 513 923 leges
532 885 578 913 (lat
598 893 623 913 et
642 893 782 924 praecepta.

45 932 66 953 Ι.
85 930 149 955 652.
170 928 239 963 Quia
255 935 352 956 secreta
367 929 454 957 cordis
470 930 544 958 novit
558 937 582 958 et
598 930 705 958 revelat.
725 936 782 957 VII.

47 973 111 998 389.
128 981 157 999 Α.
176 978 244 1000 VIII.
263 972 405 1007 319.Quia
422 973 522 1001 Filium
538 973 586 1001 Dei
606 984 633 1001 se
653 973 784 1002 nominari

46 1013 118 1042 sinit.
131 1021 188 1043 VII.
202 1020 266 1044 580.
284 1027 308 1044 c.
321 1027 354 1045 ex
365 1017 445 1046 dictis
453 1018 602 1046 amicorum
624 1025 649 1046 et
664 1018 785 1046 inimico-

48 1065 179 1088 rum.1x.
207 1065 253 1091 17.
276 1072 300 1089 n.
321 1061 365 1089 Ex
386 1062 443 1100 ejus
467 1061 611 1090 miraculis.
632 1069 699 1091 VIII.
718 1067 783 1092 289.

47 1113 70 1132 Β.
93 1113 119 1130 c.
139 1113 171 1131 ex
191 1111 318 1143 potestate
342 1116 393 1144 qua
423 1105 520 1144 gaudet
547 1105 609 1135 vitae
632 1113 656 1134 et
679 1107 784 1135 mortis.

49 1153 118 1175 VIII.
136 1151 201 1176 255.
218 1159 245 1176 D.

87 1190 209 1220 Christus
232 1203 307 1222 snam
330 1194 425 1233 probat
446 1193 624 1223 divinitatem.
653 1201 722 1223 VIII.
742 1199 787 1222 26.

47 1244 74 1262 n.
91 1244 118 1264 E.
142 1236 204 1264 Sese
225 1235 343 1265 declarat
358 1238 430 1266 Patri
448 1238 585 1275 :equalem
602 1243 665 1267 334.
683 1249 710 1268 E.
725 1244 787 1268 494.

48 1289 71 1306 n.
96 1289 122 1310 e.
148 1284 211 1309 495.
231 1281 327 1319 illique
348 1281 612 1310 consubstantialem.
632 1287 693 1311 354.
715 1294 740 1310 c.
758 1283 787 1310 In

47 1322 155 1351 Christo
180 1335 233 1353 vox
263 1336 325 1354 sum
352 1327 409 1364 ejus
433 1326 635 1365 perpetuitatem
657 1326 787 1365 designat.

51 1372 118 1395 VIII.
135 1372 200 1398 371.
214 1380 238 1396 c.
252 1374 315 1398 372.
331 1371 365 1398 Se
379 1370 526 1398 Dominum
539 1377 565 1397 et
578 1370 665 1398 Deum
678 1377 703 1399 et
718 1381 790 1399 crea-

50 1417 134 1439 torem
147 1411 275 1442 declarat.
290 1421 347 1442 VII.
363 1419 428 1444 489.
444 1425 467 1442 c.
483 1424 510 1442 n.
526 1414 607 1442 Suam
622 1413 718 1443 iterum
729 1426 789 1443 cuin

50 1455 129 1482 Patre
155 1456 333 1494 aequalitatem
360 1458 485 1486 ostendit.
518 1465 575 1488 VII.
602 1463 665 1486 516.
686 1469 715 1487 A.
740 1461 791 1488 Per

51 1507 209 1527 arcanorum
230 1501 351 1530 notitiam
375 1512 450 1530 suam
473 1501 591 1530 declarat
607 1501 789 1533 divinitatem.

54 1548 113 1570 VII.
130 1547 192 1572 500.
206 1555 235 1573 n.

93 1587 216 1616 Christus
226 1599 274 1617 cur
284 1589 429 1628 aliquando
442 1600 493 1618 non
502 1601 529 1618 se
542 1591 627 1619 Deum
638 1602 693 1619 esse
703 1597 793 1631 aperte

53 1629 134 1659 dicat.
160 1638 216 1660 VII.
243 1637 307 1661 235.
331 1644 356 1662 c.
385 1639 446 1663 254.
473 1642 501 1662 c:
525 1635 615 1669 Quare
632 1646 683 1663 non
704 1636 792 1664 statim

55 1684 131 1703 suam
150 1675 318 1706 divinitatem
342 1679 504 1717 patefecerit.
534 1684 597 1708 618.
623 1681 652 1708 ln
683 1680 794 1709 Actibus

55 1719 243 1758 Apostolorum
273 1731 324 1749 non
351 1723 385 1750 ita
418 1722 488 1750 clare
515 1723 670 1751 enuntiatur
693 1723 793 1752 Christi

54 1763 191 1792 divinitas.
210 1772 257 1793 tx.
271 1770 298 1793 3.
314 1776 341 1794 A.
360 1777 386 1794 Β.

96 1807 220 1836 Christus
235 1819 285 1837 non
302 1809 362 1838 ideo
374 1810 446 1838 Patri
460 1810 611 1848 inaequalis,
625 1810 695 1848 quod
709 1811 794 1840 incar-

57 1857 134 1879 natus
147 1851 188 1880 sit.
202 1859 221 1880 Ι.
237 1858 301 1882 656.
317 1865 340 1882 Β.
355 1855 410 1883 Nec
420 1855 483 1892 quia
495 1855 610 1883 humilia
621 1855 654 1883 de
666 1855 714 1883 illo
724 1856 794 1884 dieta

56 1895 164 1925 fuerint.
180 1901 243 1925 619.
260 1908 285 1925 e.
304 1908 330 1926 n.
350 1905 397 1926 aut
409 1899 465 1938 ipse
476 1900 538 1927 talia
554 1899 665 1927 dixerit.
683 1904 746 1928 617.
768 1912 794 1930 E.

56 1938 87 1967 Id
102 1939 170 1967 enim
187 1940 300 1969 faciebat
317 1942 508 1971 utauditorum
524 1943 673 1971 infirmitati
689 1954 744 1972 sese
756 1952 795 1973 at-

56 1989 226 2020 temperaret.
239 1990 304 2013 617.
321 1996 336 2013 E
360 1991 423 2014 618.
442 1988 478 2015 Ut
491 1987 682 2016 iucarnationis
698 1989 796 2017 verita-

58 2033 110 2054 tem
123 2027 281 2057 adstrueret.
296 2034 360 2058 617.
380 2041 405 2058 n.
420 2035 483 2059 618.
495 2035 558 2059 619.
571 2031 795 2061 Uthumilitatem

57 2069 162 2099 doceret
177 2072 258 2100 verbo
279 2080 303 2100 et
325 2074 457 2113 exemplo.
482 2079 545 2103 619.
564 2085 593 2102 D.
615 2075 655 2103 Ut
675 2077 702 2104 in
719 2076 797 2105 unius

56 2125 175 2154 personae
202 2116 357 2157 opinionem
386 2118 583 2148 induceremur.
611 2125 677 2148 620.
708 2132 732 2148 Α.
758 2123 798 2150 Ne

58 2169 132 2187 suam
147 2160 331 2197 substantiam,
347 2163 365 2190 i.
379 2173 402 2190 e.
417 2173 557 2201 personam
567 2186 573 2198 ‚
586 2163 731 2201 ingenitam
743 2176 799 2194 esse

57 2210 224 2241 putaremus·
240 2209 305 2236 620.
322 2218 348 2235 Α.
370 2219 395 2235 Β.
411 2208 466 2236 Nec
480 2207 636 2247 hujusmodi
652 2209 797 2247 aequalitati

58 2246 183 2275 officiunt
194 2248 274 2276 verba
284 2248 341 2277 haec
356 2261 361 2276 :
374 2251 442 2278 Non
454 2258 497 2279 est
513 2262 605 2280 meum
621 2252 691 2280 dare
707 2255 799 2282 vobis.

61 2299 83 2320 1.
100 2296 165 2319 634.

100 2335 222 2363 Christus
236 2346 283 2364 cur
302 2343 326 2364 et
338 2337 474 2374 quomodo
486 2340 610 2378 precibus
626 2351 689 2368 usus
707 2340 796 2369 suerit.

63 2386 133 2408 VIII.
154 2384 218 2408 441.
243 2390 266 2407 n.
285 2390 311 2408 c.
334 2381 393 2409 Non
418 2381 471 2409 illis
496 2393 563 2421 opus
583 2383 708 2412 hahebat.
729 2392 797 2413 VIII.

61 2428 124 2452 442.
139 2424 341 2452 utsomniarunt
357 2425 602 2462 quidamhaeretici.
616 2435 684 2455 VIII.
699 2433 762 2457 441.
777 2441 799 2457 n.

60 2469 152 2496 Preces
167 2469 223 2506 ejus
237 2478 298 2495 eum
319 2469 391 2496 Patri
417 2469 568 2498 inferiorem
592 2481 644 2499 non
672 2480 798 2510 arguunt.

62 2517 82 2540 1.
101 2515 165 2539 650.
188 2522 211 2540 n.
230 2516 295 2540 651.
313 2523 398 2550 neque
427 2513 574 2551 gratiarum
597 2515 713 2543 actiones
736 2527 801 2554 quas

61 2554 124 2593 egit.
143 2562 212 2584 VIII.
237 2560 301 2584 289.
327 2556 449 2585 Christus
471 2567 484 2585 a
506 2557 584 2586 Patre
604 2558 728 2589 dilectus.
745 2567 801 2589 VII.

64 2603 129 2628 642.

1509 205 1569 227 201

872 268 973 297 Christi
990 267 1136 296 incarnatio
1160 277 1241 305 quam
1259 266 1401 305 stupenda.
1426 273 1444 295 Ι.
1463 270 1527 295 609.
1547 278 1573 295 ε.

834 312 909 340 Nihil
934 311 997 340 huie
1019 311 1146 350 mysterio
1165 322 1212 350 par
1231 317 1277 338 est.
1294 317 1350 339 VII.
1371 315 1434 339 353.
1455 321 1478 338 C.
1502 310 1575 339 Olim

833 355 956 383 Christus
972 355 997 383 in
1012 355 1106 392 figuris
1123 354 1268 393 apparebat
1281 365 1288 389 ;
1301 361 1389 393 postea
1407 365 1472 382 vere
1489 354 1577 382 incar-

833 406 912 427 natus
926 406 972 427 est.
989 406 1032 427 IV.
1049 403 1113 426 6:555.
1134 398 1327 426 lnearnatiunis
1350 399 1456 426 realitas
1483 398 1576 426 asseri-

834 450 878 470 tur
900 450 991 470 contra
1019 443 1164 470 luri-cucos.
1192 449 1261 470 VIII.
1290 447 1334 470 73.
1358 455 1383 471 A.
1408 447 1454 471 7⁷⁸.
1477 441 1577 470 Christi

833 487 979 515 oeconomia
1007 493 1060 514 tota
1092 493 1199 525 propter
1223 492 1342 514 nostram
1365 486 1488 514 salutem.
1506 492 1576 515 VIII.

835 536 899 559 2:53.
918 529 1061 564 Quomodo
1083 530 1161 557 illum
1182 537 1313 558 noverunt
1336 530 1484 568 prophetae.
1507 537 1576 558 VIII.

836 579 880 605 56.
905 585 929 602 c.
952 579 997 602 57.
1017 574 1106 612 Caput
1130 573 1224 601 salutis
1248 580 1346 601 nostrae
1362 573 1518 602 incarnatio.
1531 581 1576 603 VI.

835 623 900 646 301.
917 629 942 646 r..
959 617 1101 652 Quomodo
1113 617 1237 646 Christus
1251 617 1338 646 exivit
1350 628 1364 645 a
1376 618 1526 654 Patre‚non
1541 628 1579 646 rc-

834 662 958 699 linquens
970 663 1087 690 Patrem.
1099 669 1145 690 XI.
1164 666 1226 690 172.

873 705 974 734 Christi
997 712 1100 734 terrena
1122 705 1256 743 generatio
1280 704 1426 733 admodum
1443 705 1576 734 miranda.

837 756 893 778 VII.
911 754 955 778 24.
973 761 998 778 Α.
1016 750 1076 777 Non
1094 748 1261 787 intelligitur.
1284 756 1325 777 VI.
1345 753 1407 777 196.
1429 761 1453 778 c.
1468 751 1526 778 Non
1542 761 1581 778 se-

836 793 953 822 eundum
967 801 1067 821 naturae
1080 793 1150 831 leges
1162 793 1223 820 suit.
1242 797 1286 821 56.
1305 793 1348 820 Oli
1361 803 1476 821 amorem
1491 794 1580 821 homi-

837 848 900 865 num
913 839 980 865 inter
1000 837 1182 876 progenitores
1206 836 1310 874 aliquos
1325 836 1461 875 improbos
1476 837 1578 865 habuit.

838 887 883 910 41.
901 889 926 910 et
949 882 1029 910 etiarn
1046 881 1207 910 meretrices.
1224 886 1269 910 25.
1290 892 1315 909 (ι.
1334 882 1434 910 Christi
1454 883 1580 920 genealo-

838 926 886 963 giae
898 926 975 954 ratio.
988 930 1031 954 56.
1045 927 1100 955 Cur
1112 935 1164 953 non
1178 925 1283 958 Mariae,
1294 924 1341 953 sed
1351 925 1461 964 Josephi
1473 936 1582 964 genera—

839 970 875 999 tio
893 977 1010 999 texatur.
1024 975 1070 999 29.
1092 975 1136 998 30.
1154 980 1180 997 c.
1194 969 1318 997 Christus
1332 980 1364 997 ex
1377 969 1476 997 semine
1491 969 1578 999 Judae.

841 1022 885 1045 IV,
907 1019 971 1043 686.
998 1013 1088 1043 David
1117 1024 1164 1042 rex
1187 1024 1268 1051 quare
1290 1013 1395 1051 primus
1420 1020 1582 1042 memoretur

840 1059 865 1086 in
883 1058 983 1087 Christi
1007 1057 1171 1097 genealogia.
1188 1062 1233 1086 23.
1250 1068 1273 1086 1³.
1294 1057 1418 1085 Christus
1436 1056 1582 1086 honorifice

840 1101 939 1130 dieitur
964 1102 1037 1130 filius
1069 1100 1170 1131 David.
1202 1106 1265 1130 412.
1288 1112 1314 1129 Ε.
1352 1101 1407 1129 Cur
1430 1101 1455 1128 in
1481 1101 1583 1129 Christi

840 1147 992 1185 genealogia
1011 1147 1109 1175 Pliares
1133 1153 1157 1174 et
1185 1146 1252 1174 Zaa
1280 1146 1460 1174 nominentur.
1486 1150 1532 1174 42.
1553 1157 1580 1174 e.

841 1191 951 1229 Cognati
984 1190 1086 1219 Christi
1115 1190 1267 1229 Desposyni
1296 1189 1382 1218 vocati
1411 1188 1583 1218 admirationi

841 1236 949 1263 fuerunt
969 1235 1078 1273 ubique.
1097 1242 1164 1263 VIII.
1188 1239 1248 1263 143.
1260 1245 1288 1262 D.
1306 1233 1429 1262 Christus
1446 1233 1582 1271 quomodo

842 1280 898 1307 sine
911 1279 1076 1317 genealogia.
1095 1285 1137 1307 VI.
1157 1283 1220 1306 311.

884 1328 985 1356 Christi
1008 1327 1140 1356 adventus
1161 1326 1335 1355 necessarius.
1353 1334 1411 1356 VII.
1432 1330 1476 1354 42.
1492 1325 1585 1354 Phan-

843 1380 928 1401 tasma
950 1381 1001 1400 non
1023 1372 1083 1399 suit..
1111 1379 1156 1401 III.
1182 1376 1230 1399 27.
1254 1382 1280 1400 n.
1301 1371 1382 1399 Illum
1401 1377 1426 1398 et
1441 1376 1533 1398 caetera
1549 1369 1585 1398 ad

843 1417 932 1456 ipsum
950 1415 1107 1455 pertinentia
1127 1414 1311 1454 pizedixerunt
1322 1414 1467 1453 prophetoe.
1481 1421 1499 1441 1.
1520 1418 1583 1441 687.

845 1467 914 1489 VIII.
930 1464 993 1490 221.
1016 1459 1062 1497 qui
1082 1458 1194 1487 modum
1212 1458 1292 1486 etiam
1311 1457 1535 1496 praenuntiarunt.
1564 1465 1584 1486 I.

845 1509 909 1533 685.
925 1516 949 1533 Α.
967 1505 1037 1531 Ante
1053 1503 1190 1530 Christum
1207 1501 1274 1530 fides
1288 1502 1313 1529 in
1328 1502 1416 1540 ipsum
1431 1511 1481 1529 non
1496 1502 1585 1540 exige-

844 1549 924 1576 batur
938 1558 951 1576 a
964 1546 1074 1577 Judaeis.
1097 1553 1139 1574 VI.
1156 1550 1218 1574 209.
1236 1556 1262 1573 Α.
1280 1545 1352 1579 Quot
1367 1545 1443 1573 istius
1454 1544 1586 1573 adventus

845 1593 952 1620 suerunt
965 1590 1074 1619 indicia.
1091 1597 1150 1621 VII.
1163 1594 1225 1618 121.
1240 1588 1316 1617 Illius
1328 1599 1415 1616 causa.
1429 1595 1475 1618 IV.
1487 1593 1584 1617 299.n.

847 1637 908 1665 Duo
921 1634 1022 1664 Christi
1037 1634 1180 1663 adrentus.
1193 1640 1250 1661 VII.
1268 1636 1332 1661 648.
1349 1642 1376 1660 D.
1394 1639 1464 1661 VIII.
1484 1637 1546 1662 133.
1563 1644 1586 1661 B.

847 1681 923 1709 Prior
947 1679 1077 1708 occultus.
1105 1685 1135 1706 v.
1162 1682 1227 1706 269.
1252 1687 1280 1704 c.
1305 1681 1369 1704 270.
1398 1678 1465 1704 Ante
1486 1676 1587 1705 Christi

847 1733 964 1763 tempora
989 1729 1053 1761 quot
1072 1721 1141 1749 mala
1167 1727 1251 1748 essent
1271 1720 1297 1747 in
1319 1718 1429 1749 mundo.
1453 1726 1498 1747 VI.
1522 1725 1586 1748 301.

848 1781 874 1798 ε.
900 1780 928 1797 Α.
949 1772 1011 1796 302.
1034 1768 1127 1795 Postea
1143 1772 1230 1794 autem
1253 1771 1322 1792 totus
1337 1764 1489 1792 illustratus
1502 1763 1586 1792 orbis.

848 1821 892 1842 VI.
912 1817 976 1841 302.
990 1822 1018 1839 D.
1036 1822 1063 1839 E.
1077 1815 1141 1838 303.
1160 1809 1298 1837 Adventus
1313 1808 1414 1836 Christi
1430 1807 1527 1835 amissa
1542 1819 1588 1836 no-

848 1858 890 1886 bis
906 1855 1024 1884 auctiora
1050 1854 1181 1888 restituit,
1199 1859 1224 1881 et
1245 1852 1340 1891 majori
1366 1851 1522 1882 accessione.
1541 1859 1587 1880 VI.

849 1906 911 1930 213.
929 1899 1029 1929 Christi
1044 1898 1176 1927 adventus
1203 1907 1295 1936 pacem
1319 1896 1409 1923 intulit
1430 1895 1542 1926 mundo.
1566 1903 1589 1924 1.

850 1950 915 1975 692.
945 1954 972 1972 C.
1002 1942 1160 1981 Prophetias
1188 1939 1379 1980 pei-lucidiores
1414 1939 1511 1968 effecit.
1543 1947 1587 1969 VI.

851 1994 912 2018 209.
927 1999 954 2016 E.
970 1987 1109 2016 Virtutem
1121 1985 1266 2013 faciliorem
1282 1983 1408 2013 reddidit.
1424 1990 1468 2011 IX.
1486 1988 1548 2012 625.
1563 1994 1590 2011 n.

850 2035 888 2063 Ut
899 2031 1062 2065 medicus,et
1073 2031 1183 2058 latenter
1194 2030 1265 2058 venit
1276 2029 1472 2057 ChristuS.VII.
1485 2033 1549 2058 608.
1560 2040 1588 2059 A.

852 2081 888 2107 Ut
904 2076 1042 2106 veritatem
1068 2075 1216 2113 plantaret,
1234 2073 1358 2102 Christus
1373 2072 1447 2101 venit
1463 2072 1488 2100 in
1515 2083 1591 2101 niun-

851 2122 926 2151 dum.
952 2128 983 2149 V.
1009 2124 1073 2148 204.
1101 2130 1126 2147 Λ.
1154 2125 1232 2156 atque
1257 2123 1285 2145 ut
1310 2116 1445 2144 hominem
1468 2116 1592 2145 salvaret.

852 2174 874 2195 I.
891 2171 956 2195 948.
980 2175 1008 2192 n.
1031 2174 1058 2193 E.
1081 2167 1145 2191 949.
1175 2161 1298 2190 Adventu
1331 2170 1379 2188 suo
1399 2160 1591 2189 sacrificiorum

853 2210 952 2237 cultum
969 2207 1087 2236 sustulit.
1103 2213 1122 2234 I.
1142 2210 1204 2233 694.
1222 2216 1247 2233 n.
1265 2211 1289 2232 et
1302 2213 1392 2231 omnes
1406 2210 1495 2241 gentes
1509 2211 1593 2233 attra-

854 2254 902 2281 xit.
920 2260 939 2281 I.
958 2256 1020 2280 686.
1038 2261 1064 2278 n.
1084 2251 1139 2278 Cur
1155 2249 1279 2277 Christus
1295 2247 1398 2276 tardius
1413 2247 1439 2275 in
1461 2248 1593 2276 mundum

854 2296 964 2325 venerit.
981 2302 1026 2324 XI.
1048 2299 1111 2322 411.
1130 2305 1154 2322 A.

893 2339 992 2369 Christi
1010 2337 1128 2377 eorporis
1140 2336 1246 2365 realitas
1261 2335 1469 2367 demonstratur,
1486 2343 1531 2364 III.
1545 2341 1591 2366 28,

854 2386 955 2413 Revera
969 2394 1001 2411 ex
1018 2382 1124 2420 virgine
1137 2381 1281 2409 formatum
1296 2387 1335 2408 est
1350 2381 1408 2419 ejus
1422 2390 1528 2418 corpus,
1547 2390 1594 2409 nec

857 2439 903 2468 per
921 2438 978 2456 eam
994 2427 1069 2464 quasi
1082 2436 1128 2464 per
1142 2424 1260 2452 canalem
1276 2424 1381 2451 transiit
1393 2423 1592 2452 Christus.V11.

857 2477 902 2503 59,
920 2473 950 2500 In
976 2471 1067 2501 Maria}
1085 2476 1159 2497 utero
1176 2474 1317 2506 conceptus
1340 2474 1396 2503 est,
1416 2467 1595 2495 obumbrante

855 2515 960 2555 Spiritu
986 2521 1087 2543 saneto.
1106 2520 1150 2541 IV.
1168 2517 1230 2540 570.
1247 2523 1271 2540 B.
1295 2522 1322 2539 (2.
1340 2510 1389 2539 Illa
1416 2517 1503 2538 tamen
1532 2521 1595 2549 ope-

857 2560 923 2589 ratio
943 2570 994 2588 non
1022 2556 1198 2597 exploranda.
1228 2562 1285 2585 VII.
1310 2559 1356 2584 58.
1379 2566 1402 2582 B.
1426 2554 1493 2582 Caro
1515 2553 1597 2582 Chri-

858 2605 902 2642 sti,
917 2614 970 2633 non
987 2603 1021 2632 ad
1035 2609 1151 2640 tempus,
1161 2599 1206 2629 sed
1218 2599 1243 2627 in
1257 2605 1384 2628 aeternum
1394 2604 1520 2635 assumta,
1532 2597 1601 2627 ado-

1394 2652 1441 2680 13.
