1910 2907
654 203 742 225 M‘NC
768 203 864 225 rium
874 203 896 225 M
925 201 1105 224 ADORNATA
1114 217 1119 224 .

165 265 320 302 Numquam
335 275 475 299 aeninmaz,
493 264 578 293 morbi
591 264 684 293 aliaeve
703 264 864 293 sollicitudi-

73 307 86 318 ““
101 309 116 317 ’”
128 320 172 338 nes
193 311 323 340 Joannem
345 317 464 338 nostrum
482 317 634 339 averterunt
652 322 667 338 a
684 310 864 339 sollicitudine

82 369 86 379 ι
108 372 114 375 -
128 354 303 394 propaganda)
324 355 399 385 fidei.
417 357 478 385 Jam
497 355 616 384 vidimus
632 356 734 395 ipsum,
753 367 805 394 qua
819 356 864 383 die

105 403 114 406 “
126 401 213 429 exsilii
233 401 321 430 locum
336 409 427 441 petens
440 402 557 430 Nicaeam
573 402 709 441 pergebat,
726 401 863 440 scripsisse

127 447 280 477 Constantio
300 448 470 487 presbytero,
486 455 515 476 ut
530 459 562 476 ne
575 459 609 476 ex
622 454 750 487 praesente
765 454 862 486 tempe-

124 500 191 522 state
212 501 380 522 amoveretur
394 494 428 523 ab
446 494 534 522 officio
553 501 578 522 et
592 505 605 522 a
621 505 650 522 re
661 501 781 533 suscepta
792 516 799 529 ,
816 493 861 522 sed

123 549 173 577 pro
193 550 266 568 more
279 549 327 567 suo
342 550 402 575 eos,
420 540 466 577 qui
487 539 575 568 adhuc
594 540 752 568 Graecorum
771 550 862 578 super-

1592 205 1654 227 201

922 274 979 292 eam
992 275 1047 293 rem
1065 264 1223 293 auxiliarem
1244 275 1353 293 manum
1368 265 1464 293 afferre
1479 265 1593 304 possint,
1616 276 1659 294 eos

920 310 967 339 illo
996 310 1113 339 mittant.
1146 311 1215 339 Cum
1244 311 1380 340 didicisset
1411 318 1498 340 autem
1529 311 1659 350 Alphium

920 358 1072 395 quemdam,
1085 368 1164 396 quem
1178 359 1291 387 Joannes
1304 358 1445 398 presbyter
1459 357 1569 393 adierat,
1580 358 1658 387 illum

919 403 1088 437 excitavisse,
1110 409 1189 441 atque
1210 403 1236 431 in
1266 403 1431 432 Phoeniciam
1454 403 1572 440 misisse,
1603 404 1657 432 imo

920 449 979 477 auri
991 459 1123 477 summam
1134 449 1184 488 ipsi
1195 448 1299 478 dedisse
1311 461 1317 476 τ
1332 449 1462 489 ΑΙ[)1]ἰιιῐῃ
1476 449 1533 477 ideo
1544 449 1657 478 celebrat

919 496 1034 524 ,Ioannes
1047 502 1145 533 noster,
1158 502 1183 523 et
1195 502 1225 524 ut
1239 496 1291 524 sibi
1303 496 1453 534 frequenter
1466 496 1556 524 literas
1568 496 1657 525 mittat

915 540 1046 568 hortatur.

956 586 1060 615 Exorto
1072 597 1167 625 magno
1180 586 1206 615 in
1222 587 1357 616 Phoenicia
1370 587 1498 621 tumultu,
1509 597 1571 615 cum
1582 598 1656 616 evan·
1691 597 1810 619 Tumultus

916 632 978 669 gelii
993 643 1127 671 praecones
1143 633 1170 661 in
1189 634 1324 669 aerumnis,
1336 640 1360 661 et
1375 633 1484 661 forsitan
1495 633 1521 661 in
1537 634 1657 673 periculo
1670 629 1701 680 {¹¹¹³
1721 630 1810 680 332¹·

916 685 1100 714 versarentur5
1117 686 1236 707 metuens
1250 680 1365 708 ,Ioannes
1377 686 1464 707 noster
1477 689 1510 707 ne
1529 690 1543 707 a
1558 679 1657 718 praedi-
1669 669 1788 718 Effingeli's

917 722 1002 751 cando
1017 724 1154 762 evangelio
1171 724 1336 759 desisterent,
1358 725 1497 763 epistolam
1517 727 1572 753 125
1587 726 1656 754 scri·
1669 729 1787 750 praecom-s.

123 584 236 622 stitioni,
256 596 303 614 seu
323 585 484 614 idololatria*
502 585 586 614 dediti
606 593 698 622 eraut,
721 585 756 614 ad
780 585 861 613 Chri-

123 630 236 659 stianam
249 631 329 660 fidem
344 639 494 660 convertere
506 640 638 670 pergeret,
654 639 678 660 ct
693 632 802 671 impiam
818 642 861 659 rc-

122 675 250 715 ligionem
263 678 466 713 exterminaret,
482 684 561 715 atque
576 677 731 714 Phoenicice,
754 677 860 705 Arabiae

121 728 147 750 ct
167 723 285 752 Orientis
310 723 493 751 Ecclesiaruni
513 733 604 751 curam
627 730 739 761 gereret.
759 722 861 751 Eadem

122 778 226 807 semper
245 768 340 797 ardens
362 768 487 808 cupidine
504 769 710 808 Chrysostomns
730 768 764 796 ad
783 768 862 797 Nico-

122 814 196 842 laum
215 815 401 855 presbyterum
423 815 530 855 scripsit
545 815 684 854 epistolam
705 816 741 843 53
758 826 763 841 :
782 825 861 852 quem

123 862 265 891 Nicolaum
283 863 408 902 opinatur
427 874 454 892 v.
475 863 508 892 cl.
529 863 716 892 Tillemontius
730 873 790 890 eum
807 873 862 890 esse

122 908 182 945 qui,
201 915 231 936 ut
250 909 330 937 modo
347 909 517 945 dicebamus,
536 919 597 937 cum
617 909 678 936 aliis
697 909 860 946 quibusdam

123 953 314 992 Chrysostomo
332 954 438 993 scripsit
455 965 461 980 :
477 953 548 992 quod
561 954 583 981 si
599 964 651 982 non
668 961 779 989 certum,
797 955 862 983 veri-

121 999 209 1027 simile
223 999 368 1028 admodum
389 999 504 1027 videtur.
523 999 665 1027 Nicolaum
688 999 765 1027 illum
786 1010 861 1028 sum·-

121 1055 228 1084 mopere
243 1045 352 1080 laudat,
371 1045 443 1083 quod
458 1045 618 1084 evangelicae
634 1045 818 1084 praedicationi
834 1046 860 1074 in

74 1097 109 1117 ¹1³9
122 1092 258 1120 Phcenicia
278 1102 383 1131 semper
401 1091 580 1130 advigilaret,
599 1102 630 1120 ac
649 1092 793 1120 monachos
814 1092 861 1121 illo

120 1139 244 1174 misisset,
265 1146 344 1177 atque
363 1139 391 1167 in
410 1145 485 1166 tanta
504 1149 594 1166 rerum
615 1137 775 1167 difficultate
799 1139 861 1167 illos

120 1185 180 1213 istic
193 1195 298 1213 manere
313 1184 448 1223 coegisset.
464 1184 645 1222 Hortaturque
659 1184 737 1212 illum
755 1192 783 1213 ut
805 1185 860 1214 Ge-

119 1231 237 1259 rontium
257 1230 458 1269 presbyterum,
473 1241 553 1268 quem
571 1241 650 1258 suum
670 1230 754 1265 dicit,
771 1231 860 1260 statim

119 1284 198 1314 atque
213 1287 228 1304 a
244 1277 337 1304 morbo
358 1276 541 1312 convaluerit,
565 1283 660 1314 urgeat
680 1283 709 1304 ut
727 1276 778 1304 iter
795 1277 860 1304 illuc

120 1322 256 1361 suscipiat,
275 1329 401 1360 curetque
419 1329 448 1350 ut
467 1323 581 1351 Joannes
596 1333 702 1360 quoque
721 1322 860 1362 presbyter

119 1378 184 1396 suus
198 1378 251 1396 una
267 1378 329 1396 cum
344 1368 474 1396 Gerontio
492 1368 585 1396 eodem
602 1375 704 1406 pergat.
725 1369 759 1397 Se
776 1369 859 1407 ipsius

118 1414 221 1443 Nicolai
233 1414 342 1443 videndi
357 1421 382 1442 et
395 1413 572 1453 amplectendi
584 1424 680 1452 magno
693 1414 774 1442 teneri
789 1414 858 1444 desi-

117 1460 192 1489 derio
204 1460 278 1495 dicit,
287 1460 334 1489 sed
351 1467 438 1488 tamen
447 1460 525 1488 illum
539 1469 609 1488 nunc
621 1459 681 1488 istic
691 1470 797 1489 manere
810 1472 857 1490 ne-

117 1517 186 1535 cesse
206 1507 314 1535 omnino
333 1517 396 1535 esse.

148 1553 193 1582 Ad
217 1553 376 1582 Gerontium
399 1563 480 1592 porro
502 1552 580 1581 illum
612 1563 693 1592 supra
727 1564 856 1582 memora-

116 1607 185 1635 tum,
198 1600 226 1628 in
241 1599 406 1628 Phoeniciam
421 1599 580 1638 profectum,
592 1599 669 1628 binas
682 1600 790 1638 scripsit
799 1600 855 1638 epi-

115 1646 206 1683 stolas,
223 1656 337 1684 quarum
351 1645 438 1684 prima
453 1645 550 1684 periit;
568 1645 594 1674 in
609 1646 725 1674 secunda
741 1656 804 1674 vero
817 1647 856 1675 54

115 1691 193 1720 illum
212 1691 365 1720 cohortatur
390 1698 415 1719 et
436 1691 566 1728 obsecrat,
589 1699 628 1729 ut,
651 1699 750 1730 quanto
770 1693 856 1731 major

115 1745 153 1767 est
173 1745 325 1778 tempestas,
346 1745 447 1776 quanto
468 1739 570 1777 majora
595 1738 745 1777 ingruentia
768 1739 853 1773 mala,

113 1792 186 1813 tanto
204 1786 304 1824 majore
317 1784 405 1813 studio
421 1790 485 1812 etse
507 1791 532 1813 et
545 1783 611 1812 alios
630 1784 664 1812 ad
678 1784 746 1812 illud
767 1784 854 1822 operis

113 1831 313 1870 suscipiendum
329 1831 439 1866 excitet,
461 1840 522 1858 cum
537 1841 552 1858 a
569 1830 663 1858 morbo
678 1830 852 1859 convaluerit.

114 1876 187 1904 Dicit
202 1884 292 1905 autem
310 1887 337 1905 se
356 1876 510 1905 Constantio
531 1876 687 1916 presbytero
707 1877 735 1905 id
754 1877 852 1916 negotii

114 1922 288 1957 commisisse,
302 1929 331 1950 ut
345 1922 401 1950 sive
419 1922 453 1950 ad
468 1922 567 1950 aedium
583 1923 785 1959 exstructiones,
797 1923 853 1952 sive

112 1968 146 1996 ad
163 1968 359 1997 sublevandam
374 1968 487 1996 fratrum
499 1969 617 2008 inopiam
628 1969 701 2007 large
715 1969 768 1998 illis
780 1981 851 1998 sum-

112 2021 155 2043 tus
179 2021 204 2043 et
229 2013 355 2053 pecunias
376 2013 544 2053 suppeditet,
568 2015 623 2043 imo
646 2015 748 2054 largius
770 2026 849 2053 quam

112 2068 199 2089 antea.

151 2107 212 2135 Jam
234 2105 352 2135 vidimus
381 2107 509 2135 Joannem
537 2112 660 2134 nostrum
682 2116 780 2135 munus
804 2117 849 2135 seu

112 2161 243 2180 summam
264 2152 391 2191 pecuniae,
413 2162 496 2190 quam
510 2151 642 2190 Diogenes
662 2151 713 2191 ipsi
729 2152 847 2190 miserat,

112 2198 283 2234 recusavisse,
301 2205 327 2226 ct
345 2198 385 2226 illi
400 2198 538 2237 scripsisse
556 2204 584 2225 ut
599 2208 656 2226 eam
674 2209 806 2226 summam
822 2198 848 2226 in

111 2243 278 2272 Phoeniciam
299 2245 332 2272 ad
353 2244 484 2283 evangelii
515 2254 648 2283 praecones
668 2245 802 2278 mitteret,
825 2252 850 2273 et

111 2289 286 2328 Aphraatem‚
299 2301 378 2328 quem
390 2291 441 2319 sibi
455 2290 563 2319 miserat
576 2290 611 2319 ad
628 2301 684 2318 eam
700 2302 754 2319 rem
768 2301 850 2329 expe-

110 2335 181 2363 diret
202 2347 208 2362 :
229 2335 277 2374 qui
290 2336 333 2364 vir
357 2342 413 2364 erat
434 2336 469 2364 ad
488 2336 526 2364 eis
548 2336 671 2364 solatium
686 2336 849 2364 asserendum

109 2381 231 2410 idoneus.
246 2382 360 2411 Joannes
381 2391 443 2409 vero
457 2382 597 2421 presbyter
611 2381 703 2410 eadem
721 2382 754 2410 de
769 2392 846 2410 causa

110 2428 138 2456 in
154 2428 318 2456 Pboeniciam
330 2438 358 2456 se
371 2428 516 2457 contulerat
529 2441 535 2456 τ
552 2435 714 2467 quapropter
727 2428 847 2467 Chryso-

109 2483 210 2504 stomus
224 2476 301 2504 illum
316 2475 483 2504 commendat
500 2475 526 2503 in
545 2475 656 2514 epistola
675 2476 711 2504 55
727 2476 845 2504 simeoni

109 2529 134 2550 et
151 2522 220 2551 Mari
244 2521 407 2561 presbyteris
432 2528 457 2549 et
477 2521 614 2549 monachis
638 2521 665 2549 in
687 2521 845 2560 Apamcensi

110 2568 216 2606 regione
227 2567 395 2596 versantibus
411 2579 416 2594 ι
433 2567 546 2604 illosque
558 2566 727 2602 liortatnrut,
746 2566 766 2594 si
779 2577 845 2604 quos

110 2623 248 2651 generosos
259 2620 284 2641 et
298 2619 451 2651 praestantes
466 2611 536 2641 viros
548 2612 741 2649 nanciscantur,
753 2612 799 2650 qui
811 2612 844 2641 ad

916 769 969 807 psit
985 769 1150 808 presbyteris
1162 777 1187 798 et
1202 769 1340 798 monacbis
1356 769 1466 808 gentiles
1479 769 1505 798 in
1521 770 1657 800 Phoenicia

916 815 1127 843 instituentibus.
1148 816 1277 844 Hortatur
1295 823 1383 844 autem
1399 823 1507 844 cunctos
1525 823 1550 844 et
1564 817 1658 855 singn-

916 860 965 894 los,
981 871 1013 888 ne
1024 861 1084 899 quis
1095 871 1138 889 eos
1151 861 1185 890 ob
1198 868 1321 890 exortum
1335 861 1481 889 tumultum
1496 862 1521 889 in
1534 862 1658 890 fraudem

916 907 1038 945 impellat
1056 907 1100 936 vel
1123 907 1239 936 abducat
1261 907 1295 936 ad
1317 907 1481 936 Phoeniciam
1502 908 1657 946 relinquen-

916 952 978 981 dam
997 964 1003 980 :
1022 964 1075 992 quo
1090 955 1202 993 majores
1217 955 1288 983 enim
1302 953 1475 982 difficultates
1494 960 1518 982 et
1533 964 1656 983 aerumnae

916 998 1091 1038 objiciuntur,
1104 1011 1133 1028 co
1144 1001 1246 1039 majora
1256 1000 1306 1028 sihi
1318 1000 1428 1039 przcmia
1440 1001 1578 1028 reservari.
1588 1002 1657 1030 Cum

916 1045 986 1073 enim
1000 1045 1145 1084 impietatis
1160 1053 1262 1085 partem
1276 1046 1302 1074 in
1320 1045 1458 1074 Phoenieia
1473 1047 1529 1085 jam
1545 1047 1657 1076 sustule-

916 1091 981 1125 rint,
996 1092 1145 1120 curandum
1157 1103 1211 1121 esse
1223 1103 1255 1120 ne
1270 1098 1359 1120 tantus
1370 1091 1446 1119 labor
1457 1092 1546 1120 fructu
1557 1099 1653 1121 careat.

915 1138 949 1166 Se
962 1138 997 1166 ita
1011 1138 1161 1177 providisse
1173 1139 1219 1174 ait,
1233 1145 1262 1166 ut
1277 1137 1344 1166 nihil
1354 1148 1481 1176 umquam
1495 1138 1583 1167 deesse
1595 1149 1656 1177 pos-

915 1183 960 1219 sit,
984 1191 1066 1222 utque
1086 1185 1175 1213 omnia
1194 1184 1259 1224 ipsis
1279 1184 1418 1212 asssucnter
1440 1184 1654 1223 suppeditentur.

915 1230 996 1264 Quod
1008 1231 1030 1258 si
1047 1230 1092 1259 ille
1111 1231 1137 1259 in
1157 1230 1255 1259 Cucusi
1270 1229 1418 1258 solitudine
1432 1240 1540 1258 versans
1556 1237 1655 1258 tantam

914 1275 1024 1304 illorum
1038 1287 1130 1304 curam
1152 1283 1235 1315 gerat,
1250 1276 1335 1304 multo
1350 1276 1436 1314 magis
1458 1276 1540 1315 ipsos,
1557 1277 1656 1315 quibus

914 1322 1003 1350 onmia
1024 1322 1132 1351 abunde
1152 1329 1313 1361 suppetunt,
1332 1333 1392 1360 quae
1407 1333 1517 1350 suarum
1538 1323 1656 1361 partium

914 1375 984 1403 sunt,
995 1368 1104 1396 abunde
1118 1375 1244 1408 praestare
1256 1368 1361 1396 debere.
1375 1369 1419 1396 Ait
1434 1379 1497 1396 vero
1509 1379 1536 1397 se
1550 1368 1655 1407 religio-

912 1413 1048 1442 sissimum
1062 1415 1192 1443 Joanncm
1208 1414 1395 1453 presbyterum
1410 1414 1514 1442 misisse
1529 1414 1574 1452 qui
1594 1414 1654 1443 illos

912 1459 1075 1488 cohortetur.
1094 1461 1128 1488 Se
1141 1460 1250 1488 demum
1264 1460 1353 1488 omnia
1363 1459 1470 1488 abunde
1485 1460 1654 1498 praestitisse:

911 1505 984 1544 quod
1002 1506 1024 1534 si
1039 1506 1080 1533 illi
1095 1506 1161 1534 alios
1177 1516 1203 1534 se
1219 1506 1253 1533 ab
1267 1506 1356 1534 officio
1371 1513 1518 1535 avertentes
1533 1505 1655 1542 audiant,

911 1551 1018 1581 videant
1032 1552 1058 1580 in
1076 1553 1153 1591 cujus
1168 1559 1248 1591 caput
1263 1558 1335 1580 tanta
1344 1553 1450 1590 jactura
1463 1551 1548 1580 cadat.

951 1599 1010 1626 Sub
1022 1598 1078 1626 haec
1089 1605 1179 1626 autem
1189 1609 1236 1626 nec
1246 1597 1332 1626 multo
1344 1605 1443 1637 postca,
1454 1598 1564 1636 gentiles
1575 1598 1654 1627 Phoe-

911 1644 987 1672 niciae
1016 1644 1044 1672 in
1069 1644 1186 1672 furorem
1211 1643 1278 1678 acti,
1308 1643 1334 1671 in
1355 1643 1499 1672 monachos
1521 1644 1652 1682 evangelii

910 1701 1043 1729 praecones
1058 1690 1270 1724 insurrexerunt,
1286 1699 1316 1717 ac
1331 1689 1481 1728 complures
1494 1689 1652 1718 vulneribus

910 1737 1066 1771 affecerunt,
1089 1735 1219 1774 quosdam
1243 1735 1321 1763 etiam
1344 1735 1510 1763 occiderunt.
1530 1736 1595 1770 Qum
1611 1747 1652 1764 res

909 1784 1038 1812 Joannem
1054 1789 1174 1810 nostrum
1189 1781 1337 1809 admodum
1355 1781 1500 1809 commovit
1519 1793 1525 1808 :
1544 1782 1652 1810 statim-

908 1840 960 1867 que
972 1824 1062 1858 virum
1077 1827 1210 1866 quansirit,
1223 1827 1269 1865 qui
1286 1833 1358 1855 tanto
1370 1827 1439 1854 malo
1454 1827 1599 1855 remedium
1613 1828 1651 1855 af-

907 1876 974 1903 ferre
987 1881 1084 1914 posset.
1098 1875 1151 1902 Nec
1164 1873 1248 1911 magis
1261 1873 1372 1901 idoneus
1385 1883 1440 1900 sese
1450 1873 1530 1900 menti
1542 1873 1650 1909 obtulit⁷

907 1932 987 1958 quam
1001 1921 1115 1948 Rufinus
1131 1919 1284 1958 presbyter,
1301 1918 1342 1946 cui
1359 1918 1497 1957 epistolam
1514 1919 1559 1947 ille
1577 1920 1650 1948 misit

907 1968 975 2002 120¹,
993 1966 1124 2003 illumque
1140 1965 1257 2002 rogavit,
1274 1964 1327 1991 imo
1342 1964 1420 1999 ursit,
1433 1970 1461 1992 ut
1475 1975 1556 2002 quam
1568 1965 1648 1993 celer-

904 2013 973 2040 rime
991 2018 1074 2051 posset
1096 2021 1122 2038 se
1141 2009 1176 2038 ad
1195 2010 1245 2037 iter
1266 2008 1336 2037 illud
1351 2009 1498 2047 accingeret
1516 2022 1522 2037 z
1546 2018 1647 2039 certum

905 2058 976 2086 enim
990 2057 1040 2086 sibi
1058 2067 1122 2091 esse,
1142 2056 1163 2084 si
1181 2065 1281 2094 preces,
1299 2055 1443 2090 lenitatem,
1459 2057 1647 2085 mansuetudi-

904 2115 976 2139 nem,
990 2101 1158 2142 patientiam‚
1181 2107 1207 2129 et
1221 2111 1279 2129 eam
1296 2111 1348 2138 qua
1363 2100 1482 2137 pollebat
1495 2101 1579 2130 animi
1593 2102 1648 2130 sor-

905 2151 1047 2180 titudinem
1069 2149 1217 2183 adhiberet,
1234 2149 1322 2187 ipsum
1340 2148 1383 2176 vel
1399 2154 1507 2187 aspectu
1522 2148 1579 2177 solo
1593 2150 1646 2177 ail-

904 2197 1035 2227 versarios
1046 2195 1073 2223 in
1090 2195 1181 2233 fugam
1197 2200 1320 2221 acturum
1331 2203 1394 2221 esse.
1409 2193 1450 2221 Ait
1461 2204 1524 2222 vero
1535 2205 1572 2231 se,
1584 2205 1646 2223 cum

903 2243 1023 2282 primum
1042 2241 1099 2280 ejus
1120 2240 1147 2268 in
1167 2239 1333 2268 Pboeniciam
1353 2239 1497 2269 adventum
1517 2240 1643 2278 audierit,

904 2296 967 2317 tunc
981 2287 1037 2315 sine
1051 2297 1114 2315 cura
1125 2292 1150 2314 ct
1168 2286 1195 2313 in
1211 2285 1351 2313 securitate
1365 2285 1486 2313 futurum
1501 2296 1565 2314 esse.
1585 2287 1642 2315 Mi-

903 2334 958 2364 rari
979 2344 1042 2362 vero
1056 2343 1082 2361 se
1101 2332 1178 2367 dicit,
1195 2331 1266 2369 quod
1281 2342 1343 2360 cum
1360 2331 1520 2361 Theodorus
1532 2333 1644 2373 presby-

903 2388 943 2409 ter
953 2379 987 2408 ad
999 2389 1026 2407 se
1040 2378 1166 2413 venisset,
1184 2377 1273 2406 nullas
1288 2377 1372 2416 ipsius
1388 2377 1480 2406 Rufini
1500 2378 1589 2406 literas
1603 2379 1643 2406 si-

902 2427 930 2455 bi
946 2425 1095 2454 attulisset:
1119 2430 1283 2463 quapropter
1297 2423 1420 2452 hortatur
1435 2423 1511 2452 illum
1524 2431 1565 2461 ut,
1581 2435 1642 2453 cum

903 2473 929 2501 in
945 2471 1108 2501 Phoeniciam
1124 2470 1319 2510 proficiscetur,
1343 2471 1370 2498 in
1392 2469 1505 2508 singulis
1524 2471 1641 2499 mansio-

902 2519 980 2547 nibus
1000 2517 1054 2546 sibi
1074 2517 1164 2545 literas
1181 2516 1269 2544 mittat
1288 2527 1294 2543 :
1310 2515 1383 2553 quod
1405 2516 1427 2544 si
1446 2516 1539 2544 fratres
1553 2516 1642 2544 adhuc

901 2565 949 2594 illo
965 2564 1068 2592 mittere
1091 2569 1221 2602 oporteat,
1245 2561 1274 2589 id
1295 2561 1347 2590 sibi
1370 2568 1463 2590 notum
1487 2561 1575 2590 saciat,
1601 2563 1642 2590 De

903 2617 1052 2639 sanctorum
1076 2619 1140 2638 vero
1156 2614 1305 2646 martyrum
1322 2607 1462 2645 Rcliquiis,
1476 2617 1541 2644 quas
1555 2617 1640 2646 popo—
