1910 2907
24 1317 79 1348 .14.

33 1800 101 1815 50510-

27 1826 100 1846 Cucu-

26 1858 99 1877 exsilii

49 1895 88 1916 per
95 1901 99 1903 λ

654 197 742 220 miae
774 196 902 220 81101011
932 195 1128 220 monstra.
1583 186 1647 234 189

108 262 237 298 ciliciam,
254 267 283 289 ut
297 267 373 290 vocat
388 261 443 299 ipse
453 282 460 296 ,
477 259 616 299 pervenit,
631 270 727 298 niagno
742 259 848 298 agmine

109 308 192 337 sancti
217 314 306 347 patres
328 314 352 336 et
376 306 500 335 monachi
512 329 519 341 ,
545 305 715 344 virginesque
738 305 847 334 obviam

108 354 159 393 ipsi
172 353 308 393 prodiere,
323 353 455 381 infinitam
470 353 653 392 lacrymarum
667 351 724 380 rim
739 351 848 390 prosun-

106 399 206 428 dentes.
225 400 345 437 Cumque
359 399 437 427 illum
454 398 480 427 in
495 399 623 427 exsilium
639 405 743 426 euntem
757 407 849 426 cerne-

106 453 180 481 rent,
200 446 227 474 in
243 446 319 474 ssetus
339 445 566 484 prorumpebant,
586 444 630 472 1115
645 451 739 472 10111110
759 442 848 471 verbis

106 498 226 520 utentes:
238 491 328 521 Satius
343 491 435 519 suisset
453 491 536 519 solem
554 490 644 518 radios
658 500 720 518 suos
737 495 847 517 contra-

105 538 178 572 here,
195 549 275 576 quam
288 538 398 567 Joannis
411 548 439 565 os
451 537 591 565 conticere.
609 534 769 574 Hujusmodi
785 544 848 563 vero

105 584 256 623 spectacula
272 585 357 622 magis
378 586 467 622 ipsum
480 583 625 611 turbabant
639 588 663 610 et
676 580 848 616 cruciabant,

106 641 187 668 quam
200 630 262 669 ipsae
276 640 400 658 aerumnae
412 636 436 657 et
451 628 623 662 calamitates,
638 637 704 665 quas
719 626 848 655 constanti

105 686 210 715 semper
227 675 316 704 animo
330 675 449 713 pertulit.
475 673 597 702 Tandem
616 684 680 702 vero
699 674 846 708 Cucusum,

106 722 196 750 exsilii
215 722 320 757 locum,
335 721 453 750 advenit.
474 720 540 749 Erat
561 730 626 748 vero
643 720 764 748 Cucusus
782 728 848 757 par-—

108 779 172 797 vum
186 775 266 806 atque
281 767 491 796 desertissimum
507 765 650 805 oppidum,
667 772 697 793 ut
710 774 778 803 saepe
795 774 848 792 531-

107 813 170 852 pius
181 814 261 841 refert
274 813 330 852 ipse
342 813 559 852 Cbrysostomus,
574 811 602 839 10
614 810 738 839 Armenia
750 808 847 837 minori

107 859 188 888 situm
202 859 332 898 :quidam
347 869 410 887 vero
427 859 454 886 in
470 856 656 896 Cappadocia,
673 856 720 884 alii
739 855 767 883 in
781 854 846 884 Cili-

107 905 148 933 cia
161 905 260 941 locant,
276 905 403 943 quoniam
418 904 445 932 in
459 904 556 932 harum
572 902 710 941 regionum
725 901 847 930 confiniis

107 950 190 980 situm
202 958 267 980 erat.
282 951 352 979 Tam
364 950 496 978 desertum
508 956 597 977 autem
609 947 770 987 oppidulum
783 953 847 983 erat,

109 1003 139 1025 ut
153 1007 236 1035 neque
250 997 339 1025 forum
353 995 489 1025 venalium
503 994 623 1022 haberet.

147 1043 267 1078 Quidam
281 1053 360 1081 porro
375 1041 417 1069 vir
428 1052 462 1069 ex
475 1039 611 1080 primariis
622 1038 726 1078 oppidi,
737 1037 848 1066 Diosco-

106 1100 153 1118 rus
171 1088 295 1123 nomine,
318 1087 364 1125 qui
379 1089 507 1117 Joannem
526 1092 647 1114 nostrum
667 1084 788 1123 apprime
802 1094 849 1112 rc-

107 1135 268 1168 nerabatur‚
292 1133 339 1161 ubi
355 1132 461 1161 audivit
484 1131 561 1159 illum
578 1132 713 1159 Cucusum
733 1129 803 1158 mitti
821 1129 847 1157 in

107 1179 231 1208 exsilium
240 1201 246 1213 ,
263 1186 288 1207 et
301 1179 368 1207 istuc
380 1185 533 1217 pergentem
545 1187 632 1205 moras
647 1175 779 1214 quasdam
793 1176 849 1204 Cae-

109 1237 189 1255 sareae
202 1226 303 1261 facere,
323 1225 370 1253 illo
387 1224 460 1252 misit
479 1229 603 1261 rogatum
619 1228 644 1250 et
659 1222 825 1250 obsecratum
838 1244 846 1255 ‚

109 1284 142 1302 ne
162 1274 277 1302 Joannes
297 1271 391 1300 domui
419 1281 473 1299 suae
494 1270 605 1298 alteram
622 1269 770 1297 anteferret.
795 1268 849 1296 Alii

108 1329 213 1357 quoque
226 1317 343 1356 idipsum
355 1317 469 1345 fecerant
482 1325 593 1343 :verum
606 1313 727 1342 Dioscori
738 1313 850 1342 domum

109 1364 169 1392 aliis
186 1362 377 1403 przeferendam
391 1372 446 1390 esse
458 1360 559 1389 censuit
571 1360 791 1399 Chrysostomus,
809 1366 850 1388 at-

110 1421 161 1448 que
174 1410 246 1449 apud
259 1409 334 1438 illum
349 1409 424 1437 sedes
436 1407 533 1447 posuit.
550 1407 638 1435 Tanta
654 1416 716 1434 vcro
728 1406 851 1444 largitate

107 1467 138 1486 ac
152 1456 315 1485 liberalitate
328 1455 451 1483 utebatur
466 1453 620 1488 Dioscorus,
642 1459 671 1480 ut
684 1462 713 1480 ea
725 1451 759 1480 de
773 1462 851 1480 causa

106 1509 236 1542 perpetuo
251 1512 312 1530 cum
327 1501 374 1529 illo
387 1507 493 1528 sanctus
505 1505 593 1526 noster
607 1497 797 1537 expostularet.
814 1498 851 1525 Ut

106 1559 169 1577 vero
189 1548 267 1576 latius
291 1547 408 1586 spatium
427 1545 619 1584 Chrysostomo
640 1543 801 1581 relinqueret
817 1554 852 1572 ex

107 1595 210 1623 aedibus
225 1594 280 1622 suis
299 1594 325 1621 in
340 1593 435 1622 villam
456 1591 584 1628 migravit
599 1600 606 1617 :
621 1589 688 1627 quin
703 1589 783 1618 etiam
798 1589 851 1617 do-

108 1651 182 1669 mum
198 1640 248 1679 ipsi
268 1639 304 1667 ad
319 1638 483 1667 tolerandam
504 1636 629 1675 hyemem
648 1634 769 1663 idoneam
785 1645 852 1663 con-

108 1686 208 1715 struxit
221 1692 318 1723 :atque
332 1685 367 1713 ita
380 1693 507 1722 magnum
523 1681 682 1710 beneficium
697 1691 795 1720 magno
810 1691 852 1709 cu-

110 1732 184 1760 mulo
198 1731 284 1760 auxit.

149 1779 218 1806 Cum
237 1778 374 1806 Cucusum
388 1775 514 1811 advenit,
531 1773 690 1813 gravissimo
710 1773 852 1801 laborabat

111 1824 202 1852 morbo
215 1835 221 1850 ε
233 1833 248 1851 3
262 1823 358 1851 diebus
375 1821 445 1850 enim
461 1821 522 1860 plus
537 1831 616 1858 quam
632 1819 741 1858 triginta
756 1818 853 1847 arden-

112 1869 213 1897 tissima
228 1869 296 1897 febri
311 1867 490 1901 cruciabatur,
506 1866 619 1903 aliisque
633 1864 763 1893 stomachi
777 1865 853 1893 infir-

113 1915 251 1943 mitatibus
274 1913 399 1942 maximis
413 1925 418 1940 :
433 1923 491 1950 11οω
512 1912 581 1939 mala
594 1911 668 1939 haud
683 1910 764 1939 dubie
786 1912 851 1939 tanti

110 1961 213 1989 itineris
233 1960 379 1994 molestiae,
397 1959 509 1995 aliaeque
529 1968 598 1985 curae
610 1979 619 1994 ‚
640 1956 851 1992 sollicitudines,

109 2009 262 2036 Isaurorum
280 2013 379 2040 metus,
400 2011 480 2042 atque
495 2002 666 2032 incommoda
680 2003 755 2031 varia
770 2014 852 2042 pepe-

109 2059 207 2083 rerant.
228 2054 374 2090 Postquam
396 2061 458 2079 vero
480 2050 616 2078 Cucusum
637 2049 780 2088 pervenit,
806 2049 852 2077 ubi

110 2109 170 2127 cum
185 2105 257 2127 tanta
274 2097 440 2126 humanitate
455 2102 581 2134 exceptus
599 2095 650 2123 fuit
661 2116 668 2127 ,
683 2094 760 2123 brevi
780 2104 852 2122 mor-

109 2145 173 2173 bum
188 2155 292 2173 omnem
306 2143 446 2183 deposuit,
467 2142 504 2170 ita
520 2148 549 2169 ut
562 2141 642 2169 etiam
657 2140 758 2178 integra
774 2140 852 2168 vale-

110 2190 202 2220 tudine
225 2191 365 2219 frueretur.
390 2190 451 2217 Non
471 2188 552 2217 modo
573 2194 661 2216 autem
685 2187 849 2221 Dioscorus,

109 2236 182 2275 apud
197 2247 275 2274 quem
289 2230 486 2270 diversabantur,
503 2234 618 2263 ubertim
634 2233 673 2262 illi
689 2232 778 2261 omnia
791 2233 852 2260 sub-

110 2281 295 2314 ministrabat,
311 2281 357 2308 sed
373 2281 451 2309 etiam
466 2279 587 2319 plerique
601 2278 648 2306 alii
665 2285 850 2317 procuratores

110 2335 135 2357 et
149 2338 236 2356 rerum
249 2327 492 2361 administratores,
505 2326 577 2354 heris
591 2325 616 2353 id
633 2335 681 2364 per
695 2325 785 2353 literas
801 2325 850 2352 im-

109 2374 264 2413 perantibus
273 2395 280 2408 ‚
292 2372 405 2401 subinde
417 2372 493 2400 illum
507 2371 616 2400 adibant
629 2371 664 2399 ad
678 2371 767 2399 officia
779 2381 851 2408 111133-

110 2420 151 2447 vis
167 2418 315 2458 praestanda
330 2419 414 2457 parati
429 2431 434 2445 :
450 2418 522 2456 quod
535 2418 682 2446 amicorum
697 2417 849 2446 subsidium

110 2476 201 2495 omncs
223 2475 288 2504 pene
303 2465 470 2503 abstergebat
485 2464 573 2493 exsilii
589 2463 731 2492 molestias.

149 2512 269 2539 Cucusus
287 2510 334 2538 etsi
350 2520 400 2538 000
420 2510 540 2549 amplum
559 2509 690 2548 oppidum
702 2515 776 2545 erat,
792 2509 849 2548 epi·

109 2568 220 2597 scopum
235 2564 322 2585 tamen
337 2555 468 2591 habebat,
489 2555 535 2593 qui
550 2555 774 2594 Chrysostomum
789 2565 850 2583 cum

111 2604 182 2633 omni
200 2603 362 2642 benignitate
375 2603 494 2642 excepit,
509 2612 594 2639 exque
608 2601 673 2630 tanti
690 2601 742 2629 viri
757 2601 849 2630 existi-

903 258 1017 287 matione
1030 266 1053 287 et
1073 258 1220 288 reverentia
1236 268 1265 287 eo
1282 268 1365 296 usque
1380 258 1526 297 processit,
1544 265 1573 286 ut
1588 260 1648 298 epi-

902 306 1037 344 scopalem
1048 305 1089 333 illi
1101 304 1191 333 sedem
1202 304 1294 333 cedere
1307 304 1430 333 voluerit.
1442 305 1547 333 Verum
1561 304 1648 343 Chry·

902 358 1033 380 sostomus
1047 363 1062 380 3
1080 351 1127 380 tali
1142 361 1250 379 munere
1262 349 1431 390 suscipiendo
1446 350 1525 387 longe
1540 350 1643 378 aberat.

903 397 1005 425 Eodem
1018 398 1075 436 ipso
1091 397 1147 433 die,
1167 407 1220 435 quo
1235 403 1341 425 sanctus
1353 397 1396 425 vir
1408 397 1545 425 Cucusum
1561 395 1648 424 adve-

904 444 957 479 nit,
980 443 1066 472 adfuit
1087 444 1138 483 ipsi
1158 443 1303 473 Sabiniaua
1323 443 1492 479 diaconissa,
1512 448 1646 470 senectute

903 491 1011 529 quidem
1025 498 1049 520 et
1064 491 1189 519 a·r11mnis
1204 501 1271 530 pene
1284 490 1390 526 obruta,
1413 489 1459 518 sed
1474 496 1546 518 tanta
1561 489 1645 517 animi

903 537 1054 572 alacritate,
1070 543 1142 565 tanto
1154 547 1215 575 erga
1229 536 1453 576 Chrysostomum
1467 536 1563 563 affectu
1580 545 1647 573 prm-

903 582 968 614 11113,
985 590 1013 610 111
1025 590 1182 622 separatam
1193 593 1248 611 esse
1261 582 1360 610 diceret
1372 582 1452 610 etiam
1467 582 1492 610 in
1505 581 1646 621 Scythiam

905 629 1163 666 111·01181581;11110011
1182 628 1253 656 enim
1277 635 1332 656 erat
1354 628 1577 666 Clirysostomum
1599 627 1646 655 illo

905 674 1103 702 amandandum
1115 685 1180 703 esse.
1196 674 1245 701 Illa
1261 684 1322 702 vero
1334 674 1452 711 cognatis
1467 673 1591 701 omnibus
1604 684 1648 701 re-

903 719 983 755 lictis,
1009 720 1097 759 ipsum
1110 720 1209 757 ubique
1225 719 1299 757 sequi
1321 719 1500 747 destinaverat
1515 731 1520 745 :
1533 730 1649 758 quapro-

905 772 963 804 pter
985 765 1019 793 ab
1043 765 1169 793 omnibus
1191 765 1317 792 Ecclesiae
1337 764 1452 792 alumnis
1473 775 1569 802 magno
1588 775 1648 792 cum

904 811 1000 840 affectu
1022 811 1217 850 excipiebatur.
1242 811 1323 838 Putat
1344 817 1433 838 autem
1458 810 1649 838 Tillcmontius

906 868 963 885 0301
978 857 1061 895 ipsam
1081 856 1255 885 sabinianam
1270 866 1326 884 esse
1339 856 1470 890 fortassis,
1485 866 1565 893 quam
1580 856 1649 883 ami-

905 909 959 930 tam
973 902 1158 942 Clirysostomi
1171 902 1252 930 fuisse
1264 909 1353 931 narrat
1368 902 1505 931 Palladius
1521 901 1548 930 in
1565 901 1648 930 histo-

904 949 941 977 ria
960 949 1100 977 Lausiaca.

944 994 1113 1022 Constantius
1135 1004 1199 1023 vero
1219 993 1373 1032 presbyter,
1395 993 1442 1031 qui
1462 993 1648 1032 Clu-ysostomi

904 1040 1004 1078 ubique
1017 1040 1143 1078 sequendi
1157 1039 1309 1079 cupiditate
1324 1040 1467 1078 flagrabat,
1486 1041 1543 1079 jam
1554 1040 1588 1068 ab
1600 1040 1647 1068 illo

904 1086 1057 1114 facultatem
1070 1097 1116 1125 per
1130 1086 1220 1114 literas
1235 1086 1346 1125 petierat
1360 1087 1495 1114 Cucusum
1511 1086 1646 1122 veniendi,

906 1139 936 1160 ut
950 1132 1028 1160 illum
1041 1132 1078 1160 ibi
1091 1139 1269 1171 exspectaret,
1282 1139 1307 1160 et
1320 1132 1397 1160 lateri
1410 1133 1468 1171 ejus
1482 1143 1586 1171 semper
1599 1132 1650 1160 113·-

905 1186 982 1208 reret.
1005 1179 1055 1208 Sed
1074 1186 1133 1218 post
1148 1178 1333 1218 Chrysostomi
1347 1177 1494 1207 adventum
1515 1179 1651 1207 Cucusum

906 1236 936 1253 eo
955 1235 982 1253 se
998 1225 1141 1254 contulisse
1159 1232 1277 1264 putatur.
1302 1225 1399 1253 Omnia
1415 1233 1484 1253 certe
1507 1224 1539 1253 ad
1556 1232 1652 1253 nutum

906 1270 959 1310 ipsi
977 1270 1170 1307 succedebant,
1187 1281 1249 1299 eum
1265 1281 1355 1299 omnes
1373 1271 1399 1299 in
1416 1278 1469 1299 tota
1489 1271 1589 1299 circum
1608 1282 1651 1300 rc-

907 1317 984 1354 111008
996 1317 1088 1345 solatia
1103 1317 1205 1353 afferre,
1216 1324 1240 1345 et
1253 1317 1341 1345 officia
1353 1317 1508 1355 impendere
1521 1324 1652 1346 curarent.

908 1364 1078 1401 Quapropter
1090 1362 1183 1391 amicis
1198 1362 1363 1400 quibusdam
1377 1363 1468 1400 (epist.
1488 1363 1560 1399 146)
1577 1373 1604 1391 ea
1620 1363 1653 1391 110

908 1419 936 1436 re
958 1409 995 1437 sic
1011 1409 1192 1446 loquebatur:
1210 1421 1223 1435 11
1236 1409 1274 1437 Ut
1297 1419 1387 1436 rerum
1409 1415 1560 1437 nostrarum
1583 1416 1654 1437 statu

909 1455 1013 1493 cognito
1029 1455 1174 1491 laetemini,
1191 1455 1291 1493 ingenti
1307 1455 1396 1493 quiete
1415 1462 1494 1492 atque
1516 1455 1570 1483 otio
1586 1455 1654 1483 frui-

908 1512 989 1529 mur:
1008 1511 1159 1539 corpusque
1180 1507 1299 1529 nostrum
1313 1522 1320 1535 ,
1347 1500 1395 1528 etsi
1413 1501 1495 1528 multa
1514 1507 1575 1528 sunt
1595 1511 1654 1538 quae

907 1547 964 1584 ejus
983 1546 1164 1575 valetudinem
1186 1546 1358 1583 labefactent,
1382 1546 1448 1574 satis
1469 1546 1607 1574 commode
1627 1557 1654 1574 50

908 1592 996 1620 babet.
1014 1592 1126 1620 Etiamsi
1141 1592 1211 1620 enim
1223 1593 1291 1621 nihil
1303 1592 1406 1625 venale,
1424 1599 1447 1620 01
1459 1591 1655 1620 medicamenta

908 1638 982 1666 nulla
998 1638 1041 1666 1118
1057 1638 1123 1673 sint;
1145 1637 1248 1666 etiamsi
1265 1638 1325 1666 coeli
1344 1638 1515 1677 intemperies
1537 1644 1654 1665 aestatem

908 1694 960 1712 non
976 1684 1063 1712 minus
1077 1695 1157 1722 quam
1170 1684 1295 1723 hyemem
1310 1684 1446 1712 molestam
1460 1683 1582 1719 reddant,
1592 1683 1654 1712 lieet

908 1730 997 1768 gravis
1009 1737 1033 1758 et
1046 1737 1173 1769 perpetua
1185 1730 1299 1765 obsidio,
1310 1730 1459 1768 frequentes
1471 1740 1565 1769 nempe
1577 1731 1654 1758 Isau-

909 1786 999 1803 rorum
1013 1775 1191 1810 incursiones,
1207 1782 1307 1803 metum
1320 1775 1451 1809 inferant,
1466 1775 1570 1813 aliaque
1588 1786 1653 1813 gra-

907 1821 952 1850 via
964 1822 1101 1857 accidant,
1119 1831 1188 1849 nunc
1201 1828 1288 1849 tamen
1304 1832 1317 1849 a
1334 1821 1456 1859 graviore
1471 1820 1590 1859 periculo
1607 1827 1652 1848 at-

911 1878 961 1906 que
973 1879 986 1896 3
1001 1868 1094 1896 morbo
1107 1867 1213 1895 liberati
1227 1878 1332 1895 sumus.
1348 1880 1361 1893 »

948 1915 977 1942 In
985 1914 1096 1952 epistola
1103 1924 1165 1941 vero
1174 1912 1275 1941 decima
1287 1913 1361 1940 tertia
1371 1911 1405 1940 ad
1412 1912 1604 1951 Olympiadem
1615 1912 1651 1941 ait

909 1959 956 1988 ille
970 1970 1007 1994 se,
1024 1958 1106 1987 biduo
1119 1965 1260 1997 postquam
1275 1959 1409 1986 Cucusum
1422 1958 1576 1993 advenerat,
1593 1968 1651 1986 mo-

906 2006 1010 2034 lestiam
1022 2015 1128 2033 omnem
1141 2015 1174 2032 ex
1186 2011 1258 2032 tanto
1269 2004 1363 2032 itinere
1374 2011 1478 2042 partam
1489 2003 1650 2043 deposuisse,

908 2052 996 2090 etjam
1008 2051 1073 2078 bene
1083 2050 1181 2078 valere.
1197 2049 1267 2084 Quia
1282 2060 1342 2078 vero
1354 2060 1406 2078 non
1418 2050 1497 2089 pauci
1509 2057 1572 2078 tunc
1584 2050 1651 2077 Cun-

908 2096 1080 2135 stantinopoli
1097 2102 1170 2124 erant
1183 2096 1367 2135 Cluysostomi
1380 2096 1471 2133 amici,
1493 2095 1539 2134 qui
1552 2096 1578 2124 in
1591 2096 1649 2125 aula

908 2142 1081 2181 Imperatoris
1099 2141 1242 2179 impetrare
1260 2141 1405 2176 curabant,
1429 2148 1458 2169 ut
1473 2141 1547 2169 locus
1566 2141 1653 2170 exsilii

908 2188 1088 2224 assignaretur
1099 2186 1142 2215 vel
1155 2182 1281 2221 i-icinior,
1298 2187 1341 2215 vel
1356 2187 1539 2223 commodior;
1554 2187 1654 2226 Olym-

907 2234 1013 2274 piadem
1026 2240 1114 2261 monet
1129 2240 1157 2261 ut
1170 2243 1231 2261 cum
1244 2233 1298 2262 illis
1310 2234 1346 2262 ita
1358 2245 1413 2262 rem
1426 2231 1573 2273 prudenter
1584 2241 1654 2273 agat,

908 2287 937 2308 ut
956 2280 978 2308 si
994 2280 1070 2307 illum
1093 2279 1119 2307 in
1141 2279 1230 2307 locum
1251 2279 1481 2319 Constantinopoli
1502 2281 1545 2308 vel
1561 2281 1653 2309 eodem

908 2325 950 2354 vel
966 2325 1061 2363 majori
1073 2325 1158 2363 spatio
1173 2324 1315 2354 distantem
1330 2325 1429 2354 adduci
1445 2326 1553 2363 vellent,
1570 2326 1600 2354 111
1620 2337 1652 2354 118

907 2370 1076 2407 admitteret,
1100 2370 1122 2398 si
1139 2377 1228 2399 autem
1250 2371 1292 2400 vel
1314 2371 1462 2410 Cyzicum,
1483 2373 1527 2400 vel
1543 2372 1653 2400 alteram

909 2416 1002 2444 urbem
1019 2426 1069 2444 non
1090 2415 1183 2454 procul
1198 2427 1212 2444 3
1227 2417 1383 2445 NicomedIa
1399 2417 1542 2446 distantem
1564 2417 1653 2456 impe-

908 2469 977 2490 trare
994 2468 1115 2500 possent,
1133 2472 1228 2491 manus
1249 2463 1294 2491 illa
1316 2464 1402 2492 daret.
1426 2464 1532 2492 Brisoni
1548 2474 1654 2502 quoque

909 2508 1014 2547 scripsit
1029 2508 1115 2536 amico
1130 2510 1184 2548 (ep.
1208 2510 1292 2543 ⁶254),
1311 2509 1430 2548 dicitque
1446 2520 1473 2537 se
1488 2517 1547 2548 post
1561 2520 1652 2537 emen—

907 2564 966 2582 sum
979 2554 1145 2593 septuaginta
1157 2555 1238 2583 ferme
1248 2555 1352 2584 dierum
1367 2556 1428 2590 iter,
1442 2557 1576 2584 Cucusum
1593 2562 1650 2583 tan·

909 2600 970 2629 dem
985 2600 1140 2637 advenisse,
1159 2601 1350 2639 innumeraque
1363 2601 1432 2630 mala
1453 2612 1559 2640 passum
1575 2612 1629 2629 esse
1643 2624 1649 2635 ,

1659 490 1770 519 Pagsso3.

1659 528 1679 544 et
1690 522 1743 552 591.

1659 999 1805 1020 Constantius

1660 1031 1774 1058 presbyter

1667 1061 1787 1089 Clirysostn

1660 1100 1721 1112 11111111
1748 1093 1802 1112 adit.

1662 1914 1697 1932 160

1694 1962 1804 1989 Epistola«

1663 1993 1740 2013 multas
1752 1996 1805 2014 seri-

1662 2024 1693 2044 hit
1708 2023 1806 2045 Chri-si»-

1662 2049 1761 2078 siunins.v
1784 2060 1805 2075 rt

1663 2086 1739 2106 multus
1751 2088 1805 2107 reei-

1664 2121 1705 2144 pit.
