1910 2922
256 182 297 216 16

251 259 340 287 statim
362 269 409 287 nos
434 257 544 297 Athyris
565 258 680 297 expulit.
708 258 775 286 Cum
794 258 992 296 navigassemus

253 304 339 333 stadia
358 305 490 344 plurima,
508 311 533 332 et
545 304 656 342 jamjam
675 304 785 342 perituri
804 313 931 335 essemus,
946 312 992 340 ap-

251 350 370 389 pulimus
384 352 575 388 Lampsacum;
588 356 612 377 et
626 349 687 377 inde
700 356 799 376 mutata
816 358 882 376 nave
896 347 977 375 vicesi
987 364 993 368 -

250 406 294 424 mo
307 395 350 424 die
364 395 545 435 applicuimus
559 394 730 433 Hydruntem
745 394 886 422 Calabriae.
901 394 992 432 Neque

249 443 364 483 amplius
378 442 453 470 nobis
468 441 556 469 dicere
568 447 722 479 potuerunt,
737 450 790 477 quo
803 440 828 467 in
844 446 914 467 statu
925 445 992 467 esset
1011 445 1027 466 P.

249 489 341 517 beatus
356 490 470 517 Joannes
490 487 641 525 episcopus,
659 495 742 523 neque
761 485 807 513 uhi
826 485 878 513 sint
895 486 992 513 Deme-

249 535 331 569 trius,
352 534 492 573 Cyriacus,
512 531 658 570 Eulysius‚
680 537 759 569 atque
774 530 910 559 Palladius
932 530 992 569 epi-

248 579 335 618 scopi,
361 579 407 616 qui
425 588 485 605 cum
506 576 603 604 nostris
622 576 756 616 episcopis
778 576 859 614 legati
879 575 991 615 profecti

247 631 331 654 erant.
355 625 451 652 prsu.
474 625 530 661 Age
545 624 613 662 jam,
634 633 650 650 o
671 622 860 656 sacratissime,
881 621 992 650 adverte

248 670 316 698 mihi
336 670 468 703 animum,
483 668 619 697 attendens
640 668 671 696 iis
686 679 745 705 quan
765 668 836 696 clare
855 667 989 703 dicentur,

248 723 274 744 et
287 716 412 754 deinceps
431 715 480 743 tibi
495 714 637 743 declarabo
658 714 782 753 publicos
798 714 877 742 totius
895 721 992 752 tragoe-

247 762 300 791 diae
319 762 450 802 satyricos
471 761 612 796 tumultus,
635 760 706 789 unde
725 761 793 788 hanc
808 760 990 788 temulentiam

247 809 336 836 exorsi
349 809 413 845 sint,
426 815 450 836 et
462 816 601 846 quousque
613 816 726 835 cessasse
737 806 788 835 visi
799 807 861 842 sint,
874 806 990 835 necdum

247 860 336 883 lamen
350 853 487 882 desierint.
511 852 641 880 Omnium
656 853 800 886 malorum,
820 859 848 880 ut
867 852 927 890 quis
948 853 991 881 di-

249 900 328 935 xerit,
343 900 401 928 fons
419 906 444 928 et
459 899 622 938 principium
641 898 692 926 Dei
705 909 766 927 osor
779 898 897 933 daemon,
917 909 989 927 sem-

250 957 297 985 per
314 946 444 974 insidians
461 952 489 973 ut
502 945 581 984 lupus
597 944 802 972 rationabilibus
817 944 919 973 Christi
934 954 990 983 gre·
1009 952 1026 974 C

250 993 339 1031 gibus,
358 992 455 1031 peritos
470 1001 589 1029 quosque
603 998 722 1029 pastores
731 990 814 1019 variis
826 990 903 1018 malis
918 997 991 1018 atro-

248 1039 313 1067 citer
332 1039 472 1073 infcstaus‚
494 1038 562 1066 sicut
581 1036 775 1076 AEgyptiorum
794 1046 843 1064 rex
859 1035 990 1064 masculos

222 1080 228 1086 ¹
247 1085 413 1119 Judaeorum,
433 1085 535 1112 fucatos
557 1093 620 1112 vero
640 1090 664 1111 et
677 1082 756 1110 falsos
771 1089 890 1121 pastores
906 1088 988 1110 terre-

246 1141 342 1159 narum
362 1131 532 1169 voluptatum
549 1129 660 1157 fallaciis
675 1128 809 1167 saginans.
826 1129 909 1156 Porro
926 1138 988 1167 pes-

246 1177 308 1205 simi
326 1177 404 1205 fontis
420 1176 501 1215 hujus
515 1175 633 1211 canales,
653 1182 681 1202 ut
696 1174 782 1202 omnis
795 1181 926 1202 terrarum
945 1184 989 1202 or-

246 1223 288 1251 bis
302 1223 390 1259 novit‚
409 1229 470 1251 sunt
487 1221 608 1255 Aeacius,
627 1221 797 1255 Antiochum,
814 1220 986 1259 Theophilus

245 1275 271 1296 et
285 1269 460 1304 Severianus3
474 1268 520 1306 qui
537 1274 666 1295 vocantur
680 1266 788 1305 quidem
801 1266 828 1294 id
846 1267 920 1304 quod
936 1277 989 1295 non

247 1321 318 1349 sunt,
330 1322 392 1342 sunt
406 1324 469 1343 vcro
485 1313 558 1351 quod
573 1313 627 1340 dici
639 1323 666 1340 se
679 1323 730 1340 non
746 1313 835 1340 ferunt
847 1324 853 1339 :
867 1323 901 1340 ex
915 1312 989 1341 ordi-

246 1372 279 1389 ne
296 1367 384 1388 autem
404 1360 562 1388 clericorum
581 1358 731 1397 presbyteri
746 1357 816 1392 duo,
837 1365 862 1386 et
882 1357 989 1386 diaconi

246 1407 374 1444 quinque,
385 1406 481 1445 partim
489 1404 598 1443 quidem
609 1415 643 1433 ex
653 1405 772 1443 impuro,
781 1404 879 1443 partim
890 1415 923 1432 ex
936 1415 989 1432 ma·
1008 1412 1026 1433 D

252 1452 390 1480 {eticorum
402 1462 512 1479 numero
523 1451 677 1488 congregati
689 1462 694 1476 :
706 1460 752 1477 nec
765 1460 828 1478 vero
839 1450 893 1478 scio
903 1460 936 1478 an
950 1457 988 1478 tu-

246 1504 305 1526 tum
317 1498 350 1526 sit
364 1497 430 1526 tales
445 1497 615 1535 presbyteros
625 1503 671 1523 aut
686 1495 812 1523 diaconos
826 1506 922 1524 vocare
935 1509 940 1523 :
954 1506 987 1524 ex

245 1544 416 1583 Imperatoris
433 1549 520 1570 autem
538 1542 597 1569 aula
614 1541 668 1569 duo
685 1548 730 1569 aut
750 1548 802 1569 tres
819 1541 988 1570 solummodo

245 1590 328 1624 suere,
341 1589 386 1627 qui
399 1588 581 1627 Theophilum
593 1588 764 1623 roborarunt,
775 1588 884 1616 militari
898 1588 989 1627 praesi-

243 1635 290 1664 dio
306 1646 384 1675 opem
403 1635 442 1662 illi
466 1635 592 1662 ferentes:
609 1644 622 1661 e
637 1633 796 1662 mulieribus
811 1641 908 1673 praeter
928 1635 988 1663 illas

245 1694 304 1722 quae
318 1683 399 1721 vulgo
415 1689 482 1710 notar,
493 1689 566 1719 sunt,
589 1689 640 1709 tres
650 1704 658 1719 ‚
676 1681 768 1710 viduae
782 1681 901 1720 quidem,
915 1682 961 1711 sed
973 1694 987 1712 a

213 1732 215 1735 '
246 1730 313 1758 viris
331 1729 428 1757 divites
442 1729 526 1764 factae,
542 1728 655 1755 multam
672 1738 705 1755 ex
727 1727 830 1766 rapinis
845 1729 987 1766 pecuniam

245 1775 408 1814 possidentes
424 1774 450 1802 in
464 1773 578 1812 propriae
593 1773 686 1800 salutis
701 1773 863 1811 perniciem;
881 1774 986 1802 tumul-

245 1828 323 1850 tuum
335 1828 360 1849 et
371 1820 530 1849 seditionum
542 1819 727 1847 common-iens
740 1830 745 1845 :
758 1819 849 1847 Marsa
865 1820 986 1848 Promoti

245 1878 323 1903 uxor,
341 1866 469 1895 Casu-leia
483 1865 634 1902 Saturnini,
650 1872 675 1893 et
691 1864 846 1904 Eugraphia
863 1865 987 1903 quaedam
1007 1869 1023 1891 E

247 1924 436 1952 usquequaque
447 1912 547 1940 furiosa
561 1922 568 1939 :
582 1912 684 1949 reliqua
696 1918 785 1939 autem
794 1911 878 1950 pudet
890 1912 988 1941 dicere.

246 1961 378 1989 Caeterum
399 1959 439 1987 hae
455 1966 534 1997 atque
552 1958 604 1995 illi,
619 1957 694 1986 tardo
710 1957 790 1986 corde
813 1959 838 1985 in
854 1958 908 1987 fide
926 1969 988 1988 cum

245 2007 309 2041 siut,
325 2006 396 2034 velut
415 2005 533 2044 phalanx
547 2005 637 2032 furore
653 2004 736 2040 ebria,
750 2004 777 2032 in
791 2014 871 2032 unam
883 2012 988 2033 senten-

245 2054 309 2081 tiam
317 2052 377 2081 odio
384 2052 513 2080 doctrinae
522 2050 643 2085 adunati,
651 2051 728 2079 exitii
739 2057 882 2079 torrentem
892 2051 989 2079 adver-

245 2109 290 2127 sus
306 2099 429 2127 Ecclesiae
448 2108 540 2137 pacem
558 2097 732 2125 concitarunt.
746 2098 832 2125 Diae.
847 2098 922 2126 Velis
936 2098 989 2137 igi-

246 2151 299 2179 tur,
318 2152 400 2184 pater,
419 2151 444 2172 et
467 2144 579 2172 libenzer
593 2143 658 2172 velis
680 2154 769 2172 coram
785 2144 839 2172 Deo
853 2145 931 2172 nobis
949 2145 990 2173 di-

244 2201 312 2225 cere,
334 2191 403 2219 unde
422 2197 446 2218 et
462 2190 571 2218 illorum
587 2190 715 2218 adversus
730 2191 862 2219 Joaunem
874 2190 968 2218 odium
980 2213 988 2227 ,

243 2244 270 2265 ct
281 2248 339 2275 quae
349 2237 428 2266 fuerit
440 2236 549 2266 ,Ioannis
561 2236 679 2274 episcopi
693 2236 837 2275 pertinacia
849 2243 934 2265 tantas
944 2247 989 2276 po-

246 2291 349 2312 testales
364 2282 459 2312 laedere
474 2295 479 2310 z
497 2282 577 2311 simul
599 2282 703 2310 declara
722 2282 799 2310 nobis
821 2282 894 2311 unde
906 2283 989 2311 vitam

245 2340 356 2358 exorsus
374 2330 417 2365 sit,
434 2336 459 2357 et
471 2339 524 2366 quo
537 2336 612 2368 pacto
625 2328 659 2356 ad
669 2329 917 2368 Constantinopolis
936 2330 989 2368 epi·
1011 2328 1027 2350 F

244 2383 384 2415 scopatum
398 2377 431 2403 sit
447 2382 562 2410 evectus,
581 2382 606 2403 et
620 2381 719 2412 quanto
736 2381 856 2414 tempore
868 2386 930 2404 eum
949 2383 988 2404 te-

246 2422 344 2458 nuerit,
358 2429 382 2450 et
397 2422 442 2459 qui
456 2421 554 2449 fuerint
567 2422 623 2460 ejus
638 2431 733 2456 mores,
745 2427 769 2448 et
781 2421 841 2458 quis
857 2422 914 2460 ejus
926 2423 989 2451 vitae

246 2469 320 2506 finis,
332 2467 464 2506 siquidem
478 2474 598 2495 mortuus
609 2474 658 2504 cst,
674 2474 703 2495 ut
716 2466 851 2496 audimus.
872 2469 928 2497 Etsi
943 2480 990 2508 per

280 2557 292 2574 b
312 2554 495 2589 [Restituiums
520 2555 563 2578 Ms.
578 2554 719 2579 lectionem.
733 2555 822 2580 Montf.
843 2564 900 2580 cum
919 2556 1008 2590 Bigoto

246 2595 416 2629 ἀγελοκὸμωι]

854 193 1010 215 Rumon
1038 192 1093 214 Dia
1101 193 1219 216 LOCUS.

1049 257 1090 290 τὸς
1101 279 1109 292 ,
1125 258 1217 296 φησιν,
1233 260 1426 298 ΟὐαλΛεριανος
1437 262 1450 289 ὁ
1460 261 1598 299 χιλίαρχος
1612 261 1732 290 ἐνέὸαλεν
1748 264 1817 299 ’ἡμᾶς

1049 303 1085 334 εἷς
1105 304 1263 342 σαθρότατον
1282 306 1372 334 πλοῖον
1383 327 1391 338 ,
1407 307 1442 337 ὡς
1459 306 1607 344 ἐθρυλλεῐτο
1618 329 1626 342 ,
1641 306 1699 339 δοὺς
1713 306 1760 342 τὴν
1776 319 1817 335 τι-

1049 347 1101 385 μὴν
1116 350 1153 387 τῷ
1167 350 1306 389 ναυκλήρῳ
1320 350 1470 379 ἐπισκόπων
1483 353 1530 386 τ’ῆς
1545 352 1676 384 ἀπωλείας
1699 354 1751 380 τῶν
1765 350 1816 390 ἔμ’-

1047 394 1197 429 πλεόντων,
1222 395 1278 433 ἅμα
1297 396 1377 425 εἴκοσι
1397 396 1571 436 στρατιώταις
1593 398 1622 425 ἐκ
1641 397 1738 430 τάξεων
1762 399 1818 426 δια-

1046 439 1131 478 φόρων
1139 444 1307 479 παραχρῆμα
1317 441 1422 475 ἐξέωσεν
1437 445 1488 470 τῶν
1502 442 1624 481 Ἀθύρων.
1638 443 1817 472 Διαπλεύσαν-

1046 497 1088 518 τες
1103 481 1146 514 οὖν
1158 487 1263 520 ἱκανοὺς
1279 489 1414 523 σταδίους,
1429 488 1473 516 καὶ
1483 489 1621 525 μέλλοντες
1635 489 1796 517 ἀπόλλυσθαι
1808 512 1815 524 ,

1046 532 1279 571 προσωρμήσαμεν
1299 535 1332 571 τῇ
1353 534 1515 574 Λαμψάκῳ·
1543 535 1662 563 κάκεῖθεν
1686 534 1816 574 ἀμείψαν-

1047 589 1089 610 τες
1106 578 1153 613 τὴν
1171 580 1270 608 ὁλκάδα
1279 602 1286 615 ,
1303 580 1474 619 κατήχθημεν
1486 582 1518 619 τῇ
1529 582 1635 619 εἰκοστῇ
1646 582 1671 609 ἐν
1680 580 1817 620 Ὑδροῦντι

1045 625 1092 658 τῆς
1109 624 1271 663 Καλαὸρίας.
1286 626 1384 654 Οὐκέτι
1399 626 1426 655 δὲ
1440 629 1504 663 ἡμῖν
1518 623 1590 665 εῧρον
1610 628 1691 655 εἰπεῖν
1707 628 1732 655 ἐν
1747 626 1816 655 τίσιν

1046 672 1059 698 ὁ
1075 670 1203 709 μακάριος
1216 671 1357 704 ἐπίσκοπος
1370 671 1506 708 Ἰωάννης,
1522 672 1538 706 ἢ
1551 675 1600 701 ποῦ
1611 676 1655 701 ν’ῦν
1671 675 1694 701 οἱ
1709 673 1817 702 ἐπίσκο-

1045 726 1090 744 ποι
1113 718 1136 744 οἱ
1154 716 1214 755 περὶ
1235 717 1386 756 Δημήτριον
1406 718 1450 746 καὶ
1471 719 1602 758 Κυριακὸν
1618 719 1662 747 καὶ
1686 718 1816 748 Εὖλύσιον

1046 761 1091 789 καὶ
1112 762 1262 791 Παλλάδιον
1288 762 1333 791 σὺν
1355 767 1408 796 τοῖς
1429 763 1568 802 ἡμετέροις
1590 764 1743 796 ἐπισκόποις
1768 764 1816 799 τὴν

1046 808 1189 846 πρεσῧείαν
1209 808 1387 846 στειλάμενοι.
1411 808 1444 838 Ὁ
1467 809 1554 838 ἐπίσκ.
1574 811 1656 848 Δεῦρο
1670 810 1701 844 δὴ
1716 810 1817 846 λοιπὸν,

1045 852 1185 891 ἱερώτατε,
1206 853 1323 893 ὑπόσχου
1345 865 1389 892 μοι
1410 854 1454 883 τὸν
1476 857 1553 890 νοῦν,
1574 855 1712 894 προσέχων
1728 858 1818 894 σαφῶς

1044 903 1098 931 τοῖς
1112 899 1272 938 λεγομένοις,
1286 900 1330 928 καὶ
1343 900 1453 935 καθεξῆς
1471 912 1512 929 σοι
1524 900 1645 940 γνωρίσω
1657 901 1745 936 πάσης
1757 913 1818 941 τρα-

1045 945 1141 984 γῳδίας
1156 944 1214 977 τοὺς
1233 947 1259 974 ἐν
1281 945 1354 985 μέσῳ
1374 946 1530 985 σατυρικοὺς
1547 946 1679 984 θορύὸους,
1697 946 1775 976 πόθεν
1789 959 1818 980 τε

1044 993 1091 1025 τῆς
1108 991 1188 1027 μέθης
1203 990 1322 1028 ἤρξαντο,
1337 991 1382 1019 καὶ
1397 991 1476 1031 μέχρι
1491 991 1559 1025 τίνος
1571 989 1661 1025 ἔδοξαν
1676 992 1819 1027 παύεσθαι,

1045 1036 1145 1065 οὐδέπω
1164 1036 1191 1064 δὲ
1212 1036 1370 1066 πέπαυνται.
1391 1036 1424 1065 ‘H
1445 1037 1491 1074 μὲν
1511 1038 1633 1066 ἁπάντων
1649 1040 1700 1066 τῶν
1715 1039 1817 1074 κακῶν,

1045 1083 1080 1113 ὡς
1105 1082 1134 1110 ἂν
1160 1081 1229 1110 εἴποι
1252 1093 1310 1116 τις,
1333 1082 1404 1121 πηγὴ
1427 1082 1443 1117 ἢ
1465 1083 1534 1122 ἀρχή
1558 1084 1628 1112 ἐστιν
1646 1086 1659 1112 ὁ
1675 1083 1819 1120 μισόκαλος

1046 1129 1148 1167 δαίμων
1157 1150 1164 1163 ‚
1186 1128 1226 1157 ἀεὶ
1239 1130 1422 1167 ἀντιπράττων
1436 1132 1471 1161 ὡς
1483 1129 1560 1162 λύκος
1573 1134 1631 1162 ταῖς
1642 1133 1687 1158 τοῦ
1699 1130 1818 1168 Χριστοῦ

1045 1175 1164 1213 λογικαῖς
1188 1175 1292 1212 ἀγέλαις
1307 1197 1314 1210 ,
1336 1176 1526 1214 λυμαινόμενος
1549 1175 1596 1213 μὲν
1624 1176 1736 1215 ἀφειδῶς
1760 1174 1819 1209 τοὺς

1046 1221 1186 1260 ἐμπείρους
1205 1222 1257 1248 τῶν
1272 1220 1284 1236 ¹⁷
1300 1221 1498 1260 ἀγελαιοκόμων
1512 1221 1607 1250 πάθεσι
1625 1220 1817 1260 πολυτρόποις,

1045 1266 1165 1305 καθάπερ
1180 1269 1193 1295 ὁ
1210 1266 1332 1305 βασιλεὺς
1342 1268 1393 1295 τῶν
1409 1268 1561 1305 Αἰγυπτίων
1573 1267 1631 1300 τοὺς
1642 1267 1752 1307 ἅῤῥενας
1764 1270 1816 1297 τῶν

1045 1312 1199 1345 Ἰουδαίων,
1219 1311 1346 1340 λιπαίνων
1371 1312 1398 1342 δὲ
1420 1317 1477 1345 ταῖς
1497 1313 1611 1346 ἀπάταις
1632 1315 1683 1342 τῶν
1703 1313 1747 1342 ε’πὶ
1768 1317 1816 1349 τῆς

1044 1359 1092 1395 γῆς
1113 1358 1212 1392 ἡδονῶν
1237 1357 1296 1390 τοὺς
1322 1358 1437 1396 φένακοις
1458 1361 1509 1388 τῶν
1534 1359 1758 1398 ψευδοποιμένων.
1781 1361 1817 1389 Οἱ

1045 1403 1072 1433 δὲ
1093 1404 1160 1441 μετὰ
1179 1406 1263 1432 ταῦτα
1282 1406 1328 1438 τῆς
1343 1410 1460 1444 πονηρᾶς
1481 1407 1568 1444 τι-ηγῆς
1583 1405 1680 1444 ὀχετοὶ,
1695 1407 1731 1438 ὡς
1747 1406 1817 1439 ἅπας

1044 1451 1057 1478 ὁ
1082 1449 1211 1488 περίγειος
1235 1450 1376 1479 ἐπίσταται
1405 1452 1492 1490 χῶρος
1502 1474 1508 1486 ,
1538 1451 1602 1480 εἰσὶν
1628 1452 1748 1484 Ἀκάκιος
1772 1453 1817 1481 καὶ

1045 1496 1176 1535 Ἀντίοχος
1196 1496 1241 1524 καὶ
1253 1496 1381 1535 Θεόφιλος
1395 1497 1439 1525 καὶ
1457 1497 1626 1536 Σευηριανὸς,
1643 1499 1666 1526 οἷ
1678 1497 1815 1536 λεγόμενοι

1047 1541 1093 1578 μὲν
1115 1541 1128 1570 ὃ
1148 1542 1184 1579 μή
1201 1542 1266 1570 εἶσιν
1277 1565 1284 1577 ,
1303 1542 1375 1575 ὄντες
1388 1542 1415 1570 δὲ
1430 1542 1444 1570 ὃ
1458 1543 1580 1582 λέγεσθαι
1599 1545 1645 1571 οὐκ
1657 1543 1797 1582 ἀνέχονται
1809 1555 1816 1562 ·

1044 1589 1089 1615 τοῦ
1104 1587 1129 1615 δὲ
1144 1586 1278 1625 τάγματος
1292 1590 1344 1616 τῶν
1359 1589 1492 1626 κληρικῶν
1505 1588 1679 1627 πρεσὲύτεροι
1692 1589 1745 1624 δύο,
1761 1589 1817 1617 διοί-

1044 1644 1116 1661 κονοι
1134 1632 1161 1660 δὲ
1180 1633 1267 1668 πέντε,
1284 1634 1308 1661 οἱ
1329 1633 1376 1670 μὲν
1396 1634 1422 1666 ἐξ

1443 1634 1592 1673 ἀκαθάρτου
1603 1657 1610 1670 ,
1625 1636 1648 1663 οἳ
1671 1634 1697 1663 δὲ
1719 1636 1749 1663 ἐκ
1764 1647 1815 1664 κα-

1045 1682 1158 1707 κωτικοῧ
1180 1680 1291 1717 ἀριθμοῦ
1314 1679 1485 1718 συναγόμενοι
1500 1691 1505 1697 ·
1527 1681 1573 1708 οὐκ
1588 1676 1644 1709 οῖδα
1659 1680 1686 1709 δὲ
1701 1681 1723 1708 εἷ
1744 1681 1815 1709 ἀκίν-

1045 1725 1117 1754 δυνον
1131 1724 1189 1757 τοὺς
1200 1724 1330 1757 τοιούτους
1343 1725 1427 1763 λέγειν
1440 1725 1658 1765 πρεσὸυτέρουςῆ
1672 1726 1815 1759 διακόνους

1044 1772 1091 1805 τῆς
1104 1770 1131 1799 δὲ
1146 1773 1190 1799 τοῦ
1205 1771 1333 1809 βασιλέως
1348 1772 1429 1805 αὐλῆς
1443 1771 1488 1800 δύο
1502 1770 1518 1806 ἢ
1536 1775 1604 1810 τρεῖς
1615 1772 1689 1809 μόνοι
1704 1793 1711 1806 ,
1729 1772 1754 1800 οἳ
1769 1772 1814 1801 καὶ

1043 1816 1187 1854 ἓνεύρωσαν
1202 1815 1262 1849 τοὺς
1276 1816 1335 1855 περὶ
1354 1816 1483 1855 Θεόφιλον
1493 1839 1500 1852 ,
1515 1819 1692 1856 στρατιωτικῇ
1709 1818 1816 1856 βοηθείᾳ

1042 1862 1311 1900 συνεπαγωνιζόμενοι
1323 1874 1329 1878 ·
1349 1865 1480 1898 γυναικῶν
1502 1862 1528 1892 δὲ
1543 1863 1609 1901 πρὸς
1627 1867 1686 1896 ταῖς
1700 1865 1814 1902 φημιζο-

1044 1907 1133 1945 μέναις
1163 1911 1248 1946 τρεῖς,
1278 1909 1360 1946 χ’ἧραι
1388 1907 1434 1945 μὲν
1451 1929 1459 1942 ,
1486 1908 1673 1946 ἀνδρόπλουτοι
1697 1908 1724 1937 δὲ
1739 1930 1747 1943 ,
1774 1910 1814 1937 ἐπ’

1043 1953 1141 1993 ὀλέθρῳ
1153 1956 1200 1988 τῆς
1216 1955 1315 1981 ἑαυτῶν
1327 1953 1459 1992 σωτηρίας
1471 1953 1505 1982 τὰ
1515 1953 1540 1986 ἐξ
1555 1954 1675 1992 ἁρπαγῆς
1687 1954 1816 1993 χρήματα

1043 1999 1218 2037 κεκτημέναι,
1232 2002 1242 2014 ⁶
1254 1998 1443 2037 ταραξᾶνδριαι
1458 2000 1503 2028 καὶ
1519 2000 1700 2038 ἀνασείστριαι
1712 2011 1718 2017 ·
1739 1999 1817 2039 Μοίρ-

1044 2056 1077 2073 σα
1101 2045 1239 2084 Προμότου
1265 2045 1328 2082 γυνὴ
1340 2067 1347 2080 ,
1366 2046 1411 2073 καὶ
1436 2045 1585 2084 Καστρίκια
1607 2047 1623 2079 ἡ
1643 2046 1814 2084 Σατορνίνου,

1044 2091 1089 2119 καὶ
1103 2091 1251 2130 Εὐγραφία,
1269 2090 1426 2129 ἀμφιμανής
1438 2103 1477 2123 τις
1489 2103 1495 2108 ·
1510 2091 1543 2119 τὰ
1558 2091 1584 2119 δὲ
1597 2091 1678 2120 λοιπὰ
1693 2093 1817 2130 αἰδοῦμαι

1045 2137 1088 2166 καὶ
1103 2138 1198 2176 λέγειν.
1211 2133 1297 2165 Αῧται
1312 2137 1357 2165 καὶ
1373 2133 1443 2166 οὗτοι
1458 2137 1646 2176 νωθροκοίρδιοι
1662 2138 1733 2170 ὄντες
1747 2139 1772 2166 ἓν
1784 2140 1816 2176 τῇ

1045 2184 1151 2219 πίστει,
1174 2183 1293 2222 καθάπερ
1317 2183 1418 2222 φάλαγξ
1433 2184 1571 2220 οἰνομανὴς
1582 2206 1589 2218 ,
1605 2184 1641 2216 εἷς
1657 2183 1719 2221 μίαν
1735 2195 1818 2212 συνα-

1045 2230 1150 2269 χθέντες
1170 2230 1405 2267 μισοόιδασκαλίας
1424 2229 1550 2267 γνώμην,
1572 2229 1718 2269 χείμαῤῥον
1741 2231 1818 2259 ἀπω-

1045 2276 1117 2308 λείας
1136 2275 1203 2304 κατὰ
1225 2278 1271 2310 τῆς
1290 2276 1513 2310 ἐκκλησιαστικῆς
1535 2275 1637 2314 εἰρήνης
1653 2276 1817 2315 εἰργάσαντο.

1045 2321 1079 2351 ‘O
1097 2322 1165 2351 διοίκ.
1177 2323 1325 2359 Τοιγαροῦν
1338 2322 1536 2360 προθυμήθητι,
1547 2321 1642 2360 πάτερ,
1657 2321 1700 2350 ἐπὶ
1715 2333 1816 2361 μαρτυ-

1047 2375 1149 2410 ροῦντος
1171 2374 1216 2398 τοῦ
1240 2371 1308 2398 Θεοῦ
1333 2370 1415 2398 εἰπεῖν
1442 2372 1506 2408 ἡμῖν
1522 2391 1529 2404 ,
1561 2370 1639 2399 πόθεν
1665 2381 1694 2398 τε
1718 2370 1816 2399 τούτων

1045 2420 1074 2448 τὸ
1093 2420 1157 2458 πρὸς
1179 2419 1254 2447 αὐτὸν
1273 2422 1348 2456 μῖσος
1361 2440 1367 2453 ,
1385 2418 1429 2446 καὶ
1443 2418 1482 2450 τίς
1496 2418 1641 2456 φιλονεικία
1654 2421 1698 2446 τοῦ
1712 2418 1818 2446 ἕπισκό·

1045 2482 1095 2499 που
1106 2469 1228 2499 Ἰωάννου
1243 2469 1360 2503 λυπῆσαι
1375 2467 1504 2501 τοσαύτας
1524 2468 1613 2502 ἀξίας·
1631 2470 1696 2507 ὁμοῧ
1710 2467 1736 2498 δὲ
1747 2467 1818 2507 γνώ-

1090 2565 1101 2577 0
1119 2557 1211 2590 Gcorg.
1223 2560 1395 2590 ταραξάντριαι.
