1884 2922
715 216 819 238 INDLX
849 217 974 239 RERUM.

119 278 507 315 It110x0r.seuSau1rni‚Iocus
520 278 545 306 in
554 277 661 307 Cilicia.
672 282 816 308 X1.809.c.

84 344 90 348 -
118 326 202 353 Cncx
221 324 323 353 Christi
338 334 351 351 a
366 321 525 361 patriarchis
543 328 568 349 et
584 320 722 359 prophetis
743 332 815 360 pra:-

78 366 162 395 dicta.
183 375 230 396 III.
257 372 300 396 21.
328 366 419 394 verbis
444 364 524 393 simul
551 375 581 392 ac
601 365 689 392 rebus.
716 369 762 393 25.
789 375 814 392 n.

77 411 161 439 Isaaci
185 411 309 439 mactatio
333 419 438 438 crucem
463 408 631 447 designabat.
656 409 699 436 Ib.
726 419 750 436 c.
771 415 817 438 IV.

79 459 142 483 551.
169 465 193 482 Β.
219 462 264 484 Π.
294 459 357 482 372.
380 465 404 482 Β.
426 455 501 481 Crux
517 463 532 480 a
558 452 708 491 patriarcha
734 451 819 482 Jacob

77 499 265 537 przenuntiata.
284 505 331 527 III.
349 503 394 526 21.
414 504 460 526 lv.
474 501 538 525 739.
558 507 584 524 a.
602 497 710 534 Moyses
726 495 819 525 erectis

79 543 203 571 inanibus
225 553 320 577 orans,
336 541 470 580 figurabat
499 551 604 569 crucem
623 540 747 568 Domini.
770 547 805 568 III

78 591 126 616 25.
151 598 177 616 c.
196 594 242 615 Π.
265 591 329 615 385.
353 597 376 614 c..
402 596 430 616 D.
455 585 550 614 Crucis
575 584 661 622 figura
689 584 741 612 alia
762 594 820 612 scr-

79 641 144 669 pens
163 641 262 660 teneus.
288 637 358 659 VIII.
381 634 441 659 178.
469 641 493 658 Β.
513 634 574 657 179.
591 628 670 656 Illam
682 628 819 667 significa-

78 674 125 702 bat
142 675 224 703 Isaias
243 675 334 703 dicens
351 686 357 702 z
373 675 451 703 Sicut
467 675 528 702 ouis
542 673 582 701 ad
595 673 700 701 caedern
716 673 818 701 ductus

79 725 132 748 est.
152 724 217 748 372.

115 763 210 792 Crucis
225 763 354 792 encomia.
373 770 392 791 I.
410 766 474 790 698.
492 773 519 790 A.
538 765 602 789 699.
618 760 819 799 Ejusprccclara

78 806 206 837 facinora.
221 814 254 835 II.
266 811 330 835 472.
344 811 408 835 473.
424 816 503 844 opera
513 804 635 833 mirifica.
654 811 685 832 11.
699 809 815 833 287.111.

80 854 124 878 24.
140 853 216 879 Crux
238 857 318 890 caput
339 850 459 878 omnium
473 849 616 877 bonorum.
634 855 692 876 ΠΙ.
710 852 773 877 621.
790 859 816 878 c.

79 894 137 922 fons
150 894 222 924 vitae.
234 902 305 923 VIII.
325 899 387 923 180.
399 904 428 922 n.
442 893 515 921 orbis
528 892 598 920 salus
615 899 639 920 et
654 891 783 930 expiatio.
799 899 818 921 Ι.

79 943 142 967 726.
163 950 189 966 a.
214 938 308 966 Crucis
322 937 437 976 potentia
461 943 569 974 quanta.
592 943 625 965 Χ.
644 940 690 964 211.
709 930 734 963 a.
753 941 817 964 865.

78 993 160 1020 quam
176 982 297 1010 illustris.
310 989 354 1010 III.
371 986 435 1009 601.
453 991 479 1008 Β.
495 991 520 1008 c.
536 980 609 1008 Crux
625 978 727 1007 Christi
742 981 819 1018 virga

80 1026 198 1054 virtutis.
216 1032 249 1054 v.
272 1031 335 1054 304.
364 1036 388 1053 Β.
415 1034 519 1062 magnae
540 1024 666 1062 potentiae
697 1023 816 1061 signum.

81 1074 145 1099 310.
174 1081 200 1099 Β.
234 1069 393 1108 symbolum
425 1068 510 1107 regni.
538 1075 572 1097 11.
599 1072 664 1096 480.
695 1079 721 1095 c.
753 1073 817 1096 481.

81 1114 220 1142 Peccatum
237 1114 364 1143 abolevit.
382 1121 403 1143 I.
420 1117 486 1141 746.
502 1124 527 1140 s.
547 1118 659 1140 mortem
673 1110 817 1140 destruxit.

81 1164 127 1186 XI.
149 1162 210 1186 169.
223 1157 312 1186 omnia
326 1157 395 1185 mala
411 1156 530 1185 sustulit.
548 1163 592 1185 Iv.
608 1160 674 1185 780.
687 1167 714 1185 Ε.
730 1155 819 1183 Multo

79 1201 208 1240 ampliora
224 1202 294 1229 bona
310 1201 424 1235 invexit,
439 1211 519 1238 quam
534 1211 548 1228 a
565 1200 699 1239 principio
721 1200 820 1228 fuerint

79 1246 184 1274 invecta
200 1245 280 1274 mala.
295 1252 341 1274 IV.
360 1250 426 1274 786.
440 1249 540 1272 Ε.787.
557 1251 615 1272 ΠΙ.
638 1248 702 1272 621.
723 1243 818 1272 Crucis

79 1300 167 1324 eausa,
181 1289 252 1318 salus
265 1288 417 1328 indeparta.
431 1295 502 1317 VIII.
522 1293 583 1316 179.
601 1298 628 1317 c.
665 1287 819 1326 Baptismus

80 1340 190 1360 vocatur
204 1343 272 1361 crux
286 1332 406 1360 Domini.
426 1337 489 1361 169.
505 1332 600 1360 Gloria
615 1338 703 1359 nestra
718 1338 767 1366 est,
785 1331 818 1359 ss-

78 1376 157 1405 dacia
172 1384 197 1406 et
211 1387 318 1405 corona.
332 1384 390 1405 ΠΙ.
405 1381 469 1404 621.
483 1387 510 1405 c.
525 1375 585 1405 Viri
601 1386 706 1403 erucem
719 1375 820 1403 haben-

78 1421 113 1449 tis
126 1420 236 1450 fiducia.
264 1428 310 1450 IX.
332 1425 394 1449 162.
421 1432 445 1449 A.
472 1420 545 1448 Crux
572 1426 703 1458 tropaeum
727 1425 818 1447 contra

78 1463 224 1493 daemonas.
245 1472 279 1494 II.
296 1469 362 1494 473.
384 1464 462 1492 Illam
481 1464 600 1492 horrent.
626 1470 682 1491 VII.
705 1467 769 1491 620.
788 1473 817 1490 D.

43 1514 46 1523 ¹
79 1518 105 1538 Ε.
123 1515 147 1536 et
175 1509 291 1547 fugiunt.
309 1516 342 1537 11.
361 1513 425 1537 590.
447 1517 474 1538 Β.
493 1507 567 1535 Habe
582 1514 642 1535 ante
656 1507 747 1535 oculos
760 1513 819 1535 tuos

78 1562 184 1581 crucem
212 1552 358 1581 radiantem
372 1574 380 1588 ,
405 1559 430 1580 et
449 1562 534 1591 purus
550 1563 564 1579 a
587 1551 701 1590 pcccatis
716 1550 814 1579 abibis.

79 1602 124 1624 VI.
139 1601 204 1625 355.
222 1596 397 1625 Maledictum
409 1595 478 1625 illud
488 1595 652 1624 exsecrabile
666 1596 761 1631 crucis,
774 1605 817 1623 ex-

78 1640 156 1669 tremi
169 1640 294 1680 supplicii
305 1640 469 1679 symbolum,
481 1651 552 1669 nunc
561 1639 818 1668 desiderabileama-

77 1683 183 1722 bileque
198 1685 298 1712 factum
317 1691 364 1712 es·.
385 1691 404 1713 Ι.
426 1689 492 1713 697.
515 1695 541 1712 Ε.
570 1690 603 1712 V.
630 1688 694 1712 310.
711 1694 735 1713 Β,
757 1684 817 1712 Non

77 1739 218 1767 possumus
234 1729 345 1757 salutem
361 1728 498 1767 consequi,
512 1729 563 1757 nisi
579 1738 626 1767 per
637 1738 751 1757 crucem.
771 1735 817 1757 lx.

77 1777 142 1802 269.
158 1785 182 1802 Β.

117 1817 212 1845 Crucis
224 1817 329 1855 lignum
340 1823 468 1855 quantum
481 1823 586 1855 superet
599 1817 721 1845 arborem
732 1818 815 1846 scien-

79 1862 120 1889 tiae
144 1861 207 1890 boni
227 1869 251 1889 et
267 1861 340 1889 mali.
360 1867 404 1889 Iv.
427 1865 491 1889 157.
515 1861 543 1889 si
560 1871 611 1889 non
628 1871 696 1889 crux
715 1861 819 1890 credita

77 1905 185 1941 suisset,
207 1915 292 1942 neque
313 1903 499 1932 resurrectioni
515 1911 583 1932 esset
597 1904 739 1933 creditum.
758 1912 815 1934 VII.

79 1953 143 1977 517.
165 1958 192 1978 Ε.
214 1949 244 1976 In
264 1947 372 1976 civitate
396 1957 508 1985 superna
528 1947 615 1975 erucis
635 1954 764 1987 tropaeum
781 1955 818 1976 est

77 1999 193 2020 erectum
206 1991 309 2019 illustre
325 1997 350 2019 et
365 1990 548 2029 conspicuum.
568 1997 623 2019 ΠΙ.
635 1995 681 2020 22.
699 2002 722 2019 Β.
734 1992 818 2020 Chri-

77 2043 134 2064 stus
148 2046 208 2064 cum
225 2035 259 2063 ad
276 2035 456 2074 judicandum
475 2034 606 2062 mundum
630 2036 739 2071 venerit,
755 2047 817 2064 cru—

77 2091 134 2108 cem
155 2080 230 2108 seret.
251 2087 285 2109 11.
309 2084 373 2108 495.
400 2089 427 2107 n.
453 2088 478 2106 Ε.
503 2085 559 2106 ΠΙ.
585 2084 649 2107 830.
678 2091 691 2107 Β
729 2080 817 2114 Quam

77 2122 217 2162 splendida
233 2129 294 2150 tunc
307 2122 456 2162 apparebit.
478 2129 534 2150 ΠΙ.
552 2127 614 2151 628.
630 2134 655 2151 Ε.
672 2128 736 2153 830.
755 2136 778 2153 n.

117 2167 213 2196 Crucis
222 2167 325 2195 Christi
336 2166 472 2206 particula:
483 2166 516 2194 ab
529 2167 654 2195 omnibus
666 2169 816 2206 exquisitae.

77 2219 98 2240 Ι.
119 2215 182 2241 698.
203 2221 229 2238 Ε.
254 2210 317 2239 Illas
335 2221 401 2239 auro
425 2211 541 2239 inclusas
555 2222 568 2239 a
584 2211 654 2240 collo
669 2212 818 2251 suspende-

76 2256 140 2284 ]‚ant
155 2255 245 2283 multi.
263 2256 307 2283 lh.
325 2255 422 2284 Crucis
434 2256 527 2294 figura:
541 2256 662 2284 certatim
681 2257 714 2285 ab
729 2258 819 2286 omni-

77 2300 128 2328 bus
146 2298 366 2337 exquirebantur.
386 2306 407 2328 1.
427 2304 491 2328 697.
511 2311 537 2327 s.
555 2302 654 2328 Cruces
668 2323 674 2335 ‚
700 2308 818 2340 tempore

78 2343 275 2383 Chrysostomi,
293 2350 398 2382 repente
409 2343 435 2371 in
451 2343 614 2372 vestimentis
626 2344 770 2383 impressae.
783 2352 814 2376 V.

78 2393 142 2417 325.
159 2399 185 2415 Ε.

118 2431 214 2459 Crucis
236 2430 331 2458 titulus
355 2430 398 2458 cui
414 2430 474 2458 usui
497 2431 587 2460 fuerit.
612 2438 682 2461 VIII.
701 2436 764 2461 575.
789 2445 814 2462 Λ.

79 2478 179 2503 Cruces
191 2474 325 2502 latronum
341 2473 431 2501 titulos
444 2484 494 2502 non
508 2473 653 2502 habebant.
671 2477 716 2506 lh,

120 2518 216 2546 Crucis
229 2518 297 2556 signi
314 2524 441 2557 potestas,
460 2525 479 2546 Ι.
502 2523 567 2546 841.
581 2525 606 2546 et
622 2518 662 2546 vis
678 2519 819 2549 mirabilis.

84 2569 139 2590 ΠΙ.
155 2566 220 2590 621.
239 2573 262 2590 Β.
280 2563 346 2590 Ante
360 2571 465 2590 omnem
473 2568 562 2590 actum
571 2562 675 2601 signum
688 2563 758 2591 istud
768 2564 820 2592 sibi

83 2606 170 2634 cuncti
192 2605 338 2633 Christiani
364 2605 560 2644 imprimebant.
587 2613 630 2635 IX.
660 2613 720 2635 101.
741 2618 766 2636 c..
794 2609 819 2636 in

1545 218 1607 240 221

872 278 967 306 fronte.
988 285 1007 307 I.
1031 282 1096 306 697.
1115 289 1142 308 A.
1159 282 1272 307 11287.
1289 288 1315 306 c.
1334 284 1358 306 ct
1376 277 1402 306 in
1418 285 1534 317 pectore.
1553 285 1611 307 VII.

873 326 936 350 926.
955 334 981 350 Α.
999 333 1021 350 n.
1037 330 1082 350 tx.
1101 327 1163 352 147,
1182 332 1205 351 c.
1222 323 1250 350 In
1268 321 1335 350 facie
1347 321 1434 360 digito
1453 321 1615 350 efformaba-

873 373 924 394 tur.
939 372 996 394 ΠΙ.
1019 371 1082 394 620.
1099 376 1124 394 D.
1144 368 1258 394 Crucem
1275 366 1300 394 in
1316 366 1401 394 fronte
1416 377 1507 394 omncs
1529 373 1616 404 gesta-

872 409 946 441 bant,
964 410 1042 438 etiam
1058 410 1243 448 Imperatores.
1268 417 1300 438 V.
1325 415 1390 438 310.
1416 421 1439 438 B.
1462 411 1559 438 Crucis
1573 409 1614 438 si-

873 463 954 492 gnum
971 453 996 482 in
1015 454 1152 489 domibus,
1170 455 1194 482 in
1214 454 1284 490 foro,
1306 454 1333 482 in
1354 454 1474 482 desertis.
1498 461 1517 483 Ι.
1546 458 1612 484 697.

874 509 900 525 Α.
914 509 942 527 r..
958 497 1037 525 domo
1056 497 1211 536 egredienti.
1235 505 1266 526 II.
1285 502 1349 526 287.
1365 508 1391 528 c.
1416 497 1523 536 Ubique
1537 508 1613 526 crux.

874 549 893 569 I.
919 546 983 570 696.
1008 553 1036 570 Ε.
1057 542 1083 570 in
1106 542 1175 570 rasis
1197 542 1331 580 pretiosis,
1352 542 1378 570 in
1398 542 1562 580 margaritis,
1588 542 1614 570 in

873 585 1030 624 corporibus
1048 585 1178 613 morbidis
1197 585 1351 621 brutorum,
1370 585 1394 613 in
1410 585 1568 624 parietibus,
1587 586 1614 613 in

873 630 1000 658 fenestris.
1018 637 1037 657 I.
1058 634 1123 657 697.
1146 641 1171 657 A.
1191 636 1248 657 Πι.
1264 634 1328 658 620.
1347 641 1371 658 Β.
1389 630 1415 657 in
1432 629 1555 668 precibus
1567 652 1574 665 ‚
1589 631 1615 658 in

873 672 1032 701 diademate.
1048 681 1067 701 I.
1082 678 1145 702 696.
1159 684 1185 701 Ε.
1204 673 1229 701 in
1243 674 1388 712 baptismo,
1405 674 1431 701 in
1444 674 1616 712 impositione

872 727 1012 751 manuum,
1027 717 1052 745 in
1064 717 1232 746 sacerdotum
1245 717 1470 751 ordinationibus,
1485 718 1510 745 in
1524 728 1613 745 mensa

873 771 961 795 sacra,
977 761 1002 788 in
1017 762 1129 800 mystica
1149 771 1236 796 eoena,
1251 768 1300 789 etc.
1316 768 1335 789 I.
1352 766 1416 790 697.
1434 772 1458 789 Β.
1476 761 1502 789 in
1517 762 1612 790 convi-

873 804 933 839 viis,
955 804 982 832 in
999 804 1175 839 vestimentis,
1191 805 1216 832 in
1241 804 1378 838 thalamis,
1405 806 1429 832 in
1452 804 1563 841 choreis,
1586 805 1613 833 in

871 848 960 885 bellis,
978 848 1004 876 in
1024 859 1098 887 pace,
1112 849 1138 876 in
1154 849 1245 876 armis.
1263 850 1306 876 lb.
1320 855 1345 876 et
1358 848 1408 877 hoc
1421 871 1428 884 ,
1446 848 1517 887 apud
1537 849 1614 888 prin-

872 891 944 930 cipes
966 900 990 921 ct
1011 893 1139 932 plebeios,
1159 893 1283 921 mulieres
1304 903 1335 920 ac
1350 893 1434 928 viros,
1457 893 1575 931 virgines
1589 900 1615 921 et.

873 944 979 975 nuptas,
993 948 1084 966 servos
1095 944 1119 966 et
1131 937 1239 967 liberos.
1256 944 1275 965 Ι.
1289 941 1356 965 697.
1371 947 1395 965 c.

913 983 1028 1009 Crucem
1041 981 1142 1015 tollere,
1159 980 1224 1019 quid
1237 981 1281 1009 sit.
1295 987 1328 1009 11.
1342 985 1386 1008 78.
1401 990 1427 1007 n.
1444 987 1500 1009 ΠΙ.
1512 985 1575 1009 627.
1588 992 1614 1008 a.

873 1030 936 1053 628.
958 1026 987 1055 Si
1009 1033 1038 1053 tu
1057 1037 1083 1054 es
1105 1025 1205 1054 Christi
1231 1035 1347 1064 corpus,
1364 1025 1403 1053 ser
1424 1035 1539 1052 crucem.
1563 1031 1610 1054 XI.

873 1074 918 1097 2⁷4.
936 1079 961 1097 c.
981 1071 1020 1098 De
1035 1081 1113 1098 eruce
1125 1080 1175 1098 non
1190 1068 1412 1098 erubescendum.
1432 1075 1489 1096 ΠΙ.
1505 1073 1567 1097 582.
1583 1079 1611 1096 n.

873 1118 935 1141 619.
962 1124 987 1141 c.
1011 1116 1086 1142 (Trux
1101 1114 1209 1153 propria
1224 1120 1261 1141 est
1277 1112 1371 1140 animae
1386 1111 1411 1139 in
1432 1112 1487 1140 acie
1507 1112 1610 1147 stantis,

873 1157 942 1185 mori
956 1158 1096 1197 cupientis.
1114 1165 1162 1189 XI.
1185 1163 1247 1187 312.
1267 1156 1371 1186 Inimici
1385 1156 1471 1184 crucis
1484 1157 1530 1194 qui
1546 1156 1611 1185 sint.

873 1209 919 1232 XI.
933 1206 996 1231 341.
1018 1213 1043 1231 E.
1063 1207 1128 1230 342.

914 1249 1014 1276 Crucis
1030 1247 1141 1274 laudes.
1169 1252 1200 1274 II.
1225 1250 1288 1274 988.
1311 1255 1339 1274 D.
1359 1255 1385 1272 Ε.
1409 1255 1437 1272 Α.
1461 1248 1524 1272 989.
1545 1248 1610 1273 979.

873 1303 898 1320 A.
917 1303 941 1319 Β.
962 1298 1006 1319 III.
1021 1295 1085 1318 996.
1107 1294 1172 1318 997.
1188 1291 1261 1329 Ejus
1277 1291 1323 1317 vis
1341 1299 1376 1316 ac
1389 1289 1535 1326 proeclara
1547 1298 1615 1316 mu—

874 1338 933 1364 nia.
943 1342 1011 1363 VIII.
1025 1339 1088 1363 875.
1104 1335 1334 1362 virtutesvariae.
1344 1340 1415 1361 VIII.
1428 1337 1492 1360 868.
1510 1343 1534 1360 A.
1545 1336 1611 1360 869.

873 1379 1024 1407 mirabiles
1048 1379 1183 1415 effectus.
1209 1385 1254 1405 III.
1280 1381 1344 1405 996.
1382 1382 1464 1405 1001.
1488 1387 1511 1404 Β.
1531 1380 1611 1404 10014.

875 1424 947 1450 Vitzc
962 1425 1014 1450 ‘via
1028 1429 1078 1450 est.
1095 1428 1140 1449 III.
1160 1427 1272 1449 1000.c.
1285 1421 1398 1458 etsuga
1416 1423 1527 1453 mortis;
1546 1420 1615 1448 inde

873 1468 949 1494 enim
965 1467 1113 1494 scaturivit
1130 1465 1304 1493 immortalis
1319 1466 1394 1493 vita.
1414 1470 1485 1491 ΠΙΙ.
1506 1468 1571 1494 907.
1586 1475 1612 1492 Β.

875 1513 979 1540 Orbem
997 1513 1149 1540 convertit.
1166 1518 1210 1540 III.
1230 1515 1310 1539 1004.
1326 1521 1350 1537 Β.
1367 1511 1447 1538 Crux
1465 1516 1612 1548 tropoeunz,

873 1566 929 1595 quo
941 1557 1084 1595 sugantur
1106 1556 1258 1583 dcemones.
1281 1561 1313 1583 ΙΙ.
1332 1559 1397 1582 979.
1418 1565 1442 1581 Α.
1465 1565 1488 1584 Β.
1519 1561 1547 1582 et
1558 1555 1613 1582 Ιιο-

872 1603 958 1628 stium
982 1601 1135 1628 esercitus.
1161 1606 1207 1627 III.
1224 1603 1287 1627 999.
1302 1599 1382 1626 Crux
1399 1599 1521 1626 Domini
1535 1599 1616 1627 οηιηὶ

872 1645 951 1680 regia
965 1653 1074 1671 corona
1088 1642 1281 1681 splendidior,
1305 1641 1374 1670 solis
1395 1642 1495 1670 radios
1514 1642 1614 1679 splen-

871 1688 941 1715 dore
954 1693 1079 1726 super-al.
1098 1691 1180 1714 1001.
1204 1696 1232 1713 A.
1253 1686 1333 1713 Crux
1349 1691 1448 1712 nostra
1463 1685 1611 1723 gloriatio,

871 1741 985 1759 summa
1009 1732 1147 1758 bonorum
1171 1731 1312 1764 omnium,
1335 1734 1361 1756 et
1379 1728 1490 1765 fiducia
1518 1730 1614 1757 omnis

872 1782 960 1814 atque
978 1785 1096 1803 corona.
1122 1779 1203 1802 1002.
1222 1784 1250 1802 n.
1272 1774 1437 1800 Armatur-a
1456 1775 1565 1801 victrix
1586 1780 1614 1802 et

872 1826 1008 1858 tropoeum
1025 1824 1187 1856 reportans.
1205 1821 1269 1845 996.
1287 1827 1312 1844 B.
1335 1816 1437 1844 Armis
1454 1816 1612 1855 cujuslibet

870 1864 983 1899 generis
990 1863 1107 1901 firmius
1122 1868 1148 1890 et
1161 1861 1322 1889 ‘1-alentius.
1340 1864 1405 1887 997.
1420 1870 1447 1887 E.

911 1907 990 1934 Crux
1006 1906 1125 1943 vivifica
1137 1905 1298 1933 adoranda.
1315 1911 1360 1933 111.
1377 1908 1440 1931 995.
1453 1915 1477 1932 Β.
1492 1909 1573 1934 1001.
1585 1917 1611 1934 A.

871 1951 920 1978 Ab
936 1950 1068 1977 omnibus
1085 1949 1254 1976 honoratur.
1278 1954 1311 1975 II.
1331 1952 1394 1974 980.
1422 1957 1448 1976 Β.
1475 1952 1538 1976 981.
1562 1949 1612 1977 Si-

870 2004 958 2032 gnum
970 1999 1010 2021 est
1022 1991 1294 2021 cuiconlt-adicitur.
1312 1998 1356 2019 III.
1371 1995 1437 2018 997.
1452 2001 1477 2019 c.
1496 1992 1611 2021 Nostra>

870 2038 1019 2076 religionis
1035 2037 1133 2064 omnia
1155 2046 1207 2074 per
1234 2036 1318 2063 illam
1344 2034 1547 2072 perficiuntur.
1564 2044 1610 2065 III.

874 2085 954 2109 1003.
972 2091 995 2108 Β.
1012 2082 1049 2107 Ιη
1064 2082 1216 2118 baptismo,
1229 2081 1259 2106 in
1274 2079 1459 2106 ordinatione
1473 2081 1612 2108 sacerdo-

871 2131 942 2160 tnm,
963 2125 993 2151 in
1024 2133 1124 2151 mensa
1143 2123 1365 2157 Eucharistica,
1387 2124 1511 2161 denique
1525 2124 1613 2162 quid-

870 2167 942 2207 quid
953 2169 1062 2205 facias,
1079 2169 1186 2205 ubique
1200 2167 1311 2205 signum
1332 2166 1423 2195 adest.
1441 2170 1505 2194 998.
1531 2177 1557 2194 Β..
1575 2169 1612 2196 In

862 2213 1028 2252 frontibus,
1045 2218 1073 2239 et
1086 2213 1114 2238 in
1130 2213 1229 2238 animo
1244 2217 1332 2249 atque
1348 2215 1452 2245 mente,
1468 2220 1542 2238 cruz·
1560 2212 1611 2240 de-

868 2257 1051 2295 pingebatur.
1074 2260 1138 2283 998.
1155 2266 1181 2284 Β.
1203 2257 1233 2282 in.
1249 2254 1331 2283 ostio.
1355 2258 1437 2283 1001.
1454 2265 1479 2282 Β.
1494 2256 1526 2282 in
1539 2256 1613 2283 aedi-

872 2303 933 2332 bus.
950 2302 980 2327 in
995 2301 1103 2333 muris,
1121 2301 1150 2326 in
1164 2299 1310 2335 fenestris.
1326 2302 1390 2325 998.
1408 2308 1433 2326 Β.
1452 2299 1482 2325 ἱη
1497 2309 1609 2336 mensa,

872 2347 901 2372 in
920 2344 991 2372 lecto
1007 2350 1035 2371 et
1058 2345 1139 2371 omni
1154 2345 1185 2370 in
1201 2343 1264 2370 loco
1284 2343 1467 2371 cernebatur.
1485 2347 1566 2370 1001.
1584 2354 1608 2370 B.

873 2389 953 2416 Crux
981 2388 1155 2415 dormientes
1176 2386 1318 2419 custodit,
1346 2385 1539 2423 vigilantibus
1568 2392 1610 2414 est

870 2431 1017 2468 praesidio.
1027 2431 1069 2460 lb.
1083 2442 1108 2459 c.
1120 2431 1200 2458 Crux
1210 2440 1268 2457 non
1280 2429 1572 2457 erubescenda.1003.
1584 2441 1610 2459 A.

875 2476 973 2504 Crucis
1012 2477 1126 2513 signum
1156 2473 1300 2512 quomodo
1326 2472 1511 2510 faciendum.
1541 2477 1607 2503 999.

877 2521 970 2557 Quam
987 2518 1132 2546 mirabiles
1146 2517 1209 2556 ejus
1227 2517 1363 2555 effectus.
1381 2516 1421 2544 Ib.
1439 2526 1465 2543 c.

915 2565 1020 2592 Cruces
1035 2562 1263 2600 conficiebantur
1276 2571 1310 2589 ex
1326 2570 1399 2588 atero
1422 2560 1473 2588 vel
1481 2564 1601 2599 gemmis

876 2615 921 2637 III.
936 2613 1016 2636 1001.
1032 2618 1056 2636 Β.
