1910 2907
0 891 123 950 l.6.1=.155.

19 1518 122 1537 nnete-nes

39 1548 123 1568 Macca-

15 1580 43 1599 is.

14 1608 119 1638 2.p.622.

4 2407 8 2436 ι

4 2446 9 2495 Ι

18 2559 68 2580 Aua
83 2562 122 2582 lno-

17 2591 58 2611 lie.

6 2517 8 2541 ἰ

7 2714 9 2731 ι

7 2812 9 2839 l

677 193 766 215 NUNC
792 192 923 215 putatum

141 264 191 284 nus
206 256 251 284 ille
267 262 320 290 est,
347 256 393 294 qui
414 262 554 295 postquam
569 254 660 293 lingua
676 261 814 294 amputata
829 254 880 293 ipsi

140 302 191 329 suit
201 323 208 337 ,
226 308 254 329 ut
269 308 344 330 antea
357 301 523 340 loquebatur.
538 301 627 328 Altera
644 301 671 329 in
686 301 714 329 S.
728 303 880 330 Romanum

141 347 252 376 homilia
270 347 369 376 ibidem
383 347 517 385 sequitur,
531 347 607 385 cujus
622 347 708 386 stylus
723 347 881 386 Chrysosto-

139 395 176 422 mi
197 394 303 422 dicendi
323 393 409 432 generi
424 400 479 421 tam
498 393 629 421 absimilis
644 393 764 428 videtur,
781 401 809 422 ut
832 395 877 422 vix

138 439 211 468 credi
226 440 309 479 possit
329 450 384 468 esse
402 439 432 469 S.
453 438 570 467 doctoris
584 450 651 478 opus
667 451 672 466 :
688 439 776 468 omnia
796 440 879 479 tropis

138 485 431 522 exclamationibusque
446 484 609 521 redundant,
623 492 648 513 et
660 485 748 513 nescio
761 485 825 523 quid
837 496 879 524 pe·

138 533 275 571 regi-inum
288 533 365 560 olent.
378 532 468 567 Quare
479 531 613 560 crederem
626 532 714 571 potius
726 542 780 560 esse
791 533 879 571 eujus-

139 578 201 606 dam
224 578 373 618 presbyteri
400 578 557 606 Antiocheni
571 600 578 613 ‚
603 577 647 615 qui
673 578 723 606 sub
749 578 878 607 Flaviano

137 625 252 653 alternas
261 636 321 653 cum
335 625 526 663 Chrysostomo
538 623 710 652 concionandi
722 630 810 662 partes
820 634 878 662 age·

137 677 186 704 ret,
194 670 221 699 id
230 670 302 708 quod
314 670 528 708 frequentissime
539 668 675 697 accidebat
687 669 734 697 illo
747 676 877 709 tempore;

137 717 173 745 ita
187 724 216 745 ut
229 717 289 745 dua:
305 724 390 745 tresve
404 715 542 744 conciones
554 714 647 744 eodem
659 715 703 744 die
716 716 878 744 continenter

136 762 296 792 dicerentur.

177 810 368 849 Chrysostomo
383 809 466 846 duce,
491 815 520 838 ut
534 819 613 848 supra
628 808 731 837 dictum
744 813 802 843 est,
818 813 877 846 post

138 856 281 885 Homiliam
297 856 323 884 in
340 857 369 884 S.
395 857 545 884 Romanum
567 862 727 894 martyrem,
752 854 876 893 ponimus

136 903 288 931 concionem
301 903 326 931 in
342 902 414 930 illud
426 902 546 931 Jeremiae
557 913 562 928 ε
573 902 712 935 Domine,
727 910 781 927 non
793 902 877 927 estin

137 950 252 977 homine
266 952 318 977 via
333 951 413 987 ejus,
432 958 523 986 neque
538 948 624 975 lzomo
647 947 715 981 ibic,
733 952 759 974 et
775 946 876 984 diriget

134 1005 264 1034 gressum
282 1004 376 1024 suum.
400 994 461 1028 Quo
483 994 541 1022 loco
565 1000 589 1021 et
611 992 745 1032 plerisque
766 992 826 1020 aliis
849 992 875 1020 in

135 1041 273 1080 Scriptura
289 1050 362 1069 sacra
377 1040 512 1068 similibus
526 1039 705 1068 abutebantur
719 1038 813 1075 multi,
829 1037 876 1076 qui

134 1087 258 1116 dicebant
273 1097 325 1115 non
337 1097 370 1114 ex
391 1086 528 1114 voluntate
542 1092 568 1114 et
581 1085 693 1114 arbitrio
707 1091 796 1113 nostro
809 1094 874 1123 pen-

134 1133 197 1161 dere
208 1140 237 1162 ut
249 1133 294 1162 vel
307 1133 408 1161 bonum
423 1131 465 1160 vel
477 1131 578 1160 malum
591 1141 711 1170 agamus.
727 1131 782 1159 Hos
792 1131 876 1159 vehe—

134 1185 236 1207 menter
254 1179 373 1217 increpat
395 1177 607 1217 Chrysostomus
618 1200 625 1213 ‚
641 1177 808 1215 affirmatque
824 1187 877 1216 pe—

135 1235 180 1253 nes
195 1225 339 1254 arbitrium
351 1231 470 1252 nostrum
483 1234 538 1252 esse
550 1223 591 1252 vel
606 1224 707 1251 boumn
718 1223 760 1252 vel
774 1223 876 1252 malum

135 1281 212 1309 agere
223 1284 230 1306 ;
240 1281 292 1299 non
305 1270 379 1308 quod
391 1270 425 1298 ad
436 1271 535 1298 bonum
546 1269 678 1307 agendum
689 1279 741 1297 non
753 1279 876 1307 egeamus

136 1319 219 1356 gratia
234 1317 302 1353 Dei;
318 1327 378 1345 nam
391 1323 420 1344 ut
430 1315 496 1344 alibi
512 1326 580 1354 serpe
593 1314 677 1351 dicit,
693 1315 794 1343 volenti
809 1325 877 1343 sem-

135 1374 181 1402 per
205 1363 280 1392 adest
304 1362 388 1401 gratia
413 1361 464 1390 Dei
476 1384 482 1396 ‚
509 1371 557 1390 nec
580 1361 628 1398 qui
652 1367 759 1400 peccat,
784 1361 876 1398 gratiae

134 1409 266 1438 defectum
281 1415 367 1448 potest
383 1417 509 1446 umquam
524 1407 552 1435 in
571 1407 769 1435 excusationem
784 1407 876 1436 obten-

135 1454 209 1484 dere.

174 1502 229 1529 Has
243 1506 392 1538 sequuntur
407 1506 459 1528 tres
479 1498 512 1527 de
533 1497 692 1527 Maccabaeis
720 1497 876 1534 conciones,

134 1557 192 1585 quae
206 1546 309 1574 nullam
322 1556 377 1584 prae
391 1556 419 1573 se
430 1546 519 1573 serunt
534 1544 597 1572 anni
610 1551 709 1572 notam.
726 1544 803 1572 Prior
817 1555 874 1571 ma-

133 1600 199 1621 trem
223 1592 369 1631 praesertim
390 1590 605 1620 Maccahaeorum
620 1600 634 1617 a
649 1589 796 1618 constantia
817 1589 875 1617 ani-

133 1641 223 1678 mique
245 1639 339 1667 robore
361 1638 510 1677 plurimum
527 1636 705 1665 commendat.
730 1636 873 1673 Secunda,

133 1686 178 1715 die
191 1685 339 1723 insequenti
356 1685 446 1712 habita
457 1706 465 1720 ,
481 1683 625 1723 septimum
639 1683 826 1722 junioremque
840 1694 875 1711 ex

133 1731 291 1761 Maccabaeis
303 1730 431 1758 laudibus
443 1735 567 1764 exornat,
582 1736 665 1757 matre
677 1739 783 1767 quoque
797 1728 874 1757 iden-

131 1778 214 1806 tidem
230 1777 256 1805 in
270 1776 381 1805 laudum
399 1782 499 1814 partem
513 1783 616 1805 vocata.
637 1777 709 1804 Hanc
723 1775 874 1804 breviorem

133 1824 342 1862 Chrysostomus
358 1822 499 1852 homiliam
522 1821 724 1861 pronuntiavit3
743 1834 756 1848 (ι
771 1828 799 1849 ut
814 1821 875 1860 plu-

132 1869 208 1897 ribus
225 1880 256 1905 »,
277 1868 383 1905 inquit,
404 1879 418 1893 «
434 1867 474 1895 illi
490 1866 617 1895 laudibus
636 1877 651 1894 a
671 1867 806 1894 communi
824 1867 874 1895 do-

133 1921 204 1942 ctore
218 1913 419 1941 cumularentur
432 1924 446 1938 »
458 1934 465 1947 ,
487 1922 581 1951 nempe
593 1922 608 1939 a
624 1911 753 1939 Flaviano
769 1911 875 1950 episco-

134 1970 184 1999 po,
203 1960 250 1997 qui
270 1965 329 1998 post
344 1958 566 1996 Chrysostomum
586 1957 790 1985 concionaturus
809 1964 873 1985 erat.

131 2006 223 2034 Tertia
234 2006 354 2033 omnium
366 2004 523 2032 brevissima
537 2003 562 2031 in
575 2003 741 2031 Maccabaeos
751 2003 871 2039 homilia,

132 2061 147 2079 a
163 2051 299 2080 nonnullis
322 2050 348 2078 in
370 2050 469 2082 νοθείας
486 2049 663 2088 suspicionem
685 2056 810 2085 vocatur,
826 2060 874 2079 nec

133 2097 231 2136 injuria
248 2109 253 2124 :
273 2107 334 2124 nam
350 2096 403 2124 olet
421 2102 490 2124 certe
509 2095 689 2134 peregrinum.
704 2095 773 2134 Styli
791 2106 874 2133 genus

133 2144 278 2182 strigosum
293 2149 347 2178 est;
369 2142 457 2170 omnia
471 2142 547 2180 quasi
562 2143 588 2169 in
610 2149 763 2170 transcursu
778 2142 874 2170 dicun-

133 2196 184 2217 tur.
201 2191 293 2227 Neque
306 2196 392 2217 tamen
414 2199 472 2216 eam
492 2189 549 2216 loco
565 2188 722 2216 movendam
740 2199 797 2216 esse
819 2199 873 2227 pu-

132 2235 186 2263 tavi
201 2246 207 2262 :
222 2235 284 2263 satis
296 2235 366 2262 enim
380 2234 430 2262 erit
445 2234 603 2273 scrupulum
619 2233 760 2270 indicasse,
773 2234 874 2272 nequis

133 2291 192 2308 eam
207 2287 237 2308 ut
260 2287 362 2308 certum
384 2280 412 2308 S.
427 2279 544 2307 doctoris
562 2280 645 2308 fetum
669 2279 773 2307 babeat.
797 2279 873 2315 Quid

133 2337 195 2354 vero
206 2348 213 2360 ,
232 2325 254 2353 si
270 2325 390 2353 dicamus
408 2325 475 2353 hanc
490 2324 629 2353 homiliam
640 2346 648 2360 ,
665 2335 725 2362 quae
739 2335 801 2352 sanc
813 2325 873 2352 bre·

132 2372 242 2399 vissima
260 2378 315 2406 est,
337 2371 410 2398 illam
425 2381 480 2398 csse
496 2381 575 2408 quam
592 2371 751 2398 Flavianum
771 2371 875 2408 episco-

133 2428 198 2456 pum
208 2427 270 2444 mox
279 2416 513 2454 pronuntiaturum
521 2426 576 2444 esse
584 2415 689 2443 dicebat
698 2426 776 2454 supra
788 2416 874 2455 Chry-

134 2463 284 2491 511510111115,3
297 2463 373 2490 Certe
383 2461 451 2489 mhil
463 2462 558 2497 video,
568 2461 642 2499 quod
653 2471 699 2489 nos
709 2462 743 2489 ab
754 2461 807 2490 liae
817 2462 874 2500 opi-

134 2510 212 2537 nione
226 2508 363 2536 dimovere
376 2507 460 2546 possit

175 2556 320 2584 conciones
336 2555 362 2581 in
378 2553 542 2582 Maccalaeos
563 2553 639 2591 sequi
659 2553 737 2581 debet
756 2553 874 2582 Homilia

135 2601 168 2630 dc
184 2601 212 2630 S.
229 2599 396 2637 Many-ribus
410 2599 556 2630 Antiochiae
569 2599 663 2629 hahita
676 2610 682 2628 :
695 2610 756 2628 nam
768 2610 842 2629 num.
857 2603 868 2628 1

274 2650 346 2668 ron.
371 2650 440 2668 xiii.

950 191 1145 215 Aponium.
1610 182 1674 227 145

934 253 1024 282 innuit
1032 253 1077 283 ille
1089 264 1116 282 se
1127 253 1196 283 hanc
1205 254 1390 293 pronuntiasse
1405 255 1485 294 paulo
1498 261 1557 294 post
1566 256 1676 284 Macca-

935 299 1054 328 baeorum
1066 299 1260 328 solemnitatem
1272 323 1279 335 ,
1296 300 1403 338 quando
1415 301 1561 329 Flavianus
1573 303 1678 340 episco-

933 356 983 384 pus
998 352 1149 384 martyrum
1159 347 1255 374 festum
1268 346 1324 374 ruri
1341 346 1524 375 celebraturus
1534 347 1675 382 abscessit,

934 398 1012 429 atque
1028 391 1220 430 Chi-ysostomo
1236 392 1262 420 iu
1273 392 1329 432 ipsa
1343 393 1409 421 urbe
1423 393 1597 421 concionandi
1613 404 1676 432 pro-

933 438 1050 467 vinciam
1064 439 1181 477 reliquit.
1195 440 1226 467 In
1239 439 1289 467 hac
1304 446 1391 468 autem
1404 439 1514 468 homilia
1524 439 1558 468 de
1571 447 1677 479 marty-

933 495 993 512 rum
1010 485 1110 513 virtute
1125 485 1231 524 egregie
1247 485 1353 514 disserit
1367 486 1395 514 S.
1414 485 1506 514 doctor
1521 497 1527 513 ε
1542 493 1615 514 muta
1631 497 1678 514 eo-

933 540 993 559 rum
1009 542 1066 559 ossa
1081 531 1143 570 plus
1163 531 1196 559 ad
1218 531 1329 560 salutem
1342 552 1351 566 ‚
1372 531 1406 560 ad
1425 532 1675 571 compunctionem,

931 576 966 604 ad
984 577 1167 616 pcenitentiam
1183 578 1301 606 conferre
1324 577 1408 614 dicit,
1430 589 1510 616 quam
1533 578 1675 607 doctorum

932 622 1116 659 quorumlibet
1132 622 1215 650 verba
1230 622 1484 660 admonitionesque.
1499 624 1568 652 Hinc
1583 624 1678 653 transit

932 667 966 695 ad
979 677 1023 695 eos
1036 667 1082 705 qui
1096 669 1221 706 mysteria
1234 668 1345 706 indigne
1357 669 1529 707 participant,
1543 669 1676 708 edicitque

932 713 994 741 illos
1006 723 1057 740 non
1074 723 1148 741 secus
1161 713 1312 752 plectendos
1324 724 1380 742 esse
1390 736 1396 748 ‚
1411 725 1490 752 quam
1501 726 1544 743 eos
1558 717 1602 753 qui
1614 717 1676 744 Do-

932 759 1037 787 minum
1061 759 1266 788 crucifixerunt.
1291 759 1422 787 Permulti
1442 770 1505 788 vero
1527 768 1587 799 post
1607 761 1675 791 hanc

932 804 1049 832 habitam
1073 805 1226 833 concionem
1247 805 1312 834 dicti
1338 805 1412 833 illius
1435 806 1607 835 acerbitatem
1623 818 1675 837 non

931 851 1043 878 serentes
1053 873 1061 887 ,
1077 850 1286 889 indignabantur
1294 858 1319 879 et
1330 852 1559 881 excandescebant
1570 864 1577 881 τ
1590 855 1674 883 Avo..

931 906 981 924 cas
999 906 1047 924 nos
1058 918 1065 931 ‚
1081 896 1252 934 inquiebant,
1265 908 1283 925 a
1295 908 1378 926 sacra
1391 908 1505 934 mensa,
1520 905 1548 927 et
1560 909 1578 927 a
1593 910 1676 928 com-

931 945 1067 970 munione
1086 942 1213 980 repellis.
1242 944 1332 978 Quare
1354 951 1491 982 permotus
1517 945 1676 984 Chrysosto-

931 998 1001 1024 mus,
1015 988 1228 1027 pulcherrimam
1244 989 1318 1018 illam
1335 991 1481 1019 orationem
1498 990 1603 1028 habuit,
1615 1004 1674 1031 quae

933 1034 1090 1062 inscribitur
1101 1057 1108 1070 ,
1129 1036 1198 1063 Non
1215 1046 1276 1064 esse
1296 1037 1338 1064 ad
1349 1039 1476 1076 gratiam
1495 1040 1674 1067 concionan-

934 1080 1003 1108 dum
1020 1091 1029 1106 .·
1045 1090 1097 1118 qua
1112 1080 1208 1119 prohat
1224 1092 1279 1109 rem
1294 1092 1350 1110 esse
1368 1082 1481 1121 periculi
1495 1083 1602 1122 plenam
1618 1092 1672 1113 tum

932 1124 1089 1164 praedicanti
1102 1148 1109 1161 ‚
1129 1133 1186 1154 tum
1207 1126 1394 1163 audientibus,
1410 1128 1431 1156 si
1446 1128 1478 1156 ad
1495 1130 1609 1167 gratiam
1628 1130 1675 1159 ille

932 1171 1105 1200 concionetur
1123 1183 1129 1199 :
1153 1173 1324 1211 plurimaque
1339 1173 1404 1202 dicit
1418 1174 1471 1203 alia
1485 1175 1518 1203 ad
1530 1177 1674 1205 conciona-

933 1225 1022 1246 torum
1042 1225 1067 1247 et
1089 1218 1124 1247 ad
1139 1219 1293 1248 auditorum
1307 1220 1426 1249 officium
1444 1222 1600 1260 spectantia.
1616 1223 1675 1252 Etsi

931 1273 996 1292 vero
1012 1264 1068 1292 baec
1081 1264 1193 1293 homilia
1207 1265 1240 1294 ad
1257 1267 1432 1305 panegyricos
1449 1275 1601 1296 sanctorum
1615 1279 1674 1297 ser—

932 1319 1022 1338 mones
1039 1320 1090 1338 non
1104 1311 1234 1350 pertinet,
1252 1322 1304 1340 non
1321 1313 1398 1341 licuit
1417 1324 1474 1341 eam
1486 1325 1500 1342 a
1513 1315 1674 1353 praecedenti

932 1355 1058 1384 concione
1068 1356 1232 1395 disjungere,
1246 1358 1306 1396 quia
1318 1366 1429 1398 coeptam
1441 1359 1473 1388 de
1485 1360 1594 1399 indigne
1605 1372 1674 1391 com-

932 1402 1132 1431 municantibus
1147 1403 1333 1442 hypothesim,
1357 1416 1385 1433 ea
1398 1416 1478 1444 quam
1493 1406 1613 1436 diximus
1632 1419 1674 1437 oc-

932 1448 1036 1476 casione
1047 1448 1144 1477 ductus
1160 1450 1204 1478 hic
1218 1451 1398 1488 prosequitur.
1415 1452 1476 1487 Quo
1489 1463 1557 1481 anno
1570 1461 1674 1482 utram-

931 1506 983 1533 que
1002 1495 1127 1524 habucrit
1148 1496 1287 1526 homiliam
1302 1498 1527 1538 Chrysostomus,
1544 1501 1674 1531 incertum

931 1542 1040 1570 omnino
1054 1550 1092 1570 est
1108 1554 1113 1570 :
1136 1542 1187 1571 hoc
1204 1554 1288 1572 unum
1302 1555 1336 1572 ex
1354 1545 1468 1573 secunda
1483 1546 1594 1575 homilia
1607 1570 1614 1584 ,
1630 1548 1674 1577 cui

930 1588 1026 1618 titulus
1037 1612 1045 1626 ,
1061 1591 1130 1618 Non
1151 1601 1211 1619 esse
1225 1592 1266 1619 ad
1278 1594 1407 1630 gratiam
1422 1595 1653 1623 concionandum
1663 1619 1672 1631 ,

930 1636 1065 1675 expiscari
1079 1647 1156 1676 posse
1170 1637 1294 1665 videmur
1304 1661 1310 1673 ,
1328 1649 1423 1677 nempe
1438 1639 1557 1668 habitam
1574 1648 1674 1670 utram-

922 1692 982 1726 -que
994 1682 1075 1710 fuisse
1089 1690 1148 1721 post
1162 1683 1294 1711 Homilias
1309 1683 1342 1712 de
1353 1684 1463 1714 Lazaro.
1476 1686 1548 1714 Dicit
1560 1687 1631 1715 enim
1643 1688 1673 1717 S.

930 1727 1023 1756 doctor
1047 1739 1121 1757 num.
1147 1729 1165 1757 5
1187 1729 1221 1757 de
1240 1731 1340 1759 Lazaro
1359 1730 1470 1769 loquens
1491 1744 1498 1760 .-
1520 1746 1532 1759 «
1550 1734 1584 1762 Et
1606 1734 1673 1771 quid

929 1783 997 1812 opus
1022 1781 1059 1802 est
1085 1774 1240 1813 parabolam
1265 1782 1348 1803 totam
1373 1777 1549 1815 percurrere?
1573 1780 1673 1818 quippe

930 1819 1013 1847 nostis
1034 1819 1174 1848 historiam
1199 1831 1323 1857 omnem;
1351 1822 1534 1851 crudelitatem
1556 1824 1670 1863 divitis,

929 1876 983 1903 quo
1003 1873 1081 1905 pacto
1097 1866 1250 1894 mendicum
1270 1868 1428 1906 participem
1451 1879 1547 1897 mensae
1562 1881 1614 1899 non
1630 1871 1671 1900 sa-

931 1919 1001 1940 ceret
1019 1923 1025 1938 :
1040 1919 1186 1950 egestatem
1198 1912 1272 1940 illius
1293 1923 1323 1940 ac
1337 1913 1433 1941 famem
1446 1936 1452 1949 ,
1466 1925 1527 1942 cum
1543 1926 1594 1953 qua
1608 1927 1670 1956 per-

929 1964 1008 1996 petuo
1034 1957 1246 1986 conflictabatur.
1264 1970 1277 1984 r»
1293 1958 1358 1992 Quae
1385 1969 1446 1987 sane
1465 1959 1590 1989 videntur
1611 1970 1671 2001 post

929 2013 1060 2031 sermones
1075 2002 1108 2030 de
1121 2004 1220 2031 Lazaro
1239 2002 1311 2031 dicta
1324 2025 1332 2039 ,
1350 2003 1408 2032 licet
1422 2004 1451 2032 id
1471 2005 1605 2035 affirmare
1617 2018 1668 2037 non

929 2049 1023 2077 ausim.
1041 2050 1102 2084 Quo
1117 2055 1204 2077 autem
1223 2059 1292 2077 anno
1306 2060 1439 2078 sermones
1453 2050 1484 2079 de
1506 2052 1606 2082 Lazaro
1623 2055 1669 2083 di-

929 2095 963 2123 cti
975 2094 1082 2129 suerint,
1093 2094 1192 2132 pariter
1202 2094 1332 2123 incertum
1343 2102 1392 2130 est,
1405 2103 1434 2124 ut
1447 2096 1567 2127 vidimus
1577 2110 1669 2139 supra.

1686 858 1722 877 1²5

1686 1040 1824 1069 T.2.p.658.

968 2141 1083 2169 Brevem
1095 2140 1176 2168 aliam
1190 2140 1216 2168 in
1234 2147 1337 2169 sanctos
1351 2143 1486 2181 Martyres
1500 2143 1595 2173 habuit
1606 2157 1669 2175 con·
1680 2141 1821 2171 T·²‘I'>fi⁶7·

928 2186 1046 2222 cionem,
1068 2186 1144 2224 cujus
1167 2196 1265 2214 annum
1288 2187 1422 2226 assignare
1443 2199 1495 2217 non
1518 2201 1666 2229 possumus.

927 2232 990 2260 Haec
1011 2238 1100 2260 autem
1118 2232 1145 2260 in
1164 2242 1228 2270 agro
1250 2233 1415 2262 Antiocheno
1439 2234 1510 2264 dicta
1534 2237 1600 2271 fuit,
1615 2249 1668 2277 quo

927 2278 1095 2306 confluebant
1107 2288 1140 2306 ex
1150 2278 1256 2306 civitate
1268 2278 1356 2314 multi,
1367 2279 1414 2307 sed
1424 2287 1565 2319 postquam
1574 2291 1598 2311 ct
1609 2285 1668 2312 cul-

928 2330 985 2351 tum
1008 2324 1173 2363 martyribus
1185 2323 1373 2360 exhibuerant,
1389 2332 1413 2353 et
1423 2327 1562 2356 conciones
1573 2330 1667 2359 audie-

928 2375 1003 2404 rant,
1026 2369 1060 2397 ad
1080 2369 1192 2408 popinas
1210 2376 1235 2398 et
1253 2371 1462 2409 compotationes
1485 2372 1664 2404 divertebant.

929 2416 988 2450 Qua
1003 2414 1039 2443 de
1048 2425 1075 2443 re
1090 2415 1186 2444 acriter
1196 2415 1222 2444 in
1235 2426 1278 2444 eos
1293 2416 1431 2445 invehitur
1441 2425 1546 2447 sanctus
1558 2421 1667 2450 Ductor.

930 2473 943 2487 α
955 2459 1101 2500 Perpende,
1117 2473 1132 2487 n
1151 2461 1248 2500 inquit,
1269 2475 1282 2488 α
1297 2473 1376 2500 quam
1390 2462 1537 2492 ridiculum
1551 2466 1592 2501 sit,
1608 2474 1668 2505 post

928 2506 1059 2545 ejusmodi
1074 2514 1244 2542 conventum,
1259 2515 1319 2547 post
1331 2509 1448 2547 vigilias,
1463 2518 1521 2549 post
1533 2522 1669 2542 sacrarum

929 2553 1092 2582 auditionem
1105 2554 1323 2592 Scripturarum,
1337 2562 1396 2593 post
1411 2554 1566 2584 divinorum
1581 2559 1670 2596 parti-

929 2599 1088 2638 cipationem
1103 2600 1303 2638 mysteriorum,
1318 2607 1344 2629 et
1358 2608 1418 2640 post
1432 2603 1598 2640 spiritualem
1613 2605 1672 2634 lur-

1455 2645 1493 2671 10
