1884 2922
743 205 773 226 ΙΝ
780 205 845 227 DEX
876 207 956 228 inim)
963 207 984 229 M
992 222 999 227 .

100 259 218 288 taculum
235 260 396 289 daemonum.
424 269 444 290 1.
463 267 528 293 722.
545 274 571 293 c.
592 268 651 292 121.
676 276 702 295 c.
729 271 794 296 738.
813 267 838 295 ἐ.

99 306 169 334 Loca
188 307 214 334 in
239 307 338 344 quibus
355 315 558 345 congregzntur,
577 319 591 337 a
606 309 773 339 daemonibus
788 311 839 339 lia-

97 349 227 380 bitantur.
257 358 277 379 Ι.
313 355 378 378 738.
406 362 431 378 n.
459 353 608 390 Synagogae
636 364 726 382 eorum
749 355 838 383 diver-

97 394 198 422 sorium
222 401 284 422 sunt
308 394 470 423 diemonum.
496 403 516 423 1.
540 401 603 425 720.
628 409 654 426 E.
671 399 759 428 Judaei
775 410 836 427 cum

96 437 207 466 diabolo
231 438 377 466 constituti.
408 446 465 468 Vll.
488 444 550 467 505.
575 451 598 469 c.
616 441 773 471 Judaeorum
794 444 837 471 in-

96 489 189 520 gratus
214 482 330 510 animus.
358 490 378 511 1.
403 488 520 512 797.11.
548 489 612 514 407.
646 496 674 514 n.
693 497 756 525 sqq.
777 494 834 515 ΥΙΙ.

96 530 162 554 757.
191 537 215 554 13.
241 533 310 554 ΥΙΙΙ.
336 531 381 554 150.
408 537 434 555 E.
458 528 632 557 Daemonibus
655 530 720 568 ipsis
749 532 836 569 ingra-

96 572 186 600 tiorcs.
200 579 246 600 lx.
258 577 359 600 349.11.
372 572 479 601 Judaeos
489 574 555 602 nibil
568 575 605 603 sic
615 576 744 614 perdidit,
755 588 834 615 quam

94 616 167 653 quod
180 615 278 653 ingrati
290 623 386 644 essent.
404 624 461 645 ΥΙΙ.
482 622 546 646 353.
563 630 588 647 Α.
604 620 676 648 Illud
691 631 705 648 a
719 622 836 660 proplie-

93 661 127 688 tis
143 659 348 698 praenuntiatum
371 668 436 688 erat.
462 669 482 690 1.
503 667 566 690 687.
584 674 608 692 c.
628 663 670 692 Ex
685 666 834 703 arrogantia

93 703 254 743 procedebat
268 704 325 732 hzec
337 705 450 743 pessima
462 706 636 743 ingratitudo.
655 716 712 737 vll.
727 714 792 740 353.
807 720 831 738 Β.

92 750 179 779 Judaei
194 750 306 789 impuri,
321 752 490 789 exsecrandi,
509 755 594 792 turpis
609 754 676 782 lucri
693 762 717 783 et
734 756 833 794 princi-

91 800 171 832 patus
197 794 300 832 cupidi.
327 802 372 823 ΧΙ.
399 800 462 824 316.
488 808 513 825 c.
540 798 661 836 Improbi
686 799 833 829 admodum

90 844 180 871 erant,
199 848 246 865 nec
266 849 391 876 umquam
411 839 436 868 in
460 848 629 879 peccatorum
647 853 756 871 suorum
772 855 834 872 sen-

91 891 151 909 sum
173 889 318 918 vcnerant3
343 883 387 910 sed
410 885 538 913 extremis
557 885 667 914 obnoxii
691 887 786 923 malis,
807 899 834 916 se

90 925 290 964 ubiquejustos
305 927 501 964 prsediealmnt.
521 935 578 956 vlt.
595 934 654 957 163.
673 941 700 958 A.
716 931 746 958 In
760 942 832 969 quo-

91 968 132 997 vis
144 968 298 1007 reipublicae
308 977 388 1003 statu,
403 970 430 998 in
446 971 541 1000 iisdem
553 973 652 1000 versati
668 975 830 1010 summatis,

89 1022 137 1041 nec
152 1015 238 1051 major
252 1024 330 1052 penes
345 1014 406 1042 illos
420 1014 530 1043 virtutis
545 1016 597 1044 suit
611 1016 686 1045 ratio.
708 1024 766 1047 VH.
784 1023 828 1047 52.

90 1067 118 1085 A.
130 1067 156 1086 n.
176 1057 296 1086 Maxima
311 1066 499 1097 perpetrarunt
514 1060 584 1088 mala
595 1084 601 1096 a
618 1061 651 1088 ab
666 1061 792 1090 ebrietate
806 1071 830 1091 et

88 1101 211 1129 ciborum
235 1101 340 1130 deliciis
369 1103 395 1131 in
430 1103 597 1142 iniquitatem
616 1106 737 1144 projecti.
770 1114 828 1136 ΥΙΙ.

89 1150 152 1173 194.
167 1157 193 1173 Α.
209 1142 313 1181 Judaei‘,
331 1158 394 1175 cura
409 1154 434 1175 et
453 1147 554 1176 honore
568 1149 652 1181 culti,
670 1151 830 1179 contrariam

86 1188 175 1217 vicem
197 1189 355 1227 rependunt.
384 1198 438 1219 vu.
466 1196 528 1219 598.
554 1202 582 1220 1).
612 1194 651 1221 De
679 1193 831 1231 patriarcba

86 1232 223 1260 Abraham
238 1234 444 1272 superbiebant,
463 1234 509 1262 sed
524 1242 633 1273 propter
645 1237 729 1264 malos
745 1247 831 1266 mores

86 1276 190 1314 indigni
207 1284 282 1305 erant
301 1277 348 1305 illa
368 1277 468 1305 familia
489 1285 513 1305 et
533 1289 638 1316 genere.
657 1287 701 1308 lv.
721 1285 784 1309 361.
802 1293 828 1311 a.

84 1320 162 1348 Nihil
180 1320 216 1348 eis
236 1320 337 1359 profuit
359 1321 539 1349 Abrahamica
559 1323 681 1361 cognatio
702 1325 826 1353 carnalis.

85 1370 144 1392 vn.
162 1369 225 1392 509.
243 1375 271 1392 n.
286 1365 388 1393 Eorum
405 1376 484 1404 opera
497 1366 610 1395 Abrahae
625 1369 752 1406 operibus
765 1379 830 1398 eon-

83 1408 173 1435 traria.
185 1415 242 1436 xn.
255 1412 320 1437 366.
336 1419 363 1437 1).
379 1419 407 1438 E.
422 1409 509 1438 Judaei
522 1410 588 1438 dura
602 1411 713 1441 cervice.
730 1420 749 1441 Ι.
760 1418 826 1442 718.

83 1462 108 1479 1³.
129 1456 195 1480 719.
226 1452 397 1481 incurabiles.
416 1460 474 1481 VII.
494 1458 559 1482 767.
575 1465 600 1481 c.
623 1455 829 1485 Pcrmanserunt

82 1495 109 1522 in
129 1495 240 1523 malitia.
260 1503 305 1524 Vl.
329 1501 392 1527 283,
419 1507 448 1525 n.
471 1497 584 1525 Illorum
600 1498 753 1528 obstinatio.
771 1507 826 1530 Vll.

83 1544 146 1568 122.
167 1544 230 1568 123.
255 1540 412 1579 pertinacia.
434 1548 491 1569 VH.
515 1546 579 1569 187.
604 1553 631 1571 E.
653 1554 678 1571 A.
702 1542 824 1572 durities.

81 1589 139 1611 vit.
157 1587 220 1611 758.
240 1595 266 1612 Α.
289 1583 376 1613 Judaei
394 1595 474 1622 quam
489 1584 590 1619 miseri,
609 1596 702 1622 quare.
720 1594 740 1615 Ι.
758 1592 823 1616 718.

80 1637 109 1656 n.
130 1637 156 1654 E.
180 1628 287 1662 Quanta
310 1627 419 1656 adversa
443 1628 513 1666 passi
536 1628 589 1656 sint
616 1637 724 1668 propter
749 1641 826 1660 suam

79 1670 291 1708 improbitatem.
311 1678 344 1699 V.
363 1676 425 1699 380.
446 1683 474 1699 E.
498 1673 554 1700 Cur
568 1673 598 1707 ii,
614 1673 659 1710 qui
678 1674 826 1704 Sodomitis

78 1714 176 1742 scelere
201 1725 276 1753 pares
298 1722 373 1743 erant
388 1737 395 1749 ‚
422 1726 473 1744 non
495 1716 570 1755 paria
592 1717 662 1754 passi
685 1717 747 1745 sint.
776 1725 821 1747 Vl.

78 1762 142 1786 555.
162 1768 188 1786 E.
209 1758 287 1787 Nihil
309 1759 479 1788 emolumenti
494 1770 527 1788 ex
543 1760 680 1788 miraculis
694 1771 823 1801 percepe-

78 1808 143 1830 runt
158 1802 192 1829 ad
207 1802 332 1829 salutem.
350 1809 371 1830 1.
387 1807 436 1830 701
456 1814 482 1831 A.
499 1809 532 1830 Y.
548 1807 613 1831 223.
628 1813 655 1833 Ε.

117 1845 225 1875 Judaici
245 1846 340 1884 populi
361 1846 455 1874 electio
472 1857 486 1874 a
503 1847 560 1875 Deo
578 1847 663 1879 sacta,
678 1858 768 1885 quare.
785 1856 818 1878 v.

76 1893 142 1918 460.
165 1900 190 1917 c.
211 1900 240 1919 1).
263 1894 326 1917 461.
350 1891 406 1918 Deo
428 1900 532 1928 semper
553 1890 773 1920 adversabantur.
796 1900 817 1922 1.

75 1937 141 1961 757.
158 1943 185 1960 Γ..
204 1933 312 1971 Quanta
331 1933 382 1960 Dei
397 1933 567 1971 providentia
584 1934 751 1964 fruebantur.
770 1944 816 1966 111.

75 1980 140 2004 546.
161 1986 189 2005 D.
210 1986 238 2004 E.
263 1980 326 2004 547.
347 1976 396 2004 Dei
417 1987 478 2014 erga
494 1977 604 2006 Judaeos
621 1977 815 2017 benevolentia,

73 2029 156 2054 cura,
182 2019 347 2058 providentia
363 2041 370 2054 ‚
399 2020 514 2049 affectio.
541 2028 574 2049 V.
603 2026 668 2050 461.
696 2024 768 2058 Quot
792 2032 817 2053 et

74 2069 173 2100 quanta
196 2063 324 2091 beneficia
344 2062 399 2091 illis
419 2064 571 2093 contulerit.
594 2072 627 2093 v.
650 2070 712 2095 581.
735 2078 762 2095 D.
788 2079 814 2097 E.

72 2107 154 2134 etiam
169 2106 290 2145 ingratis.
307 2113 352 2136 VI.
372 2111 437 2135 283.
458 2118 485 2135 Ε.
509 2108 661 2146 Aliquando
677 2111 703 2138 in
719 2111 816 2141 adver-

72 2151 109 2179 sis
119 2161 162 2178 cos
174 2151 258 2179 multo
269 2157 388 2189 tempore
400 2151 578 2189 relinquebat,
590 2160 619 2181 ut
630 2153 734 2184 liberati
746 2163 815 2195 post-

71 2204 113 2229 ea,
132 2204 224 2222 eorum
244 2205 374 2223 memores
396 2201 421 2223 et
442 2202 517 2233 grato
539 2196 628 2224 animo
651 2206 735 2227 essent
752 2210 813 2238 erga

71 2238 233 2266 beneficum.
254 2245 299 2267 VI.
321 2243 366 2267 88.
390 2249 417 2268 0.
438 2250 465 2269 1).
490 2245 536 2269 89.
562 2240 719 2278 Antiquitus
742 2244 813 2271 Deus

69 2281 127 2310 dux
149 2289 204 2310 erat
226 2283 369 2311 bellorum.
387 2290 421 2311 11.
439 2288 503 2311 171.
519 2294 547 2313 A.
569 2285 629 2313 Non
644 2296 676 2313 ex
692 2287 813 2325 eorporis

69 2325 239 2363 infirmitate,
254 2325 298 2354 sed
315 2332 424 2364 propter
438 2334 542 2365 peccata
557 2328 748 2366 vincebantur3
765 2341 812 2359 nec

69 2369 186 2408 potcntia
201 2377 226 2398 et
241 2369 409 2405 fortitudine,
437 2370 482 2398 sed
496 2381 611 2409 superna
626 2372 810 2402 benevolentia

70 2415 229 2449 vincebant,
251 2414 474 2453 quandocumque
490 2415 642 2446 vincebant.
663 2419 706 2446 [b.
723 2418 811 2447 Judaei

69 2459 178 2492 miseri,
194 2459 257 2497 qnia
273 2458 354 2487 missa
369 2458 420 2487 sibi
444 2459 511 2487 bona
532 2460 582 2498 ipsi
603 2461 768 2499 repulerunt.
787 2470 807 2491 Ι.

66 2507 131 2533 718,
158 2513 182 2530 Ε.
205 2515 229 2532 Α.
245 2502 334 2533 Judaei
359 2503 499 2531 crassiores
513 2511 596 2541 erant,
612 2515 660 2533 nec
675 2506 782 2534 omnino
795 2517 809 2533 a

69 2546 141 2574 cultu
156 2545 289 2574 idolorum
305 2546 396 2574 liberi.
414 2553 445 2573 v.
463 2551 525 2575 268.
545 2559 569 2576 Β.

107 2590 194 2618 luda-i
210 2598 260 2618 tres
280 2590 421 2619 servitutes
442 2591 612 2627 gravissimas
628 2592 804 2630 pertulerunt.

1568 217 1611 251 ἒς)
1628 218 1636 239 1

894 275 914 296 1.
930 272 995 296 775.
1013 278 1035 297 n.
1049 279 1113 308 sqq.
1131 270 1158 298 in
1173 270 1306 309 AEgypw,
1323 272 1350 300 in
1370 273 1517 312 Babylone,
1535 282 1554 305 1.
1573 282 1638 305 776.

892 318 991 350 sqq.ct
1006 312 1056 340 sub
1070 313 1211 342 Antiocho.
1231 322 1251 343 Ι.
1267 321 1332 344 779.
1348 326 1374 345 0.
1392 326 1457 355 sqq.
1470 318 1534 346 Illas
1549 329 1640 349 ornnes

892 355 1061 393 captivitates
1085 357 1276 395 praenuntiarat
1302 360 1374 388 Deus
1398 370 1444 398 per
1469 371 1498 389 os
1521 363 1637 401 prophe·

892 404 989 429 tarum.
1015 407 1035 428 1.
1060 406 1125 430 775.
1151 413 1174 430 1³.
1193 407 1259 430 776.
1278 403 1346 432 Tres
1360 404 1467 432 fuerunt
1484 405 1639 436 Judaeorum

891 443 1144 481 transmigrationes.
1164 452 1196 473 V.
1215 451 1277 474 424.
1299 458 1326 475 D.
1349 449 1489 477 Annorum
1506 450 1641 487 quadrin-

891 492 1030 523 gentorum
1047 487 1098 515 suit
1112 487 1271 527 AEgyptiaca
1281 491 1406 519 servitus.
1424 499 1442 520 Ι.
1455 498 1521 522 776.
1539 504 1567 523 C.
1586 494 1640 522 Cur

891 529 1040 567 permiserit
1062 532 1134 559 Deus
1158 539 1186 560 ut
1203 532 1291 561 Judaei
1314 541 1367 562 tam
1390 536 1484 564 acerbe
1499 536 1532 564 al)
1550 536 1637 575 AEgy-

890 573 953 611 ptiis
967 574 1159 613 acciperentur.
1176 583 1208 603 ΙΙ.
1226 582 1271 605 91.
1289 589 1315 605 Α.
1335 578 1407 613 Quot
1423 579 1559 608 beneficiis
1576 581 1637 609 illos

889 617 1005 646 affecerit
1022 618 1055 646 de
1072 620 1192 658 AEgypto
1206 621 1383 659 egredientes.
1403 630 1449 653 111.
1466 628 1530 652 547.
1544 624 1637 662 Quare

889 667 927 689 tot
947 662 1069 701 prodigia
1089 664 1143 691 illis
1174 671 1237 692 tunc
1255 666 1410 695 acciderint.
1434 675 1478 696 111.
1499 672 1562 696 548.
1581 669 1637 697 Ve-

887 713 1036 734 rumtamen
1046 714 1104 745 post
1116 707 1265 736 ineffabilia
1279 710 1323 737 illa
1337 710 1476 748 beneficia,
1489 718 1548 750 post
1562 719 1636 740 tanta

888 750 1034 786 miracula,
1057 751 1174 779 vitulum
1198 751 1392 789 adoraverunt,
1414 762 1440 783 et
1459 763 1539 794 capnt
1558 756 1636 784 bovis

887 793 1035 823 coluerunt.
1054 802 1101 824 111.
1119 799 1183 824 5¹18.
1201 807 1227 824 A.
1249 796 1395 826 Pecearunt
1415 799 1503 827 Judaei
1522 810 1615 827 omncs
1627 822 1633 833 ,

885 844 910 865 ct
925 838 1031 866 suerunt
1050 839 1217 878 idololatr-ac3
1240 850 1320 877 quare
1332 851 1364 869 ex
1382 841 1435 870 illis
1456 843 1504 870 alii
1520 843 1633 880 quidem

885 881 973 919 puniti
995 882 1047 910 sint
1060 905 1067 917 ‚
1083 882 1130 910 alii
1153 893 1216 911 vero
1232 884 1337 912 veniam
1353 885 1406 913 sint
1426 886 1575 923 assequuti.
1596 894 1630 915 V.

886 930 932 955 49.
953 937 976 953 11.
994 937 1020 955 c.
1038 926 1227 955 Febricitantis
1247 935 1320 956 erant
1341 929 1437 957 animm
1460 930 1634 968 aegritudine-

883 979 935 1006 que
947 969 1087 1005 eonsectae,
1108 980 1169 998 cum
1188 970 1251 998 deos
1275 972 1411 1010 petebant.
1426 980 1460 1002 V.
1477 978 1521 1002 12.
1536 984 1564 1002 D.
1579 975 1633 1003 Ju-

884 1013 936 1041 daei
952 1013 986 1041 ab
1007 1014 1146 1052 JEgyptiis
1168 1014 1293 1051 liberati,
1315 1017 1433 1053 graviori
1455 1017 1526 1045 bello
1548 1028 1634 1046 vexa-

884 1056 991 1094 bantur,
1010 1057 1161 1095 arrogantia
1180 1065 1204 1086 et
1224 1059 1356 1087 socordia.
1376 1067 1407 1088 V.
1421 1065 1485 1090 123.
1498 1071 1526 1089 D.
1544 1061 1631 1100 AEgy-

884 1100 1001 1138 ptiorum
1016 1100 1076 1128 vitia
1086 1101 1291 1139 mundabantur,
1304 1114 1361 1140 quae
1371 1103 1431 1132 illos
1442 1104 1630 1143 perdiderunt.

883 1145 928 1172 lb.
946 1144 989 1172 Ab
1004 1154 1110 1182 egressu
1126 1156 1159 1173 ex
1175 1146 1297 1185 AEgypto
1313 1147 1347 1175 ad
1362 1147 1500 1176 Christum
1513 1149 1588 1177 mille
1606 1156 1632 1177 et

883 1187 1043 1225 quingentos
1056 1198 1138 1216 annos
1155 1196 1276 1217 numerat
1295 1190 1512 1229 Chrysostomus.
1530 1199 1562 1220 v.
1581 1198 1627 1222 99.

883 1242 909 1259 Α.
921 1242 946 1259 Β.
957 1231 1127 1269 Babylonicae
1140 1232 1276 1261 servitutis
1291 1233 1408 1263 minimae
1422 1235 1501 1263 etiam
1511 1237 1628 1265 circum-

883 1274 984 1302 stantiae
1002 1273 1104 1303 Judoeis
1119 1276 1301 1313 praenuntiata)
1316 1277 1429 1306 fuerant.
1443 1286 1464 1308 Ι.
1483 1285 1548 1308 776.
1563 1291 1627 1320 sqq.

883 1319 1014 1354 Quantas,
1030 1318 1056 1346 in
1074 1318 1209 1357 Babylone
1226 1321 1317 1358 positi7
1331 1322 1364 1349 ad
1381 1323 1466 1351 Deum
1483 1334 1571 1361 preces
1585 1325 1626 1352 ef-

883 1362 1046 1397 fundebant,
1063 1369 1116 1390 uta
1131 1365 1288 1401 captivitate
1303 1365 1492 1394 liberarentur.
1519 1374 1537 1395 t.
1561 1373 1625 1396 777.

881 1416 945 1444 sqq.
964 1405 1060 1433 Daniel
1083 1405 1199 1433 maxime
1220 1407 1307 1434 Deum
1330 1409 1477 1447 propitium
1495 1409 1624 1439 reddidit.

881 1456 902 1477 1.
926 1454 991 1479 779,
1025 1459 1050 1478 B.
1081 1449 1153 1476 Inter
1184 1449 1349 1488 Babylonios
1376 1461 1569 1482 commorantes
1594 1465 1626 1484 ne

881 1493 993 1531 psallere
1006 1493 1115 1530 quidem
1130 1493 1273 1523 audebant.
1296 1502 1316 1523 1.
1339 1500 1404 1524 710.
1422 1498 1548 1536 Jejuuare
1561 1505 1624 1528 tunc

879 1537 934 1565 illis
948 1547 999 1565 non
1023 1537 1130 1564 licebat.
1155 1538 1199 1564 lb.
1226 1538 1397 1576 Captivitatis
1420 1540 1489 1568 bono
1504 1541 1624 1571 vitarunt

879 1580 1073 1610 idololatriam.
1093 1587 1125 1609 V.
1149 1585 1213 1611 413.
1238 1592 1263 1610 e.
1292 1582 1379 1611 Judaei
1404 1584 1485 1612 crassi
1507 1591 1531 1612 et
1547 1592 1622 1614 terrae

878 1625 965 1659 affixi,
978 1625 1012 1653 ab
1028 1624 1172 1653 afflictione
1184 1624 1346 1663 captivitatis
1359 1626 1420 1655 boui
1434 1627 1583 1657 evadebant
1596 1637 1622 1658 et

878 1668 911 1696 ad
929 1669 1025 1697 coelum
1045 1668 1234 1707 respiciebant.
1253 1675 1280 1696 V.
1296 1674 1360 1697 401.
1376 1680 1403 1698 D.
1424 1671 1510 1699 Jndaei
1524 1683 1537 1700 a
1553 1672 1620 1701 diu-

877 1719 954 1740 turna
971 1711 1127 1750 captivitate
1144 1711 1259 1748 reversi,
1280 1723 1312 1740 ne
1332 1714 1464 1752 templum
1483 1716 1619 1745 instaura-

875 1762 934 1784 rent
948 1766 963 1783 a
978 1756 1074 1783 vicinis
1090 1755 1312 1794 prohibebantur,
1332 1756 1378 1785 sed
1401 1758 1508 1787 frustra.
1529 1767 1549 1788 Ι.
1570 1765 1616 1789 54.

876 1799 1206 1837 55.Judaeis‚gravissinm
1219 1799 1301 1837 passis
1315 1800 1341 1828 in
1352 1800 1513 1839 AEgypto‚in
1522 1803 1617 1843 Baby—

874 1843 934 1871 lone
945 1851 970 1872 ct
986 1844 1036 1871 sul)
1056 1843 1187 1872 Antiocho
1204 1844 1293 1882 primo
1305 1866 1312 1879 ‚
1338 1844 1416 1883 longe
1429 1845 1470 1873 his
1482 1848 1616 1885 asperiora

873 1888 1028 1916 acciderunt
1040 1889 1091 1916 sub
1103 1888 1270 1926 Vespasiano
1282 1895 1307 1916 et
1322 1888 1395 1918 Tito.
1413 1896 1470 1918 vn.
1484 1894 1547 1919 520.
1564 1902 1589 1920 c.

912 1932 999 1962 Judaei
1017 1932 1106 1971 Moysi
1130 1938 1155 1960 et
1175 1931 1227 1970 legi
1246 1942 1350 1970 semper
1367 1933 1548 1963 adversantes.
1565 1943 1612 1966 IX.

873 1981 936 2006 146.
960 1987 986 2005 ε.
1012 1976 1102 2015 Moysi
1123 1986 1174 2004 non
1197 1975 1350 2005 credebant.
1373 1984 1443 2005 ΠΙΙ.
1465 1982 1529 2006 282.
1546 1984 1611 2008 283.

870 2022 959 2056 Quam
979 2020 1078 2058 ingrati
1094 2030 1157 2058 erga
1179 2020 1303 2058 Moysen.
1321 2027 1340 2049 1.
1356 2025 1419 2048 256.
1437 2026 1501 2049 257.
1526 2023 1571 2051 Illi
1585 2035 1614 2053 se

869 2064 976 2093 credere
986 2063 1091 2098 dicunt,
1101 2071 1125 2091 et
1137 2063 1312 2093 mentiuntur.
1325 2071 1370 2092 lv.
1384 2069 1448 2093 750.
1462 2077 1488 2093 Ε.
1502 2078 1527 2095 A.
1540 2066 1611 2106 Erga

868 2107 1010 2146 prophetas
1032 2106 1129 2145 ingrati
1150 2107 1254 2135 suerunt
1273 2114 1297 2135 et
1318 2107 1430 2145 stupidi.
1457 2116 1477 2137 Ι.
1496 2115 1561 2139 744.
1578 2121 1607 2139 c.

868 2153 960 2187 Quare
979 2152 1032 2180 illis
1051 2162 1127 2179 aures
1147 2161 1198 2178 non
1217 2150 1378 2189 praebebant.
1404 2158 1435 2181 V.
1455 2157 1518 2182 274.
1535 2164 1561 2182 c.
1577 2166 1607 2184 n.

867 2202 932 2226 275.
949 2197 1104 2227 Judaeorum
1115 2206 1199 2235 reges,
1218 2196 1379 2224 instantibus
1394 2197 1483 2232 matis,
1494 2199 1529 2227 ad
1541 2210 1608 2238 pro-

866 2242 959 2281 pbetas
972 2240 1171 2277 confugiebant.
1188 2246 1209 2267 Ι.
1228 2243 1292 2268 146.
1311 2249 1336 2267 Α.
1355 2245 1419 2270 147.
1437 2241 1492 2269 Cur
1505 2243 1608 2272 Jndaeis

866 2284 979 2313 obscure
994 2293 1106 2321 raroque
1122 2282 1207 2311 Filius
1222 2282 1271 2310 Dci
1287 2293 1301 2310 a
1316 2284 1453 2322 prophetis
1468 2285 1606 2324 significa-

868 2335 950 2356 retur.
967 2335 988 2356 Ι.
1003 2332 1067 2357 593.
1083 2338 1110 2355 D.
1122 2326 1241 2361 Judaeus‚
1252 2326 1365 2356 sublatis
1378 2327 1411 2356 de
1422 2328 1528 2358 Christo
1541 2341 1605 2368 pro-

864 2372 979 2410 phetiis,
1001 2371 1144 2399 maximam
1161 2370 1255 2398 evertit
1274 2377 1375 2409 partem
1391 2372 1604 2410 prophetiarum.

866 2422 898 2445 V.
912 2420 960 2444 301
970 2439 976 2445 .
992 2426 1018 2443 Ε.
1032 2414 1174 2444 Judaicam
1187 2413 1316 2442 vilitatem
1329 2422 1447 2453 spectant
1460 2415 1605 2455 1031511110-

864 2466 950 2497 cepta.
970 2466 1016 2488 lx.
1034 2464 1094 2487 100.
1111 2468 1139 2486 n.
1156 2456 1243 2486 Judaei
1258 2467 1305 2485 nec
1321 2465 1466 2493 noverant,
1485 2469 1532 2487 nec
1550 2470 1605 2488 ser-

863 2503 963 2531 vabant
978 2503 1073 2541 legem.
1092 2507 1161 2530 Vlll.
1187 2504 1251 2528 350.
1273 2512 1296 2529 B.
1320 2508 1366 2529 lx.
1391 2506 1454 2530 162.
1476 2514 1504 2530 r..
1526 2503 1604 2531 Illam

863 2547 1063 2576 conculcabant.
1088 2553 1107 2574 1.
1128 2549 1182 2573 718
1215 2556 1240 2573 Α.
1264 2545 1324 2573 Jam
1339 2555 1352 2572 a
1372 2545 1505 2584 principio
1525 2546 1602 2575 insti-

863 2598 916 2619 tuta
942 2591 1084 2620 solverant.
1112 2590 1155 2617 Ib,
1185 2589 1291 2623 Quanta
1315 2589 1352 2617 eis
1378 2589 1549 2619 inconstantia
1575 2591 1600 2619 in
