<?xml version="1.0" encoding="UTF-8"?>
<!DOCTYPE html PUBLIC "-//W3C//DTD XHTML 1.0 Transitional//EN"
    "http://www.w3.org/TR/xhtml1/DTD/xhtml1-transitional.dtd">
<html xmlns="http://www.w3.org/1999/xhtml" xml:lang="en" lang="en">
 <head>
  <title>
</title>
<meta http-equiv="Content-Type" content="text/html;charset=utf-8" />
  <meta name='ocr-system' content='tesseract 3.04.00' />
  <meta name='ocr-capabilities' content='ocr_page ocr_carea ocr_par ocr_line ocrx_word'/>
</head>
<body>
  <div class='ocr_page' id='page_1' title='image "./operaomniaquaeex13johnuoft_0210.png"; bbox 0 0 1950 2922; ppageno 0'>
   <div class='ocr_carea' id='block_1_1' title="bbox 73 268 215 327">
    <p class='ocr_par' dir='ltr' id='par_1_1' title="bbox 73 268 215 327">
     <span class='ocr_line' id='line_1_1' title="bbox 101 268 215 297; baseline 0.026 -11"><span class='ocrx_word' id='word_1_1' title='bbox 101 268 215 297; x_wconf 73' lang='lat' dir='ltr'>(hrysost.</span> 
     </span>
     <span class='ocr_line' id='line_1_2' title="bbox 73 298 214 327; baseline 0.014 -8"><span class='ocrx_word' id='word_1_2' title='bbox 73 303 89 320; x_wconf 84' lang='lat' dir='ltr'>t.</span> <span class='ocrx_word' id='word_1_3' title='bbox 100 298 214 327; x_wconf 65' lang='lat' dir='ltr'>&#39;G.1=.518.</span> 
     </span>
    </p>
   </div>
   <div class='ocr_carea' id='block_1_2' title="bbox 84 1371 206 1399">
    <p class='ocr_par' dir='ltr' id='par_1_2' title="bbox 84 1371 206 1399">
     <span class='ocr_line' id='line_1_3' title="bbox 84 1371 206 1399; baseline 0.016 -9"><span class='ocrx_word' id='word_1_4' title='bbox 84 1371 165 1392; x_wconf 65' lang='lat' dir='ltr'>mltad.</span> <span class='ocrx_word' id='word_1_5' title='bbox 183 1379 206 1399; x_wconf 81' lang='lat' dir='ltr'>p.</span> 
     </span>
    </p>
   </div>
   <div class='ocr_carea' id='block_1_3' title="bbox 68 1508 206 1566">
    <p class='ocr_par' dir='ltr' id='par_1_3' title="bbox 68 1508 206 1566">
     <span class='ocr_line' id='line_1_4' title="bbox 101 1508 206 1536; baseline -0.01 -8"><span class='ocrx_word' id='word_1_6' title='bbox 101 1508 178 1536; x_wconf 70' lang='lat' dir='ltr'>Chrys.</span> <span class='ocrx_word' id='word_1_7' title='bbox 191 1512 206 1527; x_wconf 82' lang='lat' dir='ltr'>t.</span> 
     </span>
     <span class='ocr_line' id='line_1_5' title="bbox 68 1538 191 1566; baseline 0 -6"><span class='ocrx_word' id='word_1_8' title='bbox 68 1538 90 1560; x_wconf 88' lang='grc'>3.</span> <span class='ocrx_word' id='word_1_9' title='bbox 103 1547 122 1566; x_wconf 75' lang='lat' dir='ltr'>p.</span> <span class='ocrx_word' id='word_1_10' title='bbox 137 1539 191 1561; x_wconf 77' lang='lat'>518.</span> 
     </span>
    </p>
   </div>
   <div class='ocr_carea' id='block_1_4' title="bbox 95 2153 212 2175">
    <p class='ocr_par' dir='ltr' id='par_1_4' title="bbox 95 2153 212 2175">
     <span class='ocr_line' id='line_1_6' title="bbox 95 2153 212 2175; baseline 0.017 -2"><span class='ocrx_word' id='word_1_11' title='bbox 95 2155 182 2175; x_wconf 61' lang='lat' dir='ltr'>Statim.</span> <span class='ocrx_word' id='word_1_12' title='bbox 196 2153 212 2175; x_wconf 75' lang='lat' dir='ltr'>l·</span> 
     </span>
    </p>
   </div>
   <div class='ocr_carea' id='block_1_5' title="bbox 71 2185 178 2214">
    <p class='ocr_par' dir='ltr' id='par_1_5' title="bbox 71 2185 178 2214">
     <span class='ocr_line' id='line_1_7' title="bbox 71 2185 178 2214; baseline 0.019 -9"><span class='ocrx_word' id='word_1_13' title='bbox 71 2185 94 2205; x_wconf 71' lang='lat'>8.</span> <span class='ocrx_word' id='word_1_14' title='bbox 107 2194 126 2206; x_wconf 77' lang='lat' dir='ltr'>c.</span> <span class='ocrx_word' id='word_1_15' title='bbox 145 2192 178 2214; x_wconf 78' lang='lat'>19.</span> 
     </span>
    </p>
   </div>
   <div class='ocr_carea' id='block_1_6' title="bbox 234 192 734 238">
    <p class='ocr_par' dir='ltr' id='par_1_6' title="bbox 234 192 734 238">
     <span class='ocr_line' id='line_1_8' title="bbox 234 192 734 238; baseline 0.002 -13"><span class='ocrx_word' id='word_1_16' title='bbox 234 192 298 238; x_wconf 77' lang='lat'>¹78</span> <span class='ocrx_word' id='word_1_17' title='bbox 705 205 734 226; x_wconf 84' lang='lat' dir='ltr'>s.</span> 
     </span>
    </p>
   </div>
   <div class='ocr_carea' id='block_1_7' title="bbox 216 263 966 2639">
    <p class='ocr_par' dir='ltr' id='par_1_7' title="bbox 221 263 963 897">
     <span class='ocr_line' id='line_1_9' title="bbox 227 263 963 303; baseline -0.001 -11"><span class='ocrx_word' id='word_1_18' title='bbox 227 264 390 293; x_wconf 76' lang='lat' dir='ltr'>deturbaret.</span> <span class='ocrx_word' id='word_1_19' title='bbox 405 267 506 294; x_wconf 83' lang='lat' dir='ltr'>Verum</span> <span class='ocrx_word' id='word_1_20' title='bbox 530 272 616 294; x_wconf 82' lang='lat' dir='ltr'>tamen</span> <span class='ocrx_word' id='word_1_21' title='bbox 637 272 675 293; x_wconf 86' lang='lat' dir='ltr'>est</span> <span class='ocrx_word' id='word_1_22' title='bbox 696 265 917 303; x_wconf 76' lang='lat' dir='ltr'>Chrysostomum</span> <span class='ocrx_word' id='word_1_23' title='bbox 937 263 963 291; x_wconf 94' lang='lat' dir='ltr'>in</span> 
     </span>
     <span class='ocr_line' id='line_1_10' title="bbox 227 309 962 350; baseline -0.004 -11"><span class='ocrx_word' id='word_1_24' title='bbox 227 310 336 350; x_wconf 77' lang='lat' dir='ltr'>epistola</span> <span class='ocrx_word' id='word_1_25' title='bbox 352 311 384 339; x_wconf 88' lang='lat' dir='ltr'>ad</span> <span class='ocrx_word' id='word_1_26' title='bbox 398 312 579 340; x_wconf 80' lang='lat' dir='ltr'>Innocentium</span> <span class='ocrx_word' id='word_1_27' title='bbox 606 311 694 339; x_wconf 77' lang='lat' dir='ltr'>dicere</span> <span class='ocrx_word' id='word_1_28' title='bbox 715 321 758 345; x_wconf 65' lang='lat' dir='ltr'>se,</span> <span class='ocrx_word' id='word_1_29' title='bbox 776 316 917 348; x_wconf 74' lang='lat' dir='ltr'>postquam</span> <span class='ocrx_word' id='word_1_30' title='bbox 937 309 962 337; x_wconf 92' lang='lat' dir='ltr'>in</span> 
     </span>
     <span class='ocr_line' id='line_1_11' title="bbox 225 356 962 394; baseline -0.004 -9"><span class='ocrx_word' id='word_1_31' title='bbox 225 356 313 385; x_wconf 83' lang='lat' dir='ltr'>sedem</span> <span class='ocrx_word' id='word_1_32' title='bbox 327 368 400 384; x_wconf 81' lang='lat' dir='ltr'>suain</span> <span class='ocrx_word' id='word_1_33' title='bbox 423 358 558 384; x_wconf 77' lang='lat' dir='ltr'>restitutus</span> <span class='ocrx_word' id='word_1_34' title='bbox 581 363 629 392; x_wconf 86' lang='lat' dir='ltr'>cst,</span> <span class='ocrx_word' id='word_1_35' title='bbox 646 357 679 383; x_wconf 86' lang='lat' dir='ltr'>ab</span> <span class='ocrx_word' id='word_1_36' title='bbox 696 356 857 394; x_wconf 74' lang='lat' dir='ltr'>Imperatore</span> <span class='ocrx_word' id='word_1_37' title='bbox 870 362 962 393; x_wconf 86' lang='lat' dir='ltr'>postu-</span> 
     </span>
     <span class='ocr_line' id='line_1_12' title="bbox 226 401 963 441; baseline -0.004 -11"><span class='ocrx_word' id='word_1_38' title='bbox 226 403 301 432; x_wconf 83' lang='lat' dir='ltr'>lasse.</span> <span class='ocrx_word' id='word_1_39' title='bbox 315 410 342 430; x_wconf 89' lang='lat' dir='ltr'>ut</span> <span class='ocrx_word' id='word_1_40' title='bbox 353 402 492 441; x_wconf 74' lang='lat' dir='ltr'>Synodion</span> <span class='ocrx_word' id='word_1_41' title='bbox 508 408 620 437; x_wconf 68' lang='lat' dir='ltr'>cogeret,</span> <span class='ocrx_word' id='word_1_42' title='bbox 635 401 678 429; x_wconf 85' lang='lat' dir='ltr'>ubi</span> <span class='ocrx_word' id='word_1_43' title='bbox 695 401 728 428; x_wconf 77' lang='lat' dir='ltr'>de</span> <span class='ocrx_word' id='word_1_44' title='bbox 743 412 788 429; x_wconf 84' lang='lat' dir='ltr'>sua</span> <span class='ocrx_word' id='word_1_45' title='bbox 799 411 876 429; x_wconf 77' lang='lat' dir='ltr'>causa</span> <span class='ocrx_word' id='word_1_46' title='bbox 889 401 963 439; x_wconf 84' lang='lat' dir='ltr'>judi-</span> 
     </span>
     <span class='ocr_line' id='line_1_13' title="bbox 226 447 963 485; baseline -0.001 -9"><span class='ocrx_word' id='word_1_47' title='bbox 226 455 328 476; x_wconf 85' lang='lat' dir='ltr'>earetur</span> <span class='ocrx_word' id='word_1_48' title='bbox 342 460 347 475; x_wconf 80' lang='lat' dir='ltr'><em>z</em></span> <span class='ocrx_word' id='word_1_49' title='bbox 362 455 386 476; x_wconf 91' lang='lat' dir='ltr'>ct</span> <span class='ocrx_word' id='word_1_50' title='bbox 404 458 463 476; x_wconf 79' lang='lat' dir='ltr'>cunt</span> <span class='ocrx_word' id='word_1_51' title='bbox 484 447 516 475; x_wconf 84' lang='lat' dir='ltr'>ad</span> <span class='ocrx_word' id='word_1_52' title='bbox 533 447 606 475; x_wconf 84' lang='lat' dir='ltr'>illam</span> <span class='ocrx_word' id='word_1_53' title='bbox 621 447 766 485; x_wconf 83' lang='lat' dir='ltr'>cogendam</span> <span class='ocrx_word' id='word_1_54' title='bbox 792 447 963 485; x_wconf 87' lang='lat' dir='ltr'>linperatoris</span> 
     </span>
     <span class='ocr_line' id='line_1_14' title="bbox 225 493 962 532; baseline -0.003 -10"><span class='ocrx_word' id='word_1_55' title='bbox 225 494 308 522; x_wconf 63' lang='lat' dir='ltr'>literae</span> <span class='ocrx_word' id='word_1_56' title='bbox 330 494 355 521; x_wconf 93' lang='lat' dir='ltr'>in</span> <span class='ocrx_word' id='word_1_57' title='bbox 379 495 466 521; x_wconf 79' lang='lat' dir='ltr'>omnia</span> <span class='ocrx_word' id='word_1_58' title='bbox 490 494 546 521; x_wconf 85' lang='lat' dir='ltr'>loca</span> <span class='ocrx_word' id='word_1_59' title='bbox 575 493 762 530; x_wconf 84' lang='lat' dir='ltr'>mitterentur,</span> <span class='ocrx_word' id='word_1_60' title='bbox 779 493 962 532; x_wconf 83' lang='lat' dir='ltr'><strong>Theophilum</strong></span> 
     </span>
     <span class='ocr_line' id='line_1_15' title="bbox 226 539 961 573; baseline -0.001 -6"><span class='ocrx_word' id='word_1_61' title='bbox 226 540 294 567; x_wconf 82' lang='lat' dir='ltr'>male</span> <span class='ocrx_word' id='word_1_62' title='bbox 307 539 358 567; x_wconf 83' lang='lat' dir='ltr'>sihi</span> <span class='ocrx_word' id='word_1_63' title='bbox 371 539 520 573; x_wconf 78' lang='lat' dir='ltr'>conscium,</span> <span class='ocrx_word' id='word_1_64' title='bbox 538 539 626 567; x_wconf 81' lang='lat' dir='ltr'>inedia</span> <span class='ocrx_word' id='word_1_65' title='bbox 639 546 729 572; x_wconf 81' lang='lat' dir='ltr'>noete,</span> <span class='ocrx_word' id='word_1_66' title='bbox 747 549 887 567; x_wconf 81' lang='lat' dir='ltr'>conscensa</span> <span class='ocrx_word' id='word_1_67' title='bbox 901 539 961 567; x_wconf 84' lang='lat' dir='ltr'>navi</span> 
     </span>
     <span class='ocr_line' id='line_1_16' title="bbox 223 583 962 622; baseline 0 -11"><span class='ocrx_word' id='word_1_68' title='bbox 223 594 283 611; x_wconf 82' lang='lat' dir='ltr'>euin</span> <span class='ocrx_word' id='word_1_69' title='bbox 297 584 352 611; x_wconf 84' lang='lat' dir='ltr'>suis</span> <span class='ocrx_word' id='word_1_70' title='bbox 363 584 508 621; x_wconf 74' lang='lat' dir='ltr'>aufugisse.</span> <span class='ocrx_word' id='word_1_71' title='bbox 521 584 599 612; x_wconf 85' lang='lat' dir='ltr'>Unde</span> <span class='ocrx_word' id='word_1_72' title='bbox 611 584 733 622; x_wconf 67' lang='lat' dir='ltr'>consequi</span> <span class='ocrx_word' id='word_1_73' title='bbox 749 583 865 613; x_wconf 76' lang='lat' dir='ltr'>videtur.</span> <span class='ocrx_word' id='word_1_74' title='bbox 874 583 962 612; x_wconf 78' lang='lat' dir='ltr'>Theo-</span> 
     </span>
     <span class='ocr_line' id='line_1_17' title="bbox 223 629 962 668; baseline 0 -11"><span class='ocrx_word' id='word_1_75' title='bbox 223 630 328 668; x_wconf 87' lang='lat' dir='ltr'>philum</span> <span class='ocrx_word' id='word_1_76' title='bbox 343 636 401 668; x_wconf 86' lang='lat' dir='ltr'>post</span> <span class='ocrx_word' id='word_1_77' title='bbox 417 629 531 657; x_wconf 89' lang='lat' dir='ltr'>reditum</span> <span class='ocrx_word' id='word_1_78' title='bbox 543 631 652 659; x_wconf 75' lang='lat' dir='ltr'>Joannis</span> <span class='ocrx_word' id='word_1_79' title='bbox 675 630 776 667; x_wconf 79' lang='lat' dir='ltr'>aliquot</span> <span class='ocrx_word' id='word_1_80' title='bbox 788 630 884 658; x_wconf 86' lang='lat' dir='ltr'>diebus</span> <span class='ocrx_word' id='word_1_81' title='bbox 894 630 962 657; x_wconf 85' lang='lat' dir='ltr'>Cun-</span> 
     </span>
     <span class='ocr_line' id='line_1_18' title="bbox 222 676 962 714; baseline 0 -11"><span class='ocrx_word' id='word_1_82' title='bbox 222 676 393 714; x_wconf 81' lang='lat' dir='ltr'>stantinopoli</span> <span class='ocrx_word' id='word_1_83' title='bbox 408 676 545 711; x_wconf 81' lang='lat' dir='ltr'>mansisse,</span> <span class='ocrx_word' id='word_1_84' title='bbox 557 676 640 705; x_wconf 90' lang='lat' dir='ltr'>donee</span> <span class='ocrx_word' id='word_1_85' title='bbox 652 676 777 705; x_wconf 85' lang='lat' dir='ltr'>videlicet</span> <span class='ocrx_word' id='word_1_86' title='bbox 791 683 900 714; x_wconf 76' lang='lat' dir='ltr'>rogante</span> <span class='ocrx_word' id='word_1_87' title='bbox 914 677 962 705; x_wconf 90' lang='lat' dir='ltr'>Jo-</span> 
     </span>
     <span class='ocr_line' id='line_1_19' title="bbox 222 721 960 760; baseline 0.003 -12"><span class='ocrx_word' id='word_1_88' title='bbox 222 731 289 749; x_wconf 81' lang='lat' dir='ltr'>anne</span> <span class='ocrx_word' id='word_1_89' title='bbox 303 722 450 759; x_wconf 75' lang='lat' dir='ltr'>Imperator</span> <span class='ocrx_word' id='word_1_90' title='bbox 465 721 554 749; x_wconf 76' lang='lat' dir='ltr'>literas</span> <span class='ocrx_word' id='word_1_91' title='bbox 570 721 669 760; x_wconf 88' lang='lat' dir='ltr'>ubique</span> <span class='ocrx_word' id='word_1_92' title='bbox 683 722 754 750; x_wconf 84' lang='lat' dir='ltr'>misit</span> <span class='ocrx_word' id='word_1_93' title='bbox 768 722 802 750; x_wconf 82' lang='lat' dir='ltr'>ad</span> <span class='ocrx_word' id='word_1_94' title='bbox 819 721 960 760; x_wconf 84' lang='lat' dir='ltr'>Synodum</span> 
     </span>
     <span class='ocr_line' id='line_1_20' title="bbox 224 766 962 805; baseline 0.001 -11"><span class='ocrx_word' id='word_1_95' title='bbox 224 766 380 805; x_wconf 78' lang='lat' dir='ltr'>cogendam.</span> <span class='ocrx_word' id='word_1_96' title='bbox 399 768 467 795; x_wconf 88' lang='lat' dir='ltr'>Cum</span> <span class='ocrx_word' id='word_1_97' title='bbox 479 777 541 805; x_wconf 82' lang='lat' dir='ltr'>ergo</span> <span class='ocrx_word' id='word_1_98' title='bbox 556 767 581 795; x_wconf 93' lang='lat' dir='ltr'>in</span> <span class='ocrx_word' id='word_1_99' title='bbox 595 767 778 804; x_wconf 83' lang='lat' dir='ltr'>concionibus,</span> <span class='ocrx_word' id='word_1_100' title='bbox 795 778 861 805; x_wconf 87' lang='lat' dir='ltr'>quas</span> <span class='ocrx_word' id='word_1_101' title='bbox 876 768 902 796; x_wconf 90' lang='lat' dir='ltr'>in</span> <span class='ocrx_word' id='word_1_102' title='bbox 917 767 962 796; x_wconf 83' lang='lat' dir='ltr'>die</span> 
     </span>
     <span class='ocr_line' id='line_1_21' title="bbox 223 812 961 851; baseline 0.003 -11"><span class='ocrx_word' id='word_1_103' title='bbox 223 812 323 840; x_wconf 88' lang='lat' dir='ltr'>reditus</span> <span class='ocrx_word' id='word_1_104' title='bbox 344 819 369 840; x_wconf 84' lang='lat' dir='ltr'>et</span> <span class='ocrx_word' id='word_1_105' title='bbox 390 813 519 851; x_wconf 86' lang='lat' dir='ltr'>postridie</span> <span class='ocrx_word' id='word_1_106' title='bbox 540 813 646 849; x_wconf 88' lang='lat' dir='ltr'>habuit,</span> <span class='ocrx_word' id='word_1_107' title='bbox 664 813 737 841; x_wconf 88' lang='lat' dir='ltr'>dicat</span> <span class='ocrx_word' id='word_1_108' title='bbox 757 813 880 842; x_wconf 88' lang='lat' dir='ltr'>inimicos</span> <span class='ocrx_word' id='word_1_109' title='bbox 898 825 961 842; x_wconf 88' lang='lat' dir='ltr'>suos</span> 
     </span>
     <span class='ocr_line' id='line_1_22' title="bbox 221 858 766 897; baseline 0.004 -12"><span class='ocrx_word' id='word_1_110' title='bbox 221 858 366 896; x_wconf 78' lang='lat' dir='ltr'>aufugisse,</span> <span class='ocrx_word' id='word_1_111' title='bbox 387 858 425 886; x_wconf 89' lang='lat' dir='ltr'>sic</span> <span class='ocrx_word' id='word_1_112' title='bbox 443 858 630 897; x_wconf 87' lang='lat' dir='ltr'>intelligendus</span> <span class='ocrx_word' id='word_1_113' title='bbox 650 858 766 887; x_wconf 88' lang='lat' dir='ltr'>videtur.</span> 
     </span>
    </p>

    <p class='ocr_par' dir='ltr' id='par_1_8' title="bbox 219 903 960 1492">
     <span class='ocr_line' id='line_1_23' title="bbox 262 903 960 944; baseline 0.001 -12"><span class='ocrx_word' id='word_1_114' title='bbox 262 905 404 941; x_wconf 86' lang='lat' dir='ltr'>Postquam</span> <span class='ocrx_word' id='word_1_115' title='bbox 417 904 535 943; x_wconf 84' lang='lat' dir='ltr'>episcopi</span> <span class='ocrx_word' id='word_1_116' title='bbox 549 904 600 941; x_wconf 83' lang='lat' dir='ltr'>illi,</span> <span class='ocrx_word' id='word_1_117' title='bbox 617 905 662 942; x_wconf 91' lang='lat' dir='ltr'>qni</span> <span class='ocrx_word' id='word_1_118' title='bbox 675 903 817 944; x_wconf 79' lang='lat' dir='ltr'>Synodum</span> <span class='ocrx_word' id='word_1_119' title='bbox 831 904 857 932; x_wconf 91' lang='lat' dir='ltr'>in</span> <span class='ocrx_word' id='word_1_120' title='bbox 873 904 960 939; x_wconf 88' lang='lat' dir='ltr'>Quer-</span> 
     </span>
     <span class='ocr_line' id='line_1_24' title="bbox 221 949 959 988; baseline 0.001 -11"><span class='ocrx_word' id='word_1_121' title='bbox 221 960 252 977; x_wconf 92' lang='lat' dir='ltr'>cu</span> <span class='ocrx_word' id='word_1_122' title='bbox 280 949 484 986; x_wconf 84' lang='lat' dir='ltr'>constituerant,</span> <span class='ocrx_word' id='word_1_123' title='bbox 505 960 565 978; x_wconf 89' lang='lat' dir='ltr'>cum</span> <span class='ocrx_word' id='word_1_124' title='bbox 589 950 674 988; x_wconf 85' lang='lat' dir='ltr'>gloria</span> <span class='ocrx_word' id='word_1_125' title='bbox 696 950 820 978; x_wconf 80' lang='lat' dir='ltr'>reducem</span> <span class='ocrx_word' id='word_1_126' title='bbox 839 950 959 979; x_wconf 86' lang='lat' dir='ltr'>videntes</span> 
     </span>
     <span class='ocr_line' id='line_1_25' title="bbox 221 995 960 1035; baseline 0.003 -13"><span class='ocrx_word' id='word_1_127' title='bbox 221 995 442 1034; x_wconf 84' lang='lat' dir='ltr'>Chrysostomum</span> <span class='ocrx_word' id='word_1_128' title='bbox 456 1018 463 1029; x_wconf 84' lang='lat'>,</span> <span class='ocrx_word' id='word_1_129' title='bbox 482 995 673 1031; x_wconf 85' lang='lat' dir='ltr'>discesserant;</span> <span class='ocrx_word' id='word_1_130' title='bbox 699 996 871 1035; x_wconf 87' lang='lat' dir='ltr'>Theophilus</span> <span class='ocrx_word' id='word_1_131' title='bbox 890 1019 896 1032; x_wconf 98' lang='lat'>,</span> <span class='ocrx_word' id='word_1_132' title='bbox 913 997 960 1035; x_wconf 87' lang='lat' dir='ltr'>qni</span> 
     </span>
     <span class='ocr_line' id='line_1_26' title="bbox 225 1041 960 1080; baseline 0.004 -12"><span class='ocrx_word' id='word_1_133' title='bbox 225 1041 455 1080; x_wconf 75' lang='lat' dir='ltr'>Constantinopoli</span> <span class='ocrx_word' id='word_1_134' title='bbox 470 1048 533 1070; x_wconf 87' lang='lat' dir='ltr'>tunc</span> <span class='ocrx_word' id='word_1_135' title='bbox 543 1049 608 1078; x_wconf 86' lang='lat' dir='ltr'>erat,</span> <span class='ocrx_word' id='word_1_136' title='bbox 622 1042 788 1080; x_wconf 74' lang='lat' dir='ltr'>quiescebat,</span> <span class='ocrx_word' id='word_1_137' title='bbox 809 1053 856 1071; x_wconf 84' lang='lat' dir='ltr'>nec</span> <span class='ocrx_word' id='word_1_138' title='bbox 869 1051 960 1072; x_wconf 82' lang='lat' dir='ltr'>contra</span> 
     </span>
     <span class='ocr_line' id='line_1_27' title="bbox 220 1087 960 1127; baseline 0.003 -12"><span class='ocrx_word' id='word_1_139' title='bbox 220 1087 298 1115; x_wconf 89' lang='lat' dir='ltr'>illum</span> <span class='ocrx_word' id='word_1_140' title='bbox 308 1087 448 1126; x_wconf 79' lang='lat' dir='ltr'>quidpiam</span> <span class='ocrx_word' id='word_1_141' title='bbox 461 1088 577 1127; x_wconf 80' lang='lat' dir='ltr'>proferre</span> <span class='ocrx_word' id='word_1_142' title='bbox 593 1089 662 1116; x_wconf 87' lang='lat' dir='ltr'>ultra</span> <span class='ocrx_word' id='word_1_143' title='bbox 672 1088 786 1116; x_wconf 81' lang='lat' dir='ltr'>audebat</span> <span class='ocrx_word' id='word_1_144' title='bbox 799 1100 804 1116; x_wconf 92' lang='lat'>:</span> <span class='ocrx_word' id='word_1_145' title='bbox 821 1089 877 1117; x_wconf 67' lang='lat' dir='ltr'>haec</span> <span class='ocrx_word' id='word_1_146' title='bbox 889 1097 960 1118; x_wconf 86' lang='lat' dir='ltr'>certe</span> 
     </span>
     <span class='ocr_line' id='line_1_28' title="bbox 221 1134 958 1173; baseline 0.001 -12"><span class='ocrx_word' id='word_1_147' title='bbox 221 1134 305 1172; x_wconf 88' lang='lat' dir='ltr'>potuit</span> <span class='ocrx_word' id='word_1_148' title='bbox 327 1134 471 1171; x_wconf 74' lang='lat' dir='ltr'>generatim</span> <span class='ocrx_word' id='word_1_149' title='bbox 485 1134 574 1162; x_wconf 80' lang='lat' dir='ltr'>dicere</span> <span class='ocrx_word' id='word_1_150' title='bbox 593 1134 810 1173; x_wconf 84' lang='lat' dir='ltr'>Chrysostomus.</span> <span class='ocrx_word' id='word_1_151' title='bbox 831 1134 958 1172; x_wconf 76' lang='lat' dir='ltr'>Alioquin</span> 
     </span>
     <span class='ocr_line' id='line_1_29' title="bbox 221 1179 959 1218; baseline 0 -11"><span class='ocrx_word' id='word_1_152' title='bbox 221 1190 283 1207; x_wconf 85' lang='lat' dir='ltr'>vero</span> <span class='ocrx_word' id='word_1_153' title='bbox 299 1179 354 1207; x_wconf 78' lang='lat' dir='ltr'>haec</span> <span class='ocrx_word' id='word_1_154' title='bbox 372 1179 616 1208; x_wconf 80' lang='lat' dir='ltr'>Alexandrinorum</span> <span class='ocrx_word' id='word_1_155' title='bbox 633 1190 694 1208; x_wconf 87' lang='lat' dir='ltr'>cuin</span> <span class='ocrx_word' id='word_1_156' title='bbox 710 1180 959 1218; x_wconf 78' lang='lat' dir='ltr'>Constantinopoli-</span> 
     </span>
     <span class='ocr_line' id='line_1_30' title="bbox 219 1225 960 1264; baseline 0 -11"><span class='ocrx_word' id='word_1_157' title='bbox 219 1225 286 1253; x_wconf 86' lang='lat' dir='ltr'>tanis</span> <span class='ocrx_word' id='word_1_158' title='bbox 303 1226 435 1253; x_wconf 88' lang='lat' dir='ltr'>contentio</span> <span class='ocrx_word' id='word_1_159' title='bbox 449 1232 475 1253; x_wconf 84' lang='lat' dir='ltr'>et</span> <span class='ocrx_word' id='word_1_160' title='bbox 495 1236 582 1264; x_wconf 78' lang='lat' dir='ltr'>pugna</span> <span class='ocrx_word' id='word_1_161' title='bbox 600 1235 652 1252; x_wconf 89' lang='lat' dir='ltr'>non</span> <span class='ocrx_word' id='word_1_162' title='bbox 672 1225 782 1253; x_wconf 81' lang='lat' dir='ltr'>videtur</span> <span class='ocrx_word' id='word_1_163' title='bbox 805 1236 878 1263; x_wconf 79' lang='lat' dir='ltr'>posse</span> <span class='ocrx_word' id='word_1_164' title='bbox 900 1232 960 1253; x_wconf 86' lang='lat' dir='ltr'>ante</span> 
     </span>
     <span class='ocr_line' id='line_1_31' title="bbox 219 1270 960 1310; baseline 0.001 -12"><span class='ocrx_word' id='word_1_165' title='bbox 219 1271 402 1310; x_wconf 85' lang='lat' dir='ltr'>Chrysostomi</span> <span class='ocrx_word' id='word_1_166' title='bbox 413 1271 529 1298; x_wconf 85' lang='lat' dir='ltr'>reditum</span> <span class='ocrx_word' id='word_1_167' title='bbox 541 1270 674 1298; x_wconf 85' lang='lat' dir='ltr'>accidisse.</span> <span class='ocrx_word' id='word_1_168' title='bbox 684 1272 846 1299; x_wconf 81' lang='lat' dir='ltr'>Severianus</span> <span class='ocrx_word' id='word_1_169' title='bbox 853 1282 960 1308; x_wconf 90' lang='lat' dir='ltr'>quoque</span> 
     </span>
     <span class='ocr_line' id='line_1_32' title="bbox 221 1316 958 1355; baseline 0.001 -11"><span class='ocrx_word' id='word_1_170' title='bbox 221 1316 392 1344; x_wconf 84' lang='lat' dir='ltr'>Gabalorum</span> <span class='ocrx_word' id='word_1_171' title='bbox 408 1317 507 1354; x_wconf 87' lang='lat' dir='ltr'>aliique</span> <span class='ocrx_word' id='word_1_172' title='bbox 521 1327 610 1344; x_wconf 87' lang='lat' dir='ltr'>omnes</span> <span class='ocrx_word' id='word_1_173' title='bbox 626 1317 736 1345; x_wconf 84' lang='lat' dir='ltr'>Joannis</span> <span class='ocrx_word' id='word_1_174' title='bbox 757 1317 856 1345; x_wconf 82' lang='lat' dir='ltr'>inimici</span> <span class='ocrx_word' id='word_1_175' title='bbox 868 1318 958 1355; x_wconf 77' lang='lat' dir='ltr'>fugam</span> 
     </span>
     <span class='ocr_line' id='line_1_33' title="bbox 219 1356 960 1402; baseline 0 -12"><span class='ocrx_word' id='word_1_176' title='bbox 219 1362 343 1390; x_wconf 81' lang='lat' dir='ltr'>fecerunt.</span> <span class='ocrx_word' id='word_1_177' title='bbox 361 1361 445 1390; x_wconf 81' lang='lat' dir='ltr'>Addit</span> <span class='ocrx_word' id='word_1_178' title='bbox 458 1372 519 1390; x_wconf 85' lang='lat' dir='ltr'>vero</span> <span class='ocrx_word' id='word_1_179' title='bbox 531 1356 676 1397; x_wconf 68' lang='lat' dir='ltr'>Palladius,</span> <span class='ocrx_word' id='word_1_180' title='bbox 689 1363 960 1402; x_wconf 83' lang='lat' dir='ltr'>Constantinopolita-</span> 
     </span>
     <span class='ocr_line' id='line_1_34' title="bbox 219 1407 959 1446; baseline 0.003 -11"><span class='ocrx_word' id='word_1_181' title='bbox 219 1418 266 1435; x_wconf 89' lang='lat' dir='ltr'>nos</span> <span class='ocrx_word' id='word_1_182' title='bbox 286 1407 470 1446; x_wconf 83' lang='lat' dir='ltr'>Theophilum</span> <span class='ocrx_word' id='word_1_183' title='bbox 494 1408 660 1445; x_wconf 64' lang='lat' dir='ltr'>qusesivisse,</span> <span class='ocrx_word' id='word_1_184' title='bbox 674 1415 703 1436; x_wconf 91' lang='lat' dir='ltr'>ut</span> <span class='ocrx_word' id='word_1_185' title='bbox 731 1409 808 1436; x_wconf 88' lang='lat' dir='ltr'>illum</span> <span class='ocrx_word' id='word_1_186' title='bbox 836 1409 863 1437; x_wconf 90' lang='lat' dir='ltr'>in</span> <span class='ocrx_word' id='word_1_187' title='bbox 886 1419 959 1438; x_wconf 89' lang='lat' dir='ltr'>mare</span> 
     </span>
     <span class='ocr_line' id='line_1_35' title="bbox 221 1453 413 1492; baseline -0.005 -11"><span class='ocrx_word' id='word_1_188' title='bbox 221 1453 413 1492; x_wconf 84' lang='lat' dir='ltr'>demergerent.</span> 
     </span>
    </p>

    <p class='ocr_par' dir='ltr' id='par_1_9' title="bbox 216 1499 966 2639">
     <span class='ocr_line' id='line_1_36' title="bbox 258 1499 959 1539; baseline 0 -12"><span class='ocrx_word' id='word_1_189' title='bbox 258 1500 324 1528; x_wconf 83' lang='lat' dir='ltr'>Post</span> <span class='ocrx_word' id='word_1_190' title='bbox 339 1499 485 1537; x_wconf 85' lang='lat' dir='ltr'>Theophili</span> <span class='ocrx_word' id='word_1_191' title='bbox 501 1500 591 1537; x_wconf 80' lang='lat' dir='ltr'>fugam</span> <span class='ocrx_word' id='word_1_192' title='bbox 606 1509 658 1527; x_wconf 89' lang='lat' dir='ltr'>non</span> <span class='ocrx_word' id='word_1_193' title='bbox 673 1499 785 1527; x_wconf 82' lang='lat' dir='ltr'>cessavit</span> <span class='ocrx_word' id='word_1_194' title='bbox 801 1499 959 1539; x_wconf 81' lang='lat' dir='ltr'>Chrysosto-</span> 
     </span>
     <span class='ocr_line' id='line_1_37' title="bbox 218 1545 961 1584; baseline 0 -11"><span class='ocrx_word' id='word_1_195' title='bbox 218 1556 277 1574; x_wconf 88' lang='lat' dir='ltr'>mus</span> <span class='ocrx_word' id='word_1_196' title='bbox 291 1547 480 1584; x_wconf 75' lang='lat' dir='ltr'>Imperatorem</span> <span class='ocrx_word' id='word_1_197' title='bbox 497 1545 612 1583; x_wconf 83' lang='lat' dir='ltr'>precari,</span> <span class='ocrx_word' id='word_1_198' title='bbox 625 1552 654 1573; x_wconf 87' lang='lat' dir='ltr'>ut</span> <span class='ocrx_word' id='word_1_199' title='bbox 669 1545 897 1583; x_wconf 79' lang='lat' dir='ltr'>Synodusiterum</span> <span class='ocrx_word' id='word_1_200' title='bbox 914 1556 961 1573; x_wconf 76' lang='lat' dir='ltr'>co-</span> 
     </span>
     <span class='ocr_line' id='line_1_38' title="bbox 217 1590 962 1630; baseline -0.001 -10"><span class='ocrx_word' id='word_1_201' title='bbox 217 1599 324 1630; x_wconf 81' lang='lat' dir='ltr'>geretur</span> <span class='ocrx_word' id='word_1_202' title='bbox 331 1591 363 1620; x_wconf 85' lang='lat' dir='ltr'>ad</span> <span class='ocrx_word' id='word_1_203' title='bbox 372 1602 476 1619; x_wconf 86' lang='lat' dir='ltr'>causam</span> <span class='ocrx_word' id='word_1_204' title='bbox 488 1602 562 1619; x_wconf 86' lang='lat' dir='ltr'>suam</span> <span class='ocrx_word' id='word_1_205' title='bbox 573 1590 776 1627; x_wconf 74' lang='lat' dir='ltr'>retraetandun,</span> <span class='ocrx_word' id='word_1_206' title='bbox 784 1597 865 1629; x_wconf 88' lang='lat' dir='ltr'>utque</span> <span class='ocrx_word' id='word_1_207' title='bbox 873 1591 962 1619; x_wconf 77' lang='lat' dir='ltr'>Theo-</span> 
     </span>
     <span class='ocr_line' id='line_1_39' title="bbox 216 1636 962 1677; baseline -0.003 -11"><span class='ocrx_word' id='word_1_208' title='bbox 216 1638 309 1677; x_wconf 88' lang='lat' dir='ltr'>philus</span> <span class='ocrx_word' id='word_1_209' title='bbox 319 1637 420 1665; x_wconf 80' lang='lat' dir='ltr'>adesset</span> <span class='ocrx_word' id='word_1_210' title='bbox 433 1637 551 1674; x_wconf 81' lang='lat' dir='ltr'>rogabat.</span> <span class='ocrx_word' id='word_1_211' title='bbox 563 1636 637 1664; x_wconf 81' lang='lat' dir='ltr'>Misit</span> <span class='ocrx_word' id='word_1_212' title='bbox 646 1637 802 1675; x_wconf 85' lang='lat' dir='ltr'>Imperator,</span> <span class='ocrx_word' id='word_1_213' title='bbox 813 1637 861 1674; x_wconf 89' lang='lat' dir='ltr'>qui</span> <span class='ocrx_word' id='word_1_214' title='bbox 874 1636 962 1665; x_wconf 82' lang='lat' dir='ltr'>Theo-</span> 
     </span>
     <span class='ocr_line' id='line_1_40' title="bbox 218 1681 962 1723; baseline -0.003 -12"><span class='ocrx_word' id='word_1_215' title='bbox 218 1683 324 1723; x_wconf 89' lang='lat' dir='ltr'>philum</span> <span class='ocrx_word' id='word_1_216' title='bbox 354 1683 441 1711; x_wconf 87' lang='lat' dir='ltr'>redire</span> <span class='ocrx_word' id='word_1_217' title='bbox 466 1683 591 1721; x_wconf 84' lang='lat' dir='ltr'>juberent</span> <span class='ocrx_word' id='word_1_218' title='bbox 621 1692 682 1709; x_wconf 91' lang='lat' dir='ltr'>cum</span> <span class='ocrx_word' id='word_1_219' title='bbox 710 1682 877 1710; x_wconf 85' lang='lat' dir='ltr'>consortibus</span> <span class='ocrx_word' id='word_1_220' title='bbox 907 1681 962 1710; x_wconf 88' lang='lat' dir='ltr'>suis</span> 
     </span>
     <span class='ocr_line' id='line_1_41' title="bbox 219 1727 959 1767; baseline -0.003 -9"><span class='ocrx_word' id='word_1_221' title='bbox 219 1730 352 1766; x_wconf 86' lang='lat' dir='ltr'>omnibus,</span> <span class='ocrx_word' id='word_1_222' title='bbox 365 1735 537 1767; x_wconf 76' lang='lat' dir='ltr'>utgestorum</span> <span class='ocrx_word' id='word_1_223' title='bbox 549 1738 657 1756; x_wconf 87' lang='lat' dir='ltr'>suorum</span> <span class='ocrx_word' id='word_1_224' title='bbox 669 1728 795 1756; x_wconf 84' lang='lat' dir='ltr'>rationein</span> <span class='ocrx_word' id='word_1_225' title='bbox 808 1727 959 1756; x_wconf 84' lang='lat' dir='ltr'>redderent.</span> 
     </span>
     <span class='ocr_line' id='line_1_42' title="bbox 220 1773 960 1813; baseline -0.004 -9"><span class='ocrx_word' id='word_1_226' title='bbox 220 1776 270 1804; x_wconf 89' lang='lat' dir='ltr'>Ille</span> <span class='ocrx_word' id='word_1_227' title='bbox 284 1786 346 1804; x_wconf 70' lang='lat' dir='ltr'>vero</span> <span class='ocrx_word' id='word_1_228' title='bbox 370 1774 540 1813; x_wconf 85' lang='lat' dir='ltr'>Imperatoris</span> <span class='ocrx_word' id='word_1_229' title='bbox 562 1774 647 1812; x_wconf 87' lang='lat' dir='ltr'>jussui</span> <span class='ocrx_word' id='word_1_230' title='bbox 671 1784 722 1802; x_wconf 90' lang='lat' dir='ltr'>non</span> <span class='ocrx_word' id='word_1_231' title='bbox 746 1773 960 1812; x_wconf 82' lang='lat' dir='ltr'>obtemperavit,</span> 
     </span>
     <span class='ocr_line' id='line_1_43' title="bbox 220 1819 962 1861; baseline -0.001 -12"><span class='ocrx_word' id='word_1_232' title='bbox 220 1828 369 1861; x_wconf 61' lang='lat' dir='ltr'>praetexens</span> <span class='ocrx_word' id='word_1_233' title='bbox 387 1820 481 1859; x_wconf 84' lang='lat' dir='ltr'>populi</span> <span class='ocrx_word' id='word_1_234' title='bbox 500 1819 656 1848; x_wconf 83' lang='lat' dir='ltr'>seditionem</span> <span class='ocrx_word' id='word_1_235' title='bbox 668 1842 674 1852; x_wconf 78' lang='grc'><em>,</em></span> <span class='ocrx_word' id='word_1_236' title='bbox 700 1819 746 1856; x_wconf 86' lang='lat' dir='ltr'>qui</span> <span class='ocrx_word' id='word_1_237' title='bbox 770 1819 962 1858; x_wconf 74' lang='lat' dir='ltr'>Chrysostomo</span> 
     </span>
     <span class='ocr_line' id='line_1_44' title="bbox 221 1865 962 1904; baseline -0.001 -9"><span class='ocrx_word' id='word_1_238' title='bbox 221 1867 356 1895; x_wconf 80' lang='lat' dir='ltr'>studebat.</span> <span class='ocrx_word' id='word_1_239' title='bbox 376 1868 466 1903; x_wconf 81' lang='lat' dir='ltr'>Neque</span> <span class='ocrx_word' id='word_1_240' title='bbox 481 1872 567 1893; x_wconf 85' lang='lat' dir='ltr'>tamen</span> <span class='ocrx_word' id='word_1_241' title='bbox 581 1865 692 1893; x_wconf 85' lang='lat' dir='ltr'>cessavit</span> <span class='ocrx_word' id='word_1_242' title='bbox 707 1865 916 1904; x_wconf 80' lang='lat' dir='ltr'>Chrysostomus</span> <span class='ocrx_word' id='word_1_243' title='bbox 928 1866 962 1894; x_wconf 83' lang='lat' dir='ltr'>ab</span> 
     </span>
     <span class='ocr_line' id='line_1_45' title="bbox 221 1910 960 1952; baseline -0.001 -12"><span class='ocrx_word' id='word_1_244' title='bbox 221 1914 384 1952; x_wconf 74' lang='lat' dir='ltr'>Imperatore</span> <span class='ocrx_word' id='word_1_245' title='bbox 405 1911 540 1950; x_wconf 84' lang='lat' dir='ltr'>postulare</span> <span class='ocrx_word' id='word_1_246' title='bbox 559 1917 586 1938; x_wconf 86' lang='lat' dir='ltr'>ut</span> <span class='ocrx_word' id='word_1_247' title='bbox 610 1910 736 1949; x_wconf 79' lang='lat' dir='ltr'>Synodus</span> <span class='ocrx_word' id='word_1_248' title='bbox 761 1918 909 1948; x_wconf 75' lang='lat' dir='ltr'>cogeretur,</span> <span class='ocrx_word' id='word_1_249' title='bbox 935 1911 960 1939; x_wconf 94' lang='lat' dir='ltr'>in</span> 
     </span>
     <span class='ocr_line' id='line_1_46' title="bbox 222 1958 962 1997; baseline -0.001 -11"><span class='ocrx_word' id='word_1_250' title='bbox 222 1969 273 1996; x_wconf 84' lang='lat' dir='ltr'>qua</span> <span class='ocrx_word' id='word_1_251' title='bbox 293 1959 348 1997; x_wconf 83' lang='lat' dir='ltr'>ipse</span> <span class='ocrx_word' id='word_1_252' title='bbox 363 1968 469 1985; x_wconf 81' lang='lat' dir='ltr'>eausam</span> <span class='ocrx_word' id='word_1_253' title='bbox 489 1968 565 1985; x_wconf 85' lang='lat' dir='ltr'>suain</span> <span class='ocrx_word' id='word_1_254' title='bbox 585 1964 773 1996; x_wconf 82' lang='lat' dir='ltr'>propugnaret.</span> <span class='ocrx_word' id='word_1_255' title='bbox 799 1958 962 1996; x_wconf 71' lang='lat' dir='ltr'>Supererant</span> 
     </span>
     <span class='ocr_line' id='line_1_47' title="bbox 221 2002 963 2041; baseline -0.003 -9"><span class='ocrx_word' id='word_1_256' title='bbox 221 2004 311 2032; x_wconf 87' lang='lat' dir='ltr'>adhue</span> <span class='ocrx_word' id='word_1_257' title='bbox 326 2003 556 2041; x_wconf 79' lang='lat' dir='ltr'>Constantinopoli</span> <span class='ocrx_word' id='word_1_258' title='bbox 576 2002 679 2040; x_wconf 80' lang='lat' dir='ltr'>aliquot</span> <span class='ocrx_word' id='word_1_259' title='bbox 703 2002 820 2041; x_wconf 87' lang='lat' dir='ltr'>episcopi</span> <span class='ocrx_word' id='word_1_260' title='bbox 832 2002 963 2041; x_wconf 79' lang='lat' dir='ltr'>Syri,qui</span> 
     </span>
     <span class='ocr_line' id='line_1_48' title="bbox 223 2047 963 2088; baseline -0.001 -10"><span class='ocrx_word' id='word_1_261' title='bbox 223 2061 283 2078; x_wconf 86' lang='lat' dir='ltr'>cum</span> <span class='ocrx_word' id='word_1_262' title='bbox 297 2049 449 2088; x_wconf 89' lang='lat' dir='ltr'>Theophilo</span> <span class='ocrx_word' id='word_1_263' title='bbox 462 2049 487 2076; x_wconf 91' lang='lat' dir='ltr'>in</span> <span class='ocrx_word' id='word_1_264' title='bbox 498 2048 608 2087; x_wconf 74' lang='lat' dir='ltr'>Synodo</span> <span class='ocrx_word' id='word_1_265' title='bbox 620 2047 654 2076; x_wconf 87' lang='lat' dir='ltr'>ad</span> <span class='ocrx_word' id='word_1_266' title='bbox 665 2048 800 2082; x_wconf 77' lang='lat' dir='ltr'>Quercum</span> <span class='ocrx_word' id='word_1_267' title='bbox 813 2056 902 2076; x_wconf 82' lang='lat' dir='ltr'>contra</span> <span class='ocrx_word' id='word_1_268' title='bbox 915 2050 963 2078; x_wconf 79' lang='lat' dir='ltr'>Jo-</span> 
     </span>
     <span class='ocr_line' id='line_1_49' title="bbox 222 2093 963 2133; baseline -0.003 -9"><span class='ocrx_word' id='word_1_269' title='bbox 222 2107 317 2124; x_wconf 86' lang='lat' dir='ltr'>annem</span> <span class='ocrx_word' id='word_1_270' title='bbox 337 2095 493 2124; x_wconf 87' lang='lat' dir='ltr'>sententiam</span> <span class='ocrx_word' id='word_1_271' title='bbox 520 2094 664 2122; x_wconf 77' lang='lat' dir='ltr'>dixerant:</span> <span class='ocrx_word' id='word_1_272' title='bbox 682 2093 730 2122; x_wconf 87' lang='lat' dir='ltr'>hos</span> <span class='ocrx_word' id='word_1_273' title='bbox 749 2094 828 2122; x_wconf 86' lang='lat' dir='ltr'>etiam</span> <span class='ocrx_word' id='word_1_274' title='bbox 853 2094 963 2133; x_wconf 78' lang='lat' dir='ltr'>Synodo</span> 
     </span>
     <span class='ocr_line' id='line_1_50' title="bbox 225 2141 964 2180; baseline -0.001 -11"><span class='ocrx_word' id='word_1_275' title='bbox 225 2149 287 2170; x_wconf 88' lang='lat' dir='ltr'>tunc</span> <span class='ocrx_word' id='word_1_276' title='bbox 301 2141 423 2180; x_wconf 79' lang='lat' dir='ltr'>cogendae</span> <span class='ocrx_word' id='word_1_277' title='bbox 444 2141 568 2169; x_wconf 88' lang='lat' dir='ltr'>interesse</span> <span class='ocrx_word' id='word_1_278' title='bbox 588 2141 699 2178; x_wconf 81' lang='lat' dir='ltr'>rogabat</span> <span class='ocrx_word' id='word_1_279' title='bbox 719 2141 842 2169; x_wconf 84' lang='lat' dir='ltr'>Joannes.</span> <span class='ocrx_word' id='word_1_280' title='bbox 867 2142 964 2169; x_wconf 71' lang='lat' dir='ltr'>Narrat</span> 
     </span>
     <span class='ocr_line' id='line_1_51' title="bbox 223 2187 962 2225; baseline -0.001 -10"><span class='ocrx_word' id='word_1_281' title='bbox 223 2198 285 2215; x_wconf 78' lang='lat' dir='ltr'>vero</span> <span class='ocrx_word' id='word_1_282' title='bbox 313 2188 473 2215; x_wconf 64' lang='lat' dir='ltr'>sozomenus</span> <span class='ocrx_word' id='word_1_283' title='bbox 483 2209 489 2220; x_wconf 85' lang='lat'>‚</span> <span class='ocrx_word' id='word_1_284' title='bbox 517 2193 576 2225; x_wconf 89' lang='lat' dir='ltr'>post</span> <span class='ocrx_word' id='word_1_285' title='bbox 602 2197 751 2224; x_wconf 83' lang='lat' dir='ltr'>regressum</span> <span class='ocrx_word' id='word_1_286' title='bbox 777 2187 962 2225; x_wconf 85' lang='lat' dir='ltr'>Chrysostomi</span> 
     </span>
     <span class='ocr_line' id='line_1_52' title="bbox 223 2233 963 2272; baseline 0 -12"><span class='ocrx_word' id='word_1_287' title='bbox 223 2233 360 2271; x_wconf 74' lang='lat' dir='ltr'>sexaginta</span> <span class='ocrx_word' id='word_1_288' title='bbox 373 2233 478 2260; x_wconf 79' lang='lat' dir='ltr'>circiter</span> <span class='ocrx_word' id='word_1_289' title='bbox 493 2233 646 2271; x_wconf 75' lang='lat' dir='ltr'>episcopos,</span> <span class='ocrx_word' id='word_1_290' title='bbox 662 2233 708 2270; x_wconf 89' lang='lat' dir='ltr'>qui</span> <span class='ocrx_word' id='word_1_291' title='bbox 732 2233 963 2272; x_wconf 77' lang='lat' dir='ltr'>Constantinopoli</span> 
     </span>
     <span class='ocr_line' id='line_1_53' title="bbox 224 2279 963 2316; baseline 0 -9"><span class='ocrx_word' id='word_1_292' title='bbox 224 2286 409 2312; x_wconf 68' lang='lat' dir='ltr'>convenerant,</span> <span class='ocrx_word' id='word_1_293' title='bbox 422 2279 592 2316; x_wconf 72' lang='lat' dir='ltr'>actaSynodi</span> <span class='ocrx_word' id='word_1_294' title='bbox 606 2279 632 2306; x_wconf 91' lang='lat' dir='ltr'>in</span> <span class='ocrx_word' id='word_1_295' title='bbox 643 2280 749 2312; x_wconf 82' lang='lat' dir='ltr'>Quercu</span> <span class='ocrx_word' id='word_1_296' title='bbox 763 2279 834 2307; x_wconf 84' lang='lat' dir='ltr'>nulla</span> <span class='ocrx_word' id='word_1_297' title='bbox 850 2290 905 2308; x_wconf 77' lang='lat' dir='ltr'>esse</span> <span class='ocrx_word' id='word_1_298' title='bbox 916 2279 963 2307; x_wconf 88' lang='lat' dir='ltr'>de-</span> 
     </span>
     <span class='ocr_line' id='line_1_54' title="bbox 223 2325 965 2364; baseline 0 -11"><span class='ocrx_word' id='word_1_299' title='bbox 223 2326 406 2359; x_wconf 78' lang='lat' dir='ltr'>claravisse‚et</span> <span class='ocrx_word' id='word_1_300' title='bbox 421 2331 484 2352; x_wconf 82' lang='lat' dir='ltr'>tunc</span> <span class='ocrx_word' id='word_1_301' title='bbox 497 2325 717 2363; x_wconf 73' lang='lat' dir='ltr'>Chrysostoinum</span> <span class='ocrx_word' id='word_1_302' title='bbox 733 2325 892 2364; x_wconf 83' lang='lat' dir='ltr'>episcopalia</span> <span class='ocrx_word' id='word_1_303' title='bbox 904 2336 965 2353; x_wconf 80' lang='lat' dir='ltr'>mu-</span> 
     </span>
     <span class='ocr_line' id='line_1_55' title="bbox 224 2370 964 2410; baseline 0 -11"><span class='ocrx_word' id='word_1_304' title='bbox 224 2371 266 2399; x_wconf 87' lang='lat' dir='ltr'>nia</span> <span class='ocrx_word' id='word_1_305' title='bbox 290 2371 450 2399; x_wconf 71' lang='lat' dir='ltr'>resumsisse.</span> <span class='ocrx_word' id='word_1_306' title='bbox 468 2370 622 2397; x_wconf 76' lang='lat' dir='ltr'>Reclamant</span> <span class='ocrx_word' id='word_1_307' title='bbox 638 2381 700 2398; x_wconf 71' lang='lat' dir='ltr'>vero</span> <span class='ocrx_word' id='word_1_308' title='bbox 714 2371 809 2409; x_wconf 80' lang='lat' dir='ltr'>nuperi</span> <span class='ocrx_word' id='word_1_309' title='bbox 822 2371 964 2410; x_wconf 80' lang='lat' dir='ltr'>scriptores</span> 
     </span>
     <span class='ocr_line' id='line_1_56' title="bbox 224 2416 966 2453; baseline -0.001 -8"><span class='ocrx_word' id='word_1_310' title='bbox 224 2418 274 2445; x_wconf 82' lang='lat' dir='ltr'>hae</span> <span class='ocrx_word' id='word_1_311' title='bbox 286 2417 358 2445; x_wconf 84' lang='lat' dir='ltr'>ducti</span> <span class='ocrx_word' id='word_1_312' title='bbox 375 2417 483 2444; x_wconf 85' lang='lat' dir='ltr'>ratione.</span> <span class='ocrx_word' id='word_1_313' title='bbox 501 2416 529 2443; x_wconf 78' lang='lat' dir='ltr'>Si</span> <span class='ocrx_word' id='word_1_314' title='bbox 550 2416 599 2443; x_wconf 84' lang='lat' dir='ltr'>hoc</span> <span class='ocrx_word' id='word_1_315' title='bbox 622 2416 655 2443; x_wconf 88' lang='lat' dir='ltr'>ita</span> <span class='ocrx_word' id='word_1_316' title='bbox 671 2423 774 2453; x_wconf 79' lang='lat' dir='ltr'>gestum</span> <span class='ocrx_word' id='word_1_317' title='bbox 790 2417 897 2453; x_wconf 80' lang='lat' dir='ltr'>suisset,</span> <span class='ocrx_word' id='word_1_318' title='bbox 916 2417 966 2444; x_wconf 85' lang='lat' dir='ltr'>hoc</span> 
     </span>
     <span class='ocr_line' id='line_1_57' title="bbox 224 2463 965 2502; baseline -0.001 -10"><span class='ocrx_word' id='word_1_319' title='bbox 224 2471 294 2493; x_wconf 82' lang='lat' dir='ltr'>eerte</span> <span class='ocrx_word' id='word_1_320' title='bbox 303 2463 413 2492; x_wconf 77' lang='lat' dir='ltr'>dixisset</span> <span class='ocrx_word' id='word_1_321' title='bbox 424 2463 630 2501; x_wconf 68' lang='lat' dir='ltr'>Chrysostonius</span> <span class='ocrx_word' id='word_1_322' title='bbox 643 2463 796 2490; x_wconf 73' lang='lat' dir='ltr'>Innocentio</span> <span class='ocrx_word' id='word_1_323' title='bbox 804 2464 893 2502; x_wconf 67' lang='lat' dir='ltr'>Papae,</span> <span class='ocrx_word' id='word_1_324' title='bbox 907 2475 965 2501; x_wconf 63' lang='lat' dir='ltr'>qua}</span> 
     </span>
     <span class='ocr_line' id='line_1_58' title="bbox 225 2509 965 2549; baseline -0.004 -10"><span class='ocrx_word' id='word_1_325' title='bbox 225 2518 296 2549; x_wconf 71' lang='lat' dir='ltr'>gesta</span> <span class='ocrx_word' id='word_1_326' title='bbox 312 2511 416 2538; x_wconf 89' lang='lat' dir='ltr'>fuerant</span> <span class='ocrx_word' id='word_1_327' title='bbox 433 2509 554 2536; x_wconf 88' lang='lat' dir='ltr'>reserens.</span> <span class='ocrx_word' id='word_1_328' title='bbox 572 2509 672 2536; x_wconf 63' lang='lat' dir='ltr'>Verum</span> <span class='ocrx_word' id='word_1_329' title='bbox 685 2509 846 2537; x_wconf 70' lang='lat' dir='ltr'>Sozonienus</span> <span class='ocrx_word' id='word_1_330' title='bbox 859 2520 908 2537; x_wconf 91' lang='lat' dir='ltr'>non</span> <span class='ocrx_word' id='word_1_331' title='bbox 922 2509 965 2536; x_wconf 90' lang='lat' dir='ltr'>di-</span> 
     </span>
     <span class='ocr_line' id='line_1_59' title="bbox 226 2553 966 2594; baseline -0.005 -9"><span class='ocrx_word' id='word_1_332' title='bbox 226 2558 259 2585; x_wconf 74' lang='lat' dir='ltr'>cit</span> <span class='ocrx_word' id='word_1_333' title='bbox 278 2557 325 2584; x_wconf 79' lang='lat' dir='ltr'>lios</span> <span class='ocrx_word' id='word_1_334' title='bbox 338 2555 474 2594; x_wconf 74' lang='lat' dir='ltr'>episcopos</span> <span class='ocrx_word' id='word_1_335' title='bbox 496 2553 636 2592; x_wconf 75' lang='lat' dir='ltr'>Synoduin</span> <span class='ocrx_word' id='word_1_336' title='bbox 654 2553 843 2589; x_wconf 74' lang='lat' dir='ltr'>celebravisse;</span> <span class='ocrx_word' id='word_1_337' title='bbox 858 2555 903 2582; x_wconf 88' lang='lat' dir='ltr'>sed</span> <span class='ocrx_word' id='word_1_338' title='bbox 922 2566 966 2583; x_wconf 67' lang='lat' dir='ltr'>so-</span> 
     </span>
     <span class='ocr_line' id='line_1_60' title="bbox 227 2600 963 2639; baseline -0.003 -9"><span class='ocrx_word' id='word_1_339' title='bbox 227 2604 281 2630; x_wconf 87' lang='lat' dir='ltr'>lum</span> <span class='ocrx_word' id='word_1_340' title='bbox 297 2601 446 2630; x_wconf 66' lang='lat' dir='ltr'>declarasse</span> <span class='ocrx_word' id='word_1_341' title='bbox 464 2600 685 2638; x_wconf 62' lang='lat' dir='ltr'>Chrysostomuiu</span> <span class='ocrx_word' id='word_1_342' title='bbox 703 2600 798 2637; x_wconf 69' lang='lat' dir='ltr'>injuste</span> <span class='ocrx_word' id='word_1_343' title='bbox 812 2600 963 2639; x_wconf 81' lang='lat' dir='ltr'>depositum</span> 
     </span>
    </p>
   </div>
   <div class='ocr_carea' id='block_1_8' title="bbox 764 202 1287 236">
    <p class='ocr_par' dir='ltr' id='par_1_10' title="bbox 764 202 1287 236">
     <span class='ocr_line' id='line_1_61' title="bbox 764 202 1287 236; baseline 0.002 -10"><span class='ocrx_word' id='word_1_344' title='bbox 764 202 903 226; x_wconf 61' lang='lat' dir='ltr'>JOANNJS</span> <span class='ocrx_word' id='word_1_345' title='bbox 931 203 1161 227; x_wconf 74' lang='lat' dir='ltr'>ethSOS‘rOMt</span> <span class='ocrx_word' id='word_1_346' title='bbox 1190 205 1287 236; x_wconf 74' lang='lat' dir='ltr'>VtTA,</span> 
     </span>
    </p>
   </div>
   <div class='ocr_carea' id='block_1_9' title="bbox 1009 264 1915 1447">
    <p class='ocr_par' dir='ltr' id='par_1_11' title="bbox 1017 264 1796 396">
     <span class='ocr_line' id='line_1_62' title="bbox 1017 264 1796 302; baseline 0.006 -10"><span class='ocrx_word' id='word_1_347' title='bbox 1017 264 1110 302; x_wconf 75' lang='lat' dir='ltr'>fuisse5</span> <span class='ocrx_word' id='word_1_348' title='bbox 1122 273 1147 294; x_wconf 86' lang='lat' dir='ltr'>et</span> <span class='ocrx_word' id='word_1_349' title='bbox 1162 272 1215 294; x_wconf 83' lang='lat' dir='ltr'>tam</span> <span class='ocrx_word' id='word_1_350' title='bbox 1230 266 1314 294; x_wconf 86' lang='lat' dir='ltr'>multa</span> <span class='ocrx_word' id='word_1_351' title='bbox 1327 267 1441 295; x_wconf 83' lang='lat' dir='ltr'>Joannes</span> <span class='ocrx_word' id='word_1_352' title='bbox 1454 273 1532 301; x_wconf 82' lang='lat' dir='ltr'>tacet,</span> <span class='ocrx_word' id='word_1_353' title='bbox 1551 274 1580 296; x_wconf 86' lang='lat' dir='ltr'>ut</span> <span class='ocrx_word' id='word_1_354' title='bbox 1593 267 1708 296; x_wconf 80' lang='lat' dir='ltr'>nesciam</span> <span class='ocrx_word' id='word_1_355' title='bbox 1719 277 1751 297; x_wconf 86' lang='lat' dir='ltr'>an</span> <span class='ocrx_word' id='word_1_356' title='bbox 1762 273 1796 291; x_wconf 72' lang='lat'>¹⁵¹</span> 
     </span>
     <span class='ocr_line' id='line_1_63' title="bbox 1018 311 1753 349; baseline 0.004 -10"><span class='ocrx_word' id='word_1_357' title='bbox 1018 312 1074 349; x_wconf 75' lang='lat' dir='ltr'>ejus</span> <span class='ocrx_word' id='word_1_358' title='bbox 1086 311 1190 339; x_wconf 87' lang='lat' dir='ltr'>silentio</span> <span class='ocrx_word' id='word_1_359' title='bbox 1203 311 1306 349; x_wconf 85' lang='lat' dir='ltr'>aliquid</span> <span class='ocrx_word' id='word_1_360' title='bbox 1320 319 1409 340; x_wconf 83' lang='lat' dir='ltr'>contra</span> <span class='ocrx_word' id='word_1_361' title='bbox 1425 312 1562 341; x_wconf 83' lang='lat' dir='ltr'>Sozomeni</span> <span class='ocrx_word' id='word_1_362' title='bbox 1575 313 1753 342; x_wconf 84' lang='lat' dir='ltr'>narrationem</span> 
     </span>
     <span class='ocr_line' id='line_1_64' title="bbox 1020 357 1214 396; baseline 0.005 -11"><span class='ocrx_word' id='word_1_363' title='bbox 1020 357 1109 385; x_wconf 79' lang='lat' dir='ltr'>inferri</span> <span class='ocrx_word' id='word_1_364' title='bbox 1123 358 1214 396; x_wconf 85' lang='lat' dir='ltr'>possit.</span> 
     </span>
    </p>

    <p class='ocr_par' dir='ltr' id='par_1_12' title="bbox 1014 401 1753 989">
     <span class='ocr_line' id='line_1_65' title="bbox 1058 401 1748 442; baseline 0.006 -14"><span class='ocrx_word' id='word_1_365' title='bbox 1058 402 1115 429; x_wconf 87' lang='lat' dir='ltr'>Non</span> <span class='ocrx_word' id='word_1_366' title='bbox 1137 401 1262 429; x_wconf 89' lang='lat' dir='ltr'>diuturna</span> <span class='ocrx_word' id='word_1_367' title='bbox 1282 402 1396 430; x_wconf 85' lang='lat' dir='ltr'>Joannes</span> <span class='ocrx_word' id='word_1_368' title='bbox 1417 401 1608 439; x_wconf 78' lang='lat' dir='ltr'>tranquillitate</span> <span class='ocrx_word' id='word_1_369' title='bbox 1626 403 1678 431; x_wconf 84' lang='lat' dir='ltr'>frui</span> <span class='ocrx_word' id='word_1_370' title='bbox 1696 414 1748 442; x_wconf 89' lang='lat' dir='ltr'>po-</span> 
     </span>
     <span class='ocr_line' id='line_1_66' title="bbox 1017 447 1751 485; baseline 0.003 -10"><span class='ocrx_word' id='word_1_371' title='bbox 1017 447 1079 475; x_wconf 85' lang='lat' dir='ltr'>tuit.</span> <span class='ocrx_word' id='word_1_372' title='bbox 1098 449 1158 475; x_wconf 85' lang='lat' dir='ltr'>Post</span> <span class='ocrx_word' id='word_1_373' title='bbox 1173 447 1239 474; x_wconf 91' lang='lat' dir='ltr'>duos</span> <span class='ocrx_word' id='word_1_374' title='bbox 1259 457 1372 484; x_wconf 87' lang='lat' dir='ltr'>namque</span> <span class='ocrx_word' id='word_1_375' title='bbox 1389 454 1496 475; x_wconf 79' lang='lat' dir='ltr'>exactos</span> <span class='ocrx_word' id='word_1_376' title='bbox 1510 458 1524 475; x_wconf 84' lang='lat' dir='ltr'>a</span> <span class='ocrx_word' id='word_1_377' title='bbox 1542 447 1628 476; x_wconf 86' lang='lat' dir='ltr'>reditu</span> <span class='ocrx_word' id='word_1_378' title='bbox 1641 459 1751 485; x_wconf 84' lang='lat' dir='ltr'>menses,</span> 
     </span>
     <span class='ocr_line' id='line_1_67' title="bbox 1018 492 1751 532; baseline 0.001 -11"><span class='ocrx_word' id='word_1_379' title='bbox 1018 493 1103 530; x_wconf 87' lang='lat' dir='ltr'>inquit</span> <span class='ocrx_word' id='word_1_380' title='bbox 1120 492 1256 521; x_wconf 80' lang='lat' dir='ltr'>Palladias</span> <span class='ocrx_word' id='word_1_381' title='bbox 1271 504 1296 531; x_wconf 89' lang='lat' dir='ltr'>p.</span> <span class='ocrx_word' id='word_1_382' title='bbox 1310 494 1358 528; x_wconf 73' lang='lat'>73,</span> <span class='ocrx_word' id='word_1_383' title='bbox 1371 503 1458 520; x_wconf 85' lang='lat' dir='ltr'>rerum</span> <span class='ocrx_word' id='word_1_384' title='bbox 1472 493 1584 520; x_wconf 90' lang='lat' dir='ltr'>mutatio</span> <span class='ocrx_word' id='word_1_385' title='bbox 1597 500 1680 532; x_wconf 87' lang='lat' dir='ltr'>coepta</span> <span class='ocrx_word' id='word_1_386' title='bbox 1693 501 1731 522; x_wconf 89' lang='lat' dir='ltr'>est</span> <span class='ocrx_word' id='word_1_387' title='bbox 1745 505 1751 521; x_wconf 70' lang='grc' dir='ltr'><strong><em>ε</em></strong></span> 
     </span>
     <span class='ocr_line' id='line_1_68' title="bbox 1016 538 1753 578; baseline 0.001 -12"><span class='ocrx_word' id='word_1_388' title='bbox 1016 538 1126 566; x_wconf 76' lang='lat' dir='ltr'>Joannis</span> <span class='ocrx_word' id='word_1_389' title='bbox 1141 539 1212 566; x_wconf 84' lang='lat' dir='ltr'>enim</span> <span class='ocrx_word' id='word_1_390' title='bbox 1229 538 1329 565; x_wconf 86' lang='lat' dir='ltr'>inimici</span> <span class='ocrx_word' id='word_1_391' title='bbox 1346 538 1412 565; x_wconf 84' lang='lat' dir='ltr'>nihil</span> <span class='ocrx_word' id='word_1_392' title='bbox 1427 549 1478 566; x_wconf 89' lang='lat' dir='ltr'>non</span> <span class='ocrx_word' id='word_1_393' title='bbox 1494 539 1635 567; x_wconf 70' lang='lat' dir='ltr'>movebant</span> <span class='ocrx_word' id='word_1_394' title='bbox 1650 546 1678 567; x_wconf 84' lang='lat' dir='ltr'>ut</span> <span class='ocrx_word' id='word_1_395' title='bbox 1694 539 1753 578; x_wconf 87' lang='lat' dir='ltr'>pri-</span> 
     </span>
     <span class='ocr_line' id='line_1_69' title="bbox 1016 584 1748 622; baseline 0.001 -10"><span class='ocrx_word' id='word_1_396' title='bbox 1016 585 1083 612; x_wconf 86' lang='lat' dir='ltr'>stina</span> <span class='ocrx_word' id='word_1_397' title='bbox 1103 590 1160 612; x_wconf 90' lang='lat' dir='ltr'>acta</span> <span class='ocrx_word' id='word_1_398' title='bbox 1190 590 1344 622; x_wconf 83' lang='lat' dir='ltr'>repeterent.</span> <span class='ocrx_word' id='word_1_399' title='bbox 1366 584 1495 612; x_wconf 81' lang='lat' dir='ltr'>Arcadius</span> <span class='ocrx_word' id='word_1_400' title='bbox 1515 594 1577 612; x_wconf 80' lang='lat' dir='ltr'>vero</span> <span class='ocrx_word' id='word_1_401' title='bbox 1600 585 1748 622; x_wconf 81' lang='lat' dir='ltr'>Imperator</span> 
     </span>
     <span class='ocr_line' id='line_1_70' title="bbox 1016 629 1748 667; baseline 0 -9"><span class='ocrx_word' id='word_1_402' title='bbox 1016 631 1088 658; x_wconf 78' lang='lat' dir='ltr'>mitis</span> <span class='ocrx_word' id='word_1_403' title='bbox 1103 630 1241 667; x_wconf 80' lang='lat' dir='ltr'>facilisque</span> <span class='ocrx_word' id='word_1_404' title='bbox 1255 636 1325 663; x_wconf 85' lang='lat' dir='ltr'>erat,</span> <span class='ocrx_word' id='word_1_405' title='bbox 1347 629 1393 657; x_wconf 85' lang='lat' dir='ltr'>scd</span> <span class='ocrx_word' id='word_1_406' title='bbox 1413 640 1446 658; x_wconf 77' lang='lat' dir='ltr'>ex</span> <span class='ocrx_word' id='word_1_407' title='bbox 1465 629 1563 667; x_wconf 76' lang='lat' dir='ltr'>ingenii</span> <span class='ocrx_word' id='word_1_408' title='bbox 1582 630 1690 659; x_wconf 83' lang='lat' dir='ltr'>levitate</span> <span class='ocrx_word' id='word_1_409' title='bbox 1712 630 1748 658; x_wconf 82' lang='lat' dir='ltr'>ad</span> 
     </span>
     <span class='ocr_line' id='line_1_71' title="bbox 1015 675 1752 714; baseline -0.001 -10"><span class='ocrx_word' id='word_1_410' title='bbox 1015 677 1170 705; x_wconf 81' lang='lat' dir='ltr'>sententiam</span> <span class='ocrx_word' id='word_1_411' title='bbox 1186 675 1342 703; x_wconf 81' lang='lat' dir='ltr'>mutandam</span> <span class='ocrx_word' id='word_1_412' title='bbox 1354 686 1464 714; x_wconf 84' lang='lat' dir='ltr'>pronus.</span> <span class='ocrx_word' id='word_1_413' title='bbox 1480 675 1602 704; x_wconf 81' lang='lat' dir='ltr'>Eudoxia</span> <span class='ocrx_word' id='word_1_414' title='bbox 1616 686 1678 703; x_wconf 82' lang='lat' dir='ltr'>vero</span> <span class='ocrx_word' id='word_1_415' title='bbox 1693 678 1752 703; x_wconf 86' lang='lat' dir='ltr'>Au-</span> 
     </span>
     <span class='ocr_line' id='line_1_72' title="bbox 1017 720 1753 760; baseline 0 -10"><span class='ocrx_word' id='word_1_416' title='bbox 1017 729 1093 760; x_wconf 79' lang='lat' dir='ltr'>gusta</span> <span class='ocrx_word' id='word_1_417' title='bbox 1109 721 1197 756; x_wconf 90' lang='lat' dir='ltr'>illum,</span> <span class='ocrx_word' id='word_1_418' title='bbox 1215 727 1244 749; x_wconf 89' lang='lat' dir='ltr'>ut</span> <span class='ocrx_word' id='word_1_419' title='bbox 1260 727 1386 759; x_wconf 86' lang='lat' dir='ltr'>putatur,</span> <span class='ocrx_word' id='word_1_420' title='bbox 1407 729 1435 749; x_wconf 85' lang='lat' dir='ltr'>ut</span> <span class='ocrx_word' id='word_1_421' title='bbox 1449 727 1539 749; x_wconf 78' lang='lat' dir='ltr'>contra</span> <span class='ocrx_word' id='word_1_422' title='bbox 1556 722 1685 750; x_wconf 89' lang='lat' dir='ltr'>Joannem</span> <span class='ocrx_word' id='word_1_423' title='bbox 1701 720 1753 750; x_wconf 89' lang='lat' dir='ltr'>de-</span> 
     </span>
     <span class='ocr_line' id='line_1_73' title="bbox 1016 766 1746 804; baseline 0.001 -9"><span class='ocrx_word' id='word_1_424' title='bbox 1016 778 1068 795; x_wconf 91' lang='lat' dir='ltr'>nuo</span> <span class='ocrx_word' id='word_1_425' title='bbox 1087 767 1191 795; x_wconf 64' lang='lat' dir='ltr'>saeviret</span> <span class='ocrx_word' id='word_1_426' title='bbox 1213 766 1365 795; x_wconf 88' lang='lat' dir='ltr'>concitavit.</span> <span class='ocrx_word' id='word_1_427' title='bbox 1390 768 1482 804; x_wconf 86' lang='lat' dir='ltr'>Neque</span> <span class='ocrx_word' id='word_1_428' title='bbox 1501 768 1579 796; x_wconf 83' lang='lat' dir='ltr'>refert</span> <span class='ocrx_word' id='word_1_429' title='bbox 1597 767 1746 802; x_wconf 83' lang='lat' dir='ltr'>Palladius,</span> 
     </span>
     <span class='ocr_line' id='line_1_74' title="bbox 1014 812 1749 852; baseline 0 -10"><span class='ocrx_word' id='word_1_430' title='bbox 1014 824 1067 851; x_wconf 85' lang='lat' dir='ltr'>qua</span> <span class='ocrx_word' id='word_1_431' title='bbox 1091 812 1124 841; x_wconf 82' lang='lat' dir='ltr'>de</span> <span class='ocrx_word' id='word_1_432' title='bbox 1150 822 1228 840; x_wconf 85' lang='lat' dir='ltr'>causa</span> <span class='ocrx_word' id='word_1_433' title='bbox 1254 812 1299 840; x_wconf 90' lang='lat' dir='ltr'>illa</span> <span class='ocrx_word' id='word_1_434' title='bbox 1327 813 1457 842; x_wconf 69' lang='lat' dir='ltr'>,Ioannem</span> <span class='ocrx_word' id='word_1_435' title='bbox 1482 812 1570 841; x_wconf 85' lang='lat' dir='ltr'>denuo</span> <span class='ocrx_word' id='word_1_436' title='bbox 1593 813 1749 852; x_wconf 86' lang='lat' dir='ltr'>impetierit,</span> 
     </span>
     <span class='ocr_line' id='line_1_75' title="bbox 1014 858 1751 897; baseline 0.001 -11"><span class='ocrx_word' id='word_1_437' title='bbox 1014 866 1092 897; x_wconf 83' lang='lat' dir='ltr'>atque</span> <span class='ocrx_word' id='word_1_438' title='bbox 1112 865 1141 887; x_wconf 89' lang='lat' dir='ltr'>ut</span> <span class='ocrx_word' id='word_1_439' title='bbox 1157 868 1217 886; x_wconf 87' lang='lat' dir='ltr'>eum</span> <span class='ocrx_word' id='word_1_440' title='bbox 1232 858 1385 886; x_wconf 82' lang='lat' dir='ltr'>deturbaret</span> <span class='ocrx_word' id='word_1_441' title='bbox 1399 868 1490 886; x_wconf 87' lang='lat' dir='ltr'>omnes</span> <span class='ocrx_word' id='word_1_442' title='bbox 1504 858 1641 887; x_wconf 83' lang='lat' dir='ltr'>machinas</span> <span class='ocrx_word' id='word_1_443' title='bbox 1655 869 1751 888; x_wconf 84' lang='lat' dir='ltr'>move-</span> 
     </span>
     <span class='ocr_line' id='line_1_76' title="bbox 1014 904 1753 933; baseline 0.001 -1"><span class='ocrx_word' id='word_1_444' title='bbox 1014 905 1049 932; x_wconf 88' lang='lat' dir='ltr'>rit</span> <span class='ocrx_word' id='word_1_445' title='bbox 1068 916 1074 931; x_wconf 75' lang='lat' dir='ltr'><em>z</em></span> <span class='ocrx_word' id='word_1_446' title='bbox 1093 914 1187 933; x_wconf 81' lang='lat' dir='ltr'>verum</span> <span class='ocrx_word' id='word_1_447' title='bbox 1205 904 1326 932; x_wconf 81' lang='lat' dir='ltr'>Socrates</span> <span class='ocrx_word' id='word_1_448' title='bbox 1345 911 1372 932; x_wconf 84' lang='lat' dir='ltr'>et</span> <span class='ocrx_word' id='word_1_449' title='bbox 1393 904 1554 933; x_wconf 85' lang='lat' dir='ltr'>Sozomenus</span> <span class='ocrx_word' id='word_1_450' title='bbox 1577 904 1647 933; x_wconf 80' lang='lat' dir='ltr'>hanc</span> <span class='ocrx_word' id='word_1_451' title='bbox 1664 904 1753 933; x_wconf 86' lang='lat' dir='ltr'>denuo</span> 
     </span>
     <span class='ocr_line' id='line_1_77' title="bbox 1014 950 1551 989; baseline 0.004 -11"><span class='ocrx_word' id='word_1_452' title='bbox 1014 950 1086 989; x_wconf 85' lang='lat' dir='ltr'>pulsi</span> <span class='ocrx_word' id='word_1_453' title='bbox 1101 950 1210 979; x_wconf 87' lang='lat' dir='ltr'>Joannis</span> <span class='ocrx_word' id='word_1_454' title='bbox 1225 951 1389 978; x_wconf 85' lang='lat' dir='ltr'>occasionem</span> <span class='ocrx_word' id='word_1_455' title='bbox 1404 951 1551 989; x_wconf 83' lang='lat' dir='ltr'>proferunt.</span> 
     </span>
    </p>

    <p class='ocr_par' dir='ltr' id='par_1_13' title="bbox 1009 996 1915 1447">
     <span class='ocr_line' id='line_1_78' title="bbox 1055 996 1904 1036; baseline 0.006 -13"><span class='ocrx_word' id='word_1_456' title='bbox 1055 997 1184 1034; x_wconf 81' lang='lat' dir='ltr'>Argentea</span> <span class='ocrx_word' id='word_1_457' title='bbox 1205 1003 1293 1024; x_wconf 86' lang='lat' dir='ltr'>statua</span> <span class='ocrx_word' id='word_1_458' title='bbox 1314 996 1445 1025; x_wconf 81' lang='lat' dir='ltr'>Eudoxiae</span> <span class='ocrx_word' id='word_1_459' title='bbox 1462 999 1607 1035; x_wconf 69' lang='lat' dir='ltr'>Augustae,</span> <span class='ocrx_word' id='word_1_460' title='bbox 1626 997 1753 1026; x_wconf 84' lang='lat' dir='ltr'>muliebri</span> <span class='ocrx_word' id='word_1_461' title='bbox 1772 1006 1904 1036; x_wconf 70' lang='lat' dir='ltr'>chrysosto-</span> 
     </span>
     <span class='ocr_line' id='line_1_79' title="bbox 1013 1039 1904 1090; baseline 0.003 -21"><span class='ocrx_word' id='word_1_462' title='bbox 1013 1040 1080 1069; x_wconf 81' lang='lat' dir='ltr'>stota</span> <span class='ocrx_word' id='word_1_463' title='bbox 1095 1042 1209 1078; x_wconf 78' lang='lat' dir='ltr'>amictae,</span> <span class='ocrx_word' id='word_1_464' title='bbox 1232 1052 1313 1080; x_wconf 85' lang='lat' dir='ltr'>supra</span> <span class='ocrx_word' id='word_1_465' title='bbox 1338 1042 1426 1070; x_wconf 88' lang='lat' dir='ltr'>basim</span> <span class='ocrx_word' id='word_1_466' title='bbox 1450 1049 1474 1070; x_wconf 92' lang='lat' dir='ltr'>et</span> <span class='ocrx_word' id='word_1_467' title='bbox 1489 1043 1640 1071; x_wconf 86' lang='lat' dir='ltr'>columnam</span> <span class='ocrx_word' id='word_1_468' title='bbox 1661 1051 1749 1072; x_wconf 86' lang='lat' dir='ltr'>erecta</span> <span class='ocrx_word' id='word_1_469' title='bbox 1762 1039 1904 1090; x_wconf 52' lang='lat' dir='ltr'>ffijerffi‘ndi</span> 
     </span>
     <span class='ocr_line' id='line_1_80' title="bbox 1014 1087 1915 1127; baseline 0.006 -12"><span class='ocrx_word' id='word_1_470' title='bbox 1014 1087 1110 1122; x_wconf 80' lang='lat' dir='ltr'>suerat,</span> <span class='ocrx_word' id='word_1_471' title='bbox 1130 1088 1252 1126; x_wconf 74' lang='lat' dir='ltr'>proxime</span> <span class='ocrx_word' id='word_1_472' title='bbox 1267 1087 1404 1116; x_wconf 84' lang='lat' dir='ltr'>ecclesiam</span> <span class='ocrx_word' id='word_1_473' title='bbox 1423 1089 1452 1117; x_wconf 90' lang='lat' dir='ltr'>S.</span> <span class='ocrx_word' id='word_1_474' title='bbox 1472 1089 1593 1127; x_wconf 80' lang='lat' dir='ltr'>Sophiae;</span> <span class='ocrx_word' id='word_1_475' title='bbox 1609 1089 1645 1117; x_wconf 83' lang='lat' dir='ltr'>ita</span> <span class='ocrx_word' id='word_1_476' title='bbox 1662 1096 1690 1117; x_wconf 89' lang='lat' dir='ltr'>ut</span> <span class='ocrx_word' id='word_1_477' title='bbox 1705 1089 1750 1118; x_wconf 84' lang='lat' dir='ltr'>in·</span> <span class='ocrx_word' id='word_1_478' title='bbox 1762 1099 1888 1121; x_wconf 69' lang='lat' dir='ltr'>Eudoxum</span> <span class='ocrx_word' id='word_1_479' title='bbox 1914 1120 1915 1124; x_wconf 67' lang='grc'>,</span> 
     </span>
     <span class='ocr_line' id='line_1_81' title="bbox 1013 1130 1904 1172; baseline 0.002 -11"><span class='ocrx_word' id='word_1_480' title='bbox 1013 1139 1052 1161; x_wconf 87' lang='lat' dir='ltr'>ter</span> <span class='ocrx_word' id='word_1_481' title='bbox 1068 1140 1208 1171; x_wconf 86' lang='lat' dir='ltr'>utramque</span> <span class='ocrx_word' id='word_1_482' title='bbox 1226 1133 1314 1162; x_wconf 87' lang='lat' dir='ltr'>media</span> <span class='ocrx_word' id='word_1_483' title='bbox 1334 1133 1474 1162; x_wconf 80' lang='lat' dir='ltr'>dumtaxat</span> <span class='ocrx_word' id='word_1_484' title='bbox 1490 1135 1582 1172; x_wconf 84' lang='lat' dir='ltr'>plateae</span> <span class='ocrx_word' id='word_1_485' title='bbox 1598 1135 1644 1162; x_wconf 82' lang='lat' dir='ltr'>via</span> <span class='ocrx_word' id='word_1_486' title='bbox 1664 1135 1750 1163; x_wconf 88' lang='lat' dir='ltr'>inter-</span> <span class='ocrx_word' id='word_1_487' title='bbox 1761 1130 1835 1151; x_wconf 70' lang='lat'>‘¹²¹²”0</span> <span class='ocrx_word' id='word_1_488' title='bbox 1853 1138 1904 1152; x_wconf 71' lang='lat'>²¹²·</span> 
     </span>
     <span class='ocr_line' id='line_1_82' title="bbox 1009 1166 1842 1224; baseline 0.002 -17"><span class='ocrx_word' id='word_1_489' title='bbox 1009 1180 1078 1218; x_wconf 85' lang='lat' dir='ltr'>jecta</span> <span class='ocrx_word' id='word_1_490' title='bbox 1094 1186 1170 1207; x_wconf 63' lang='lat' dir='ltr'>esset.</span> <span class='ocrx_word' id='word_1_491' title='bbox 1188 1181 1254 1207; x_wconf 80' lang='lat' dir='ltr'>Ante</span> <span class='ocrx_word' id='word_1_492' title='bbox 1275 1179 1349 1207; x_wconf 84' lang='lat' dir='ltr'>illam</span> <span class='ocrx_word' id='word_1_493' title='bbox 1368 1187 1482 1207; x_wconf 84' lang='lat' dir='ltr'>statuam</span> <span class='ocrx_word' id='word_1_494' title='bbox 1497 1190 1544 1218; x_wconf 86' lang='lat' dir='ltr'>pro</span> <span class='ocrx_word' id='word_1_495' title='bbox 1560 1186 1664 1219; x_wconf 85' lang='lat' dir='ltr'>recepto</span> <span class='ocrx_word' id='word_1_496' title='bbox 1678 1191 1753 1209; x_wconf 81' lang='lat' dir='ltr'>more</span> <span class='ocrx_word' id='word_1_497' title='bbox 1761 1166 1842 1224; x_wconf 48' lang='grc' dir='ltr'>ςέῗῑῖ</span> 
     </span>
     <span class='ocr_line' id='line_1_83' title="bbox 1013 1225 1833 1265; baseline 0.001 -12"><span class='ocrx_word' id='word_1_498' title='bbox 1013 1225 1156 1264; x_wconf 81' lang='lat' dir='ltr'>populares</span> <span class='ocrx_word' id='word_1_499' title='bbox 1165 1225 1223 1253; x_wconf 83' lang='lat' dir='ltr'>ludi</span> <span class='ocrx_word' id='word_1_500' title='bbox 1232 1225 1354 1253; x_wconf 87' lang='lat' dir='ltr'>celebrati</span> <span class='ocrx_word' id='word_1_501' title='bbox 1368 1231 1438 1252; x_wconf 89' lang='lat' dir='ltr'>sunt.</span> <span class='ocrx_word' id='word_1_502' title='bbox 1449 1226 1525 1264; x_wconf 65' lang='lat' dir='ltr'>Stepe</span> <span class='ocrx_word' id='word_1_503' title='bbox 1536 1225 1654 1254; x_wconf 88' lang='lat' dir='ltr'>vidimus</span> <span class='ocrx_word' id='word_1_504' title='bbox 1665 1226 1753 1265; x_wconf 83' lang='lat' dir='ltr'>Chry-</span> <span class='ocrx_word' id='word_1_505' title='bbox 1762 1242 1782 1255; x_wconf 78' lang='lat' dir='ltr'>e.</span> <span class='ocrx_word' id='word_1_506' title='bbox 1796 1234 1833 1257; x_wconf 89' lang='lat'>18.</span> 
     </span>
     <span class='ocr_line' id='line_1_84' title="bbox 1013 1270 1901 1310; baseline -0.001 -11"><span class='ocrx_word' id='word_1_507' title='bbox 1013 1278 1159 1299; x_wconf 85' lang='lat' dir='ltr'>sostornum</span> <span class='ocrx_word' id='word_1_508' title='bbox 1186 1278 1276 1299; x_wconf 85' lang='lat' dir='ltr'>contra</span> <span class='ocrx_word' id='word_1_509' title='bbox 1302 1270 1456 1309; x_wconf 83' lang='lat' dir='ltr'>hujusmodi</span> <span class='ocrx_word' id='word_1_510' title='bbox 1481 1271 1630 1310; x_wconf 86' lang='lat' dir='ltr'>spectacula</span> <span class='ocrx_word' id='word_1_511' title='bbox 1658 1271 1751 1300; x_wconf 87' lang='lat' dir='ltr'>decla-</span> <span class='ocrx_word' id='word_1_512' title='bbox 1787 1278 1872 1298; x_wconf 72' lang='lat' dir='ltr'>Sozam.</span> <span class='ocrx_word' id='word_1_513' title='bbox 1884 1277 1901 1298; x_wconf 85' lang='lat'>1.</span> 
     </span>
     <span class='ocr_line' id='line_1_85' title="bbox 1013 1305 1873 1355; baseline 0.001 -11"><span class='ocrx_word' id='word_1_514' title='bbox 1013 1324 1141 1353; x_wconf 85' lang='lat' dir='ltr'>mantem,</span> <span class='ocrx_word' id='word_1_515' title='bbox 1163 1317 1225 1355; x_wconf 85' lang='lat' dir='ltr'>quia</span> <span class='ocrx_word' id='word_1_516' title='bbox 1242 1327 1335 1355; x_wconf 88' lang='lat' dir='ltr'>nempe</span> <span class='ocrx_word' id='word_1_517' title='bbox 1355 1317 1381 1344; x_wconf 93' lang='lat' dir='ltr'>in</span> <span class='ocrx_word' id='word_1_518' title='bbox 1398 1316 1553 1355; x_wconf 84' lang='lat' dir='ltr'>hujusmodi</span> <span class='ocrx_word' id='word_1_519' title='bbox 1575 1316 1687 1345; x_wconf 86' lang='lat' dir='ltr'>ludicris</span> <span class='ocrx_word' id='word_1_520' title='bbox 1706 1327 1752 1345; x_wconf 79' lang='lat' dir='ltr'>re-</span> <span class='ocrx_word' id='word_1_521' title='bbox 1762 1305 1785 1329; x_wconf 79' lang='lat'>8&#39;</span> <span class='ocrx_word' id='word_1_522' title='bbox 1797 1316 1818 1329; x_wconf 71' lang='lat'>⁶·</span> <span class='ocrx_word' id='word_1_523' title='bbox 1832 1314 1873 1329; x_wconf 83' lang='lat'>²⁰·</span> 
     </span>
     <span class='ocr_line' id='line_1_86' title="bbox 1012 1362 1753 1401; baseline 0.003 -11"><span class='ocrx_word' id='word_1_524' title='bbox 1012 1362 1062 1390; x_wconf 80' lang='lat' dir='ltr'>bns</span> <span class='ocrx_word' id='word_1_525' title='bbox 1083 1373 1186 1401; x_wconf 85' lang='lat' dir='ltr'>semper</span> <span class='ocrx_word' id='word_1_526' title='bbox 1206 1363 1329 1400; x_wconf 55' lang='lat' dir='ltr'>quaedam</span> <span class='ocrx_word' id='word_1_527' title='bbox 1344 1362 1565 1397; x_wconf 77' lang='lat' dir='ltr'>admittebantur,</span> <span class='ocrx_word' id='word_1_528' title='bbox 1590 1374 1649 1400; x_wconf 84' lang='lat' dir='ltr'>quae</span> <span class='ocrx_word' id='word_1_529' title='bbox 1670 1362 1753 1392; x_wconf 84' lang='lat' dir='ltr'>Chri-</span> 
     </span>
     <span class='ocr_line' id='line_1_87' title="bbox 1013 1408 1752 1447; baseline 0.001 -12"><span class='ocrx_word' id='word_1_530' title='bbox 1013 1408 1160 1436; x_wconf 78' lang='lat' dir='ltr'>stianorum</span> <span class='ocrx_word' id='word_1_531' title='bbox 1182 1409 1303 1436; x_wconf 88' lang='lat' dir='ltr'>moribus</span> <span class='ocrx_word' id='word_1_532' title='bbox 1321 1415 1346 1436; x_wconf 85' lang='lat' dir='ltr'>et</span> <span class='ocrx_word' id='word_1_533' title='bbox 1366 1419 1437 1436; x_wconf 76' lang='lat' dir='ltr'>vcrae</span> <span class='ocrx_word' id='word_1_534' title='bbox 1458 1408 1550 1447; x_wconf 87' lang='lat' dir='ltr'>pietati</span> <span class='ocrx_word' id='word_1_535' title='bbox 1572 1409 1752 1437; x_wconf 84' lang='lat' dir='ltr'>adversaren—</span> 
     </span>
    </p>
   </div>
   <div class='ocr_carea' id='block_1_10' title="bbox 1012 1454 1750 1493">
    <p class='ocr_par' dir='ltr' id='par_1_14' title="bbox 1012 1454 1750 1493">
     <span class='ocr_line' id='line_1_88' title="bbox 1012 1454 1750 1493; baseline 0.001 -12"><span class='ocrx_word' id='word_1_536' title='bbox 1012 1461 1064 1482; x_wconf 85' lang='lat' dir='ltr'>tur.</span> <span class='ocrx_word' id='word_1_537' title='bbox 1089 1457 1260 1493; x_wconf 68' lang='lat' dir='ltr'>Quapropter</span> <span class='ocrx_word' id='word_1_538' title='bbox 1282 1454 1505 1493; x_wconf 65' lang='lat' dir='ltr'>Cliiysostomus,</span> <span class='ocrx_word' id='word_1_539' title='bbox 1529 1464 1590 1482; x_wconf 89' lang='lat' dir='ltr'>cum</span> <span class='ocrx_word' id='word_1_540' title='bbox 1615 1454 1670 1482; x_wconf 82' lang='lat' dir='ltr'>haec</span> <span class='ocrx_word' id='word_1_541' title='bbox 1689 1461 1750 1482; x_wconf 85' lang='lat' dir='ltr'>ante</span> 
     </span>
    </p>
   </div>
   <div class='ocr_carea' id='block_1_11' title="bbox 1901 0 1950 1330">
    <p class='ocr_par' dir='ltr' id='par_1_15' title="bbox 1901 0 1950 1330">
     <span class='ocr_line' id='line_1_89' title="bbox 1916 0 1950 1109; baseline 0 0"><span class='ocrx_word' id='word_1_542' title='bbox 1916 0 1950 1109; x_wconf 95' lang='lat' dir='ltr'>    </span> 
     </span>
     <span class='ocr_line' id='line_1_90' title="bbox 1901 1109 1933 1330; baseline 0 0"><span class='ocrx_word' id='word_1_543' title='bbox 1901 1109 1933 1330; x_wconf 95' lang='lat' dir='ltr'>   </span> 
     </span>
    </p>
   </div>
   <div class='ocr_carea' id='block_1_12' title="bbox 1849 1203 1902 1225">
    <p class='ocr_par' dir='ltr' id='par_1_16' title="bbox 1849 1203 1902 1225">
     <span class='ocr_line' id='line_1_91' title="bbox 1849 1203 1902 1225; baseline 0 -1"><span class='ocrx_word' id='word_1_544' title='bbox 1849 1203 1865 1224; x_wconf 94' lang='lat' dir='ltr'>l.</span> <span class='ocrx_word' id='word_1_545' title='bbox 1877 1203 1902 1225; x_wconf 89' lang='lat'>6.</span> 
     </span>
    </p>
   </div>
   <div class='ocr_carea' id='block_1_13' title="bbox 1011 1500 1755 2637">
    <p class='ocr_par' dir='ltr' id='par_1_17' title="bbox 1011 1500 1754 1814">
     <span class='ocr_line' id='line_1_92' title="bbox 1011 1500 1744 1539; baseline 0.001 -12"><span class='ocrx_word' id='word_1_546' title='bbox 1011 1501 1103 1528; x_wconf 76' lang='lat' dir='ltr'>valvas</span> <span class='ocrx_word' id='word_1_547' title='bbox 1117 1501 1233 1529; x_wconf 66' lang='lat' dir='ltr'>ecclesiae</span> <span class='ocrx_word' id='word_1_548' title='bbox 1244 1501 1310 1528; x_wconf 83' lang='lat' dir='ltr'>facta</span> <span class='ocrx_word' id='word_1_549' title='bbox 1322 1508 1450 1533; x_wconf 83' lang='lat' dir='ltr'>cerneret,</span> <span class='ocrx_word' id='word_1_550' title='bbox 1462 1500 1603 1539; x_wconf 85' lang='lat' dir='ltr'>pristinam</span> <span class='ocrx_word' id='word_1_551' title='bbox 1616 1500 1744 1538; x_wconf 84' lang='lat' dir='ltr'>loquendi</span> 
     </span>
     <span class='ocr_line' id='line_1_93' title="bbox 1014 1545 1752 1585; baseline 0.001 -12"><span class='ocrx_word' id='word_1_552' title='bbox 1014 1545 1165 1574; x_wconf 85' lang='lat' dir='ltr'>libertatem</span> <span class='ocrx_word' id='word_1_553' title='bbox 1180 1557 1324 1579; x_wconf 81' lang='lat' dir='ltr'>resumens,</span> <span class='ocrx_word' id='word_1_554' title='bbox 1342 1553 1431 1574; x_wconf 82' lang='lat' dir='ltr'>centra</span> <span class='ocrx_word' id='word_1_555' title='bbox 1446 1557 1490 1574; x_wconf 89' lang='lat' dir='ltr'>eos</span> <span class='ocrx_word' id='word_1_556' title='bbox 1505 1546 1551 1584; x_wconf 84' lang='lat' dir='ltr'>qui</span> <span class='ocrx_word' id='word_1_557' title='bbox 1562 1546 1693 1585; x_wconf 78' lang='lat' dir='ltr'>ejusmodi</span> <span class='ocrx_word' id='word_1_558' title='bbox 1710 1546 1752 1574; x_wconf 86' lang='lat' dir='ltr'>lu·</span> 
     </span>
     <span class='ocr_line' id='line_1_94' title="bbox 1015 1590 1752 1628; baseline 0.003 -10"><span class='ocrx_word' id='word_1_559' title='bbox 1015 1590 1063 1619; x_wconf 89' lang='lat' dir='ltr'>dos</span> <span class='ocrx_word' id='word_1_560' title='bbox 1077 1592 1216 1627; x_wconf 75' lang='lat' dir='ltr'>curabant,</span> <span class='ocrx_word' id='word_1_561' title='bbox 1235 1592 1277 1619; x_wconf 79' lang='lat' dir='ltr'>vel</span> <span class='ocrx_word' id='word_1_562' title='bbox 1295 1592 1349 1620; x_wconf 84' lang='lat' dir='ltr'>illis</span> <span class='ocrx_word' id='word_1_563' title='bbox 1365 1592 1518 1628; x_wconf 84' lang='lat' dir='ltr'>intererant,</span> <span class='ocrx_word' id='word_1_564' title='bbox 1534 1602 1595 1620; x_wconf 87' lang='lat' dir='ltr'>cum</span> <span class='ocrx_word' id='word_1_565' title='bbox 1611 1592 1752 1620; x_wconf 78' lang='lat' dir='ltr'>vehemen-</span> 
     </span>
     <span class='ocr_line' id='line_1_95' title="bbox 1016 1637 1752 1665; baseline 0 0"><span class='ocrx_word' id='word_1_566' title='bbox 1016 1639 1051 1665; x_wconf 91' lang='lat' dir='ltr'>tia</span> <span class='ocrx_word' id='word_1_567' title='bbox 1070 1638 1146 1665; x_wconf 86' lang='lat' dir='ltr'>solita</span> <span class='ocrx_word' id='word_1_568' title='bbox 1167 1638 1337 1665; x_wconf 83' lang='lat' dir='ltr'>concionatus</span> <span class='ocrx_word' id='word_1_569' title='bbox 1354 1644 1402 1665; x_wconf 78' lang='lat' dir='ltr'>est.</span> <span class='ocrx_word' id='word_1_570' title='bbox 1424 1637 1499 1665; x_wconf 83' lang='lat' dir='ltr'>Hanc</span> <span class='ocrx_word' id='word_1_571' title='bbox 1517 1644 1546 1665; x_wconf 77' lang='lat' dir='ltr'>ut</span> <span class='ocrx_word' id='word_1_572' title='bbox 1564 1637 1752 1665; x_wconf 85' lang='lat' dir='ltr'>contumeliam</span> 
     </span>
     <span class='ocr_line' id='line_1_96' title="bbox 1016 1684 1753 1722; baseline 0 -10"><span class='ocrx_word' id='word_1_573' title='bbox 1016 1695 1030 1712; x_wconf 91' lang='lat' dir='ltr'>a</span> <span class='ocrx_word' id='word_1_574' title='bbox 1045 1686 1145 1713; x_wconf 86' lang='lat' dir='ltr'>Joanne</span> <span class='ocrx_word' id='word_1_575' title='bbox 1160 1684 1210 1712; x_wconf 90' lang='lat' dir='ltr'>sibi</span> <span class='ocrx_word' id='word_1_576' title='bbox 1231 1684 1332 1712; x_wconf 81' lang='lat' dir='ltr'>illatam</span> <span class='ocrx_word' id='word_1_577' title='bbox 1353 1684 1434 1712; x_wconf 74' lang='lat' dir='ltr'>fuisse</span> <span class='ocrx_word' id='word_1_578' title='bbox 1448 1691 1545 1722; x_wconf 88' lang='lat' dir='ltr'>putans</span> <span class='ocrx_word' id='word_1_579' title='bbox 1563 1684 1687 1712; x_wconf 77' lang='lat' dir='ltr'>Eudoxia</span> <span class='ocrx_word' id='word_1_580' title='bbox 1700 1706 1708 1720; x_wconf 89' lang='lat'>,</span> <span class='ocrx_word' id='word_1_581' title='bbox 1725 1684 1753 1712; x_wconf 90' lang='lat' dir='ltr'>in</span> 
     </span>
     <span class='ocr_line' id='line_1_97' title="bbox 1016 1730 1754 1769; baseline 0 -11"><span class='ocrx_word' id='word_1_582' title='bbox 1016 1730 1083 1758; x_wconf 87' lang='lat' dir='ltr'>iram</span> <span class='ocrx_word' id='word_1_583' title='bbox 1107 1731 1236 1758; x_wconf 81' lang='lat' dir='ltr'>concitata</span> <span class='ocrx_word' id='word_1_584' title='bbox 1246 1753 1253 1766; x_wconf 97' lang='lat'>,</span> <span class='ocrx_word' id='word_1_585' title='bbox 1282 1740 1375 1758; x_wconf 79' lang='lat' dir='ltr'>rursus</span> <span class='ocrx_word' id='word_1_586' title='bbox 1401 1730 1586 1769; x_wconf 86' lang='lat' dir='ltr'>episcoporum</span> <span class='ocrx_word' id='word_1_587' title='bbox 1611 1730 1754 1769; x_wconf 82' lang='lat' dir='ltr'>Synodum</span> 
     </span>
     <span class='ocr_line' id='line_1_98' title="bbox 1015 1775 1722 1814; baseline 0 -11"><span class='ocrx_word' id='word_1_588' title='bbox 1015 1775 1142 1804; x_wconf 75' lang='lat' dir='ltr'>adversus</span> <span class='ocrx_word' id='word_1_589' title='bbox 1157 1776 1234 1804; x_wconf 89' lang='lat' dir='ltr'>illum</span> <span class='ocrx_word' id='word_1_590' title='bbox 1250 1776 1404 1814; x_wconf 76' lang='lat' dir='ltr'>congregari</span> <span class='ocrx_word' id='word_1_591' title='bbox 1421 1776 1533 1804; x_wconf 81' lang='lat' dir='ltr'>curavit.</span> <span class='ocrx_word' id='word_1_592' title='bbox 1712 1777 1722 1781; x_wconf 72' lang='lat'><strong><em>‘</em></strong></span> 
     </span>
    </p>

    <p class='ocr_par' dir='ltr' id='par_1_18' title="bbox 1013 1821 1755 2362">
     <span class='ocr_line' id='line_1_99' title="bbox 1055 1821 1754 1860; baseline -0.001 -11"><span class='ocrx_word' id='word_1_593' title='bbox 1055 1822 1106 1850; x_wconf 85' lang='lat' dir='ltr'>Hie</span> <span class='ocrx_word' id='word_1_594' title='bbox 1121 1833 1199 1860; x_wconf 86' lang='lat' dir='ltr'>porro</span> <span class='ocrx_word' id='word_1_595' title='bbox 1214 1823 1334 1850; x_wconf 77' lang='lat' dir='ltr'>Socrates</span> <span class='ocrx_word' id='word_1_596' title='bbox 1351 1832 1378 1850; x_wconf 90' lang='lat' dir='ltr'>se</span> <span class='ocrx_word' id='word_1_597' title='bbox 1394 1821 1504 1851; x_wconf 78' lang='lat' dir='ltr'>Joannis</span> <span class='ocrx_word' id='word_1_598' title='bbox 1524 1828 1596 1859; x_wconf 81' lang='lat' dir='ltr'>gesta</span> <span class='ocrx_word' id='word_1_599' title='bbox 1612 1821 1754 1860; x_wconf 79' lang='lat' dir='ltr'>improba-</span> 
     </span>
     <span class='ocr_line' id='line_1_100' title="bbox 1016 1866 1752 1905; baseline -0.001 -11"><span class='ocrx_word' id='word_1_600' title='bbox 1016 1877 1044 1894; x_wconf 89' lang='lat' dir='ltr'>re</span> <span class='ocrx_word' id='word_1_601' title='bbox 1058 1877 1108 1895; x_wconf 91' lang='lat' dir='ltr'>non</span> <span class='ocrx_word' id='word_1_602' title='bbox 1124 1866 1285 1895; x_wconf 87' lang='lat' dir='ltr'>dissimulat.</span> <span class='ocrx_word' id='word_1_603' title='bbox 1300 1867 1442 1895; x_wconf 89' lang='lat' dir='ltr'>Debuisset</span> <span class='ocrx_word' id='word_1_604' title='bbox 1458 1867 1527 1895; x_wconf 85' lang='lat' dir='ltr'>enim</span> <span class='ocrx_word' id='word_1_605' title='bbox 1540 1889 1547 1901; x_wconf 90' lang='lat'>,</span> <span class='ocrx_word' id='word_1_606' title='bbox 1563 1867 1660 1905; x_wconf 88' lang='lat' dir='ltr'>iuquit,</span> <span class='ocrx_word' id='word_1_607' title='bbox 1677 1866 1752 1905; x_wconf 83' lang='lat' dir='ltr'>prins</span> 
     </span>
     <span class='ocr_line' id='line_1_101' title="bbox 1017 1912 1754 1951; baseline 0 -11"><span class='ocrx_word' id='word_1_608' title='bbox 1017 1913 1112 1940; x_wconf 83' lang='lat' dir='ltr'>blanda</span> <span class='ocrx_word' id='word_1_609' title='bbox 1126 1913 1276 1941; x_wconf 84' lang='lat' dir='ltr'>hortatione</span> <span class='ocrx_word' id='word_1_610' title='bbox 1290 1912 1462 1951; x_wconf 85' lang='lat' dir='ltr'>Principibus</span> <span class='ocrx_word' id='word_1_611' title='bbox 1477 1913 1598 1949; x_wconf 85' lang='lat' dir='ltr'>suadere,</span> <span class='ocrx_word' id='word_1_612' title='bbox 1614 1919 1643 1940; x_wconf 91' lang='lat' dir='ltr'>ut</span> <span class='ocrx_word' id='word_1_613' title='bbox 1655 1912 1689 1940; x_wconf 89' lang='lat' dir='ltr'>ab</span> <span class='ocrx_word' id='word_1_614' title='bbox 1701 1912 1754 1941; x_wconf 88' lang='lat' dir='ltr'>hu-</span> 
     </span>
     <span class='ocr_line' id='line_1_102' title="bbox 1013 1958 1754 1998; baseline 0 -12"><span class='ocrx_word' id='word_1_615' title='bbox 1013 1958 1132 1997; x_wconf 84' lang='lat' dir='ltr'>jusmodi</span> <span class='ocrx_word' id='word_1_616' title='bbox 1151 1959 1264 1987; x_wconf 86' lang='lat' dir='ltr'>ludicris</span> <span class='ocrx_word' id='word_1_617' title='bbox 1281 1959 1452 1994; x_wconf 81' lang='lat' dir='ltr'>abstinerent,</span> <span class='ocrx_word' id='word_1_618' title='bbox 1472 1969 1557 1996; x_wconf 88' lang='lat' dir='ltr'>neque</span> <span class='ocrx_word' id='word_1_619' title='bbox 1574 1958 1680 1998; x_wconf 82' lang='lat' dir='ltr'>probris</span> <span class='ocrx_word' id='word_1_620' title='bbox 1700 1958 1754 1986; x_wconf 85' lang='lat' dir='ltr'>im-</span> 
     </span>
     <span class='ocr_line' id='line_1_103' title="bbox 1016 2004 1754 2044; baseline -0.001 -12"><span class='ocrx_word' id='word_1_621' title='bbox 1016 2011 1103 2044; x_wconf 85' lang='lat' dir='ltr'>petere</span> <span class='ocrx_word' id='word_1_622' title='bbox 1113 2015 1167 2039; x_wconf 83' lang='lat' dir='ltr'>eos,</span> <span class='ocrx_word' id='word_1_623' title='bbox 1182 2005 1226 2043; x_wconf 81' lang='lat' dir='ltr'>qui</span> <span class='ocrx_word' id='word_1_624' title='bbox 1239 2005 1289 2034; x_wconf 80' lang='lat' dir='ltr'>ista</span> <span class='ocrx_word' id='word_1_625' title='bbox 1302 2005 1360 2033; x_wconf 84' lang='lat' dir='ltr'>fieri</span> <span class='ocrx_word' id='word_1_626' title='bbox 1372 2011 1563 2043; x_wconf 82' lang='lat' dir='ltr'>praeceperant.</span> <span class='ocrx_word' id='word_1_627' title='bbox 1576 2005 1680 2033; x_wconf 77' lang='lat' dir='ltr'>Verum</span> <span class='ocrx_word' id='word_1_628' title='bbox 1691 2004 1754 2042; x_wconf 84' lang='lat' dir='ltr'>quis</span> 
     </span>
     <span class='ocr_line' id='line_1_104' title="bbox 1016 2049 1754 2089; baseline -0.003 -11"><span class='ocrx_word' id='word_1_629' title='bbox 1016 2051 1064 2079; x_wconf 91' lang='lat' dir='ltr'>scit</span> <span class='ocrx_word' id='word_1_630' title='bbox 1076 2062 1108 2079; x_wconf 85' lang='lat' dir='ltr'>an</span> <span class='ocrx_word' id='word_1_631' title='bbox 1125 2053 1271 2089; x_wconf 73' lang='lat' dir='ltr'>Augustam</span> <span class='ocrx_word' id='word_1_632' title='bbox 1287 2061 1338 2079; x_wconf 86' lang='lat' dir='ltr'>non</span> <span class='ocrx_word' id='word_1_633' title='bbox 1353 2050 1426 2089; x_wconf 85' lang='lat' dir='ltr'>prins</span> <span class='ocrx_word' id='word_1_634' title='bbox 1441 2049 1574 2077; x_wconf 86' lang='lat' dir='ltr'>monuerit</span> <span class='ocrx_word' id='word_1_635' title='bbox 1588 2056 1694 2077; x_wconf 81' lang='lat' dir='ltr'>sanctus</span> <span class='ocrx_word' id='word_1_636' title='bbox 1707 2059 1754 2077; x_wconf 85' lang='lat' dir='ltr'>an-</span> 
     </span>
     <span class='ocr_line' id='line_1_105' title="bbox 1016 2095 1754 2134; baseline -0.003 -10"><span class='ocrx_word' id='word_1_637' title='bbox 1016 2097 1112 2124; x_wconf 76' lang='lat' dir='ltr'>tistes?</span> <span class='ocrx_word' id='word_1_638' title='bbox 1128 2097 1219 2129; x_wconf 76' lang='lat' dir='ltr'>Certe,</span> <span class='ocrx_word' id='word_1_639' title='bbox 1239 2097 1365 2124; x_wconf 85' lang='lat' dir='ltr'>referente</span> <span class='ocrx_word' id='word_1_640' title='bbox 1388 2095 1564 2134; x_wconf 85' lang='lat' dir='ltr'>Theophane,</span> <span class='ocrx_word' id='word_1_641' title='bbox 1589 2095 1754 2134; x_wconf 81' lang='lat' dir='ltr'>Chrysosto-</span> 
     </span>
     <span class='ocr_line' id='line_1_106' title="bbox 1017 2140 1755 2178; baseline -0.004 -8"><span class='ocrx_word' id='word_1_642' title='bbox 1017 2153 1075 2170; x_wconf 87' lang='lat' dir='ltr'>mus</span> <span class='ocrx_word' id='word_1_643' title='bbox 1091 2142 1246 2170; x_wconf 54' lang='lat' dir='ltr'>Praefectum</span> <span class='ocrx_word' id='word_1_644' title='bbox 1263 2141 1349 2175; x_wconf 85' lang='lat' dir='ltr'>urbis,</span> <span class='ocrx_word' id='word_1_645' title='bbox 1366 2140 1438 2168; x_wconf 92' lang='lat' dir='ltr'>ludis</span> <span class='ocrx_word' id='word_1_646' title='bbox 1454 2140 1608 2178; x_wconf 85' lang='lat' dir='ltr'>hujusmodi</span> <span class='ocrx_word' id='word_1_647' title='bbox 1623 2140 1755 2178; x_wconf 78' lang='lat' dir='ltr'>praeposi-</span> 
     </span>
     <span class='ocr_line' id='line_1_107' title="bbox 1016 2185 1755 2224; baseline -0.005 -8"><span class='ocrx_word' id='word_1_648' title='bbox 1016 2195 1086 2224; x_wconf 71' lang='lat' dir='ltr'>tum,</span> <span class='ocrx_word' id='word_1_649' title='bbox 1099 2188 1149 2215; x_wconf 86' lang='lat' dir='ltr'>hac</span> <span class='ocrx_word' id='word_1_650' title='bbox 1161 2187 1195 2215; x_wconf 91' lang='lat' dir='ltr'>de</span> <span class='ocrx_word' id='word_1_651' title='bbox 1208 2198 1236 2215; x_wconf 88' lang='lat' dir='ltr'>re</span> <span class='ocrx_word' id='word_1_652' title='bbox 1249 2187 1362 2214; x_wconf 89' lang='lat' dir='ltr'>monuit.</span> <span class='ocrx_word' id='word_1_653' title='bbox 1379 2186 1427 2214; x_wconf 87' lang='lat' dir='ltr'>Ille</span> <span class='ocrx_word' id='word_1_654' title='bbox 1441 2196 1513 2219; x_wconf 75' lang='lat' dir='ltr'>vero,</span> <span class='ocrx_word' id='word_1_655' title='bbox 1525 2186 1570 2223; x_wconf 88' lang='lat' dir='ltr'>qui</span> <span class='ocrx_word' id='word_1_656' title='bbox 1587 2185 1755 2213; x_wconf 83' lang='lat' dir='ltr'>Manichaeus</span> 
     </span>
     <span class='ocr_line' id='line_1_108' title="bbox 1017 2230 1754 2269; baseline -0.004 -8"><span class='ocrx_word' id='word_1_657' title='bbox 1017 2240 1082 2266; x_wconf 89' lang='lat' dir='ltr'>erat,</span> <span class='ocrx_word' id='word_1_658' title='bbox 1109 2232 1261 2260; x_wconf 77' lang='lat' dir='ltr'>Eudoxiam</span> <span class='ocrx_word' id='word_1_659' title='bbox 1280 2231 1347 2259; x_wconf 87' lang='lat' dir='ltr'>adiit</span> <span class='ocrx_word' id='word_1_660' title='bbox 1368 2231 1520 2259; x_wconf 88' lang='lat' dir='ltr'>nuntiatum</span> <span class='ocrx_word' id='word_1_661' title='bbox 1544 2230 1583 2258; x_wconf 92' lang='lat' dir='ltr'>illi</span> <span class='ocrx_word' id='word_1_662' title='bbox 1604 2241 1656 2258; x_wconf 88' lang='lat' dir='ltr'>non</span> <span class='ocrx_word' id='word_1_663' title='bbox 1678 2240 1754 2269; x_wconf 74' lang='lat' dir='ltr'>posse</span> 
     </span>
     <span class='ocr_line' id='line_1_109' title="bbox 1017 2276 1754 2312; baseline -0.004 -5"><span class='ocrx_word' id='word_1_664' title='bbox 1017 2280 1144 2308; x_wconf 74' lang='lat' dir='ltr'>,Ioannem</span> <span class='ocrx_word' id='word_1_665' title='bbox 1161 2279 1238 2312; x_wconf 78' lang='lat' dir='ltr'>serre,</span> <span class='ocrx_word' id='word_1_666' title='bbox 1258 2284 1285 2305; x_wconf 91' lang='lat' dir='ltr'>ut</span> <span class='ocrx_word' id='word_1_667' title='bbox 1300 2284 1392 2305; x_wconf 59' lang='lat' dir='ltr'>statuae</span> <span class='ocrx_word' id='word_1_668' title='bbox 1407 2287 1460 2304; x_wconf 78' lang='lat' dir='ltr'>suae</span> <span class='ocrx_word' id='word_1_669' title='bbox 1476 2277 1560 2304; x_wconf 88' lang='lat' dir='ltr'>honor</span> <span class='ocrx_word' id='word_1_670' title='bbox 1574 2276 1754 2311; x_wconf 80' lang='lat' dir='ltr'>exhiberetur,</span> 
     </span>
     <span class='ocr_line' id='line_1_110' title="bbox 1019 2323 1568 2362; baseline -0.005 -10"><span class='ocrx_word' id='word_1_671' title='bbox 1019 2335 1070 2362; x_wconf 89' lang='lat' dir='ltr'>quo</span> <span class='ocrx_word' id='word_1_672' title='bbox 1085 2324 1170 2362; x_wconf 82' lang='lat' dir='ltr'>magis</span> <span class='ocrx_word' id='word_1_673' title='bbox 1184 2324 1302 2351; x_wconf 79' lang='lat' dir='ltr'>animuin</span> <span class='ocrx_word' id='word_1_674' title='bbox 1318 2323 1375 2361; x_wconf 87' lang='lat' dir='ltr'>ejus</span> <span class='ocrx_word' id='word_1_675' title='bbox 1389 2329 1568 2361; x_wconf 81' lang='lat' dir='ltr'>exasperaret.</span> 
     </span>
    </p>

    <p class='ocr_par' dir='ltr' id='par_1_19' title="bbox 1019 2367 1755 2637">
     <span class='ocr_line' id='line_1_111' title="bbox 1060 2367 1755 2406; baseline -0.007 -7"><span class='ocrx_word' id='word_1_676' title='bbox 1060 2369 1183 2399; x_wconf 79' lang='lat' dir='ltr'>Eudoxia</span> <span class='ocrx_word' id='word_1_677' title='bbox 1208 2369 1290 2406; x_wconf 73' lang='lat' dir='ltr'>igitur</span> <span class='ocrx_word' id='word_1_678' title='bbox 1313 2368 1339 2395; x_wconf 85' lang='lat' dir='ltr'>id</span> <span class='ocrx_word' id='word_1_679' title='bbox 1361 2369 1387 2395; x_wconf 90' lang='lat' dir='ltr'>in</span> <span class='ocrx_word' id='word_1_680' title='bbox 1404 2368 1592 2396; x_wconf 84' lang='lat' dir='ltr'>contumeliam</span> <span class='ocrx_word' id='word_1_681' title='bbox 1611 2377 1688 2396; x_wconf 86' lang='lat' dir='ltr'>suam</span> <span class='ocrx_word' id='word_1_682' title='bbox 1707 2367 1755 2395; x_wconf 89' lang='lat' dir='ltr'>di-</span> 
     </span>
     <span class='ocr_line' id='line_1_112' title="bbox 1020 2413 1754 2454; baseline -0.005 -10"><span class='ocrx_word' id='word_1_683' title='bbox 1020 2424 1092 2444; x_wconf 89' lang='lat' dir='ltr'>etum</span> <span class='ocrx_word' id='word_1_684' title='bbox 1109 2422 1242 2454; x_wconf 85' lang='lat' dir='ltr'>reputans,</span> <span class='ocrx_word' id='word_1_685' title='bbox 1258 2425 1350 2442; x_wconf 72' lang='lat' dir='ltr'>rursus</span> <span class='ocrx_word' id='word_1_686' title='bbox 1364 2413 1474 2443; x_wconf 79' lang='lat' dir='ltr'>Joaunis</span> <span class='ocrx_word' id='word_1_687' title='bbox 1490 2414 1632 2452; x_wconf 87' lang='lat' dir='ltr'>perniciem</span> <span class='ocrx_word' id='word_1_688' title='bbox 1648 2413 1754 2441; x_wconf 82' lang='lat' dir='ltr'>machi-</span> 
     </span>
     <span class='ocr_line' id='line_1_113' title="bbox 1020 2458 1755 2499; baseline -0.007 -8"><span class='ocrx_word' id='word_1_689' title='bbox 1020 2470 1080 2491; x_wconf 83' lang='lat' dir='ltr'>nata</span> <span class='ocrx_word' id='word_1_690' title='bbox 1102 2469 1149 2498; x_wconf 81' lang='lat' dir='ltr'>est,</span> <span class='ocrx_word' id='word_1_691' title='bbox 1172 2468 1195 2489; x_wconf 90' lang='lat' dir='ltr'>et</span> <span class='ocrx_word' id='word_1_692' title='bbox 1213 2460 1353 2499; x_wconf 70' lang='lat' dir='ltr'>Synoduni</span> <span class='ocrx_word' id='word_1_693' title='bbox 1374 2459 1559 2498; x_wconf 75' lang='lat' dir='ltr'>episcoporum</span> <span class='ocrx_word' id='word_1_694' title='bbox 1579 2458 1706 2486; x_wconf 80' lang='lat' dir='ltr'>adversus</span> <span class='ocrx_word' id='word_1_695' title='bbox 1721 2458 1755 2486; x_wconf 88' lang='lat' dir='ltr'>il-</span> 
     </span>
     <span class='ocr_line' id='line_1_114' title="bbox 1019 2504 1754 2546; baseline -0.008 -9"><span class='ocrx_word' id='word_1_696' title='bbox 1019 2509 1076 2537; x_wconf 88' lang='lat' dir='ltr'>lum</span> <span class='ocrx_word' id='word_1_697' title='bbox 1092 2507 1245 2546; x_wconf 75' lang='lat' dir='ltr'>congregari</span> <span class='ocrx_word' id='word_1_698' title='bbox 1261 2506 1374 2534; x_wconf 79' lang='lat' dir='ltr'>curavit.</span> <span class='ocrx_word' id='word_1_699' title='bbox 1394 2505 1420 2533; x_wconf 85' lang='lat' dir='ltr'>ld</span> <span class='ocrx_word' id='word_1_700' title='bbox 1439 2505 1484 2532; x_wconf 89' lang='lat' dir='ltr'>ubi</span> <span class='ocrx_word' id='word_1_701' title='bbox 1500 2504 1606 2533; x_wconf 82' lang='lat' dir='ltr'>rescivit</span> <span class='ocrx_word' id='word_1_702' title='bbox 1625 2506 1754 2538; x_wconf 80' lang='lat' dir='ltr'>Joannes,</span> 
     </span>
     <span class='ocr_line' id='line_1_115' title="bbox 1020 2549 1754 2586; baseline -0.007 -4"><span class='ocrx_word' id='word_1_703' title='bbox 1020 2556 1040 2583; x_wconf 85' lang='lat' dir='ltr'>si</span> <span class='ocrx_word' id='word_1_704' title='bbox 1063 2555 1129 2582; x_wconf 79' lang='lat' dir='ltr'>sides</span> <span class='ocrx_word' id='word_1_705' title='bbox 1143 2554 1176 2581; x_wconf 80' lang='lat' dir='ltr'>sit</span> <span class='ocrx_word' id='word_1_706' title='bbox 1195 2552 1299 2581; x_wconf 80' lang='lat' dir='ltr'>Socrati</span> <span class='ocrx_word' id='word_1_707' title='bbox 1313 2558 1338 2579; x_wconf 88' lang='lat' dir='ltr'>et</span> <span class='ocrx_word' id='word_1_708' title='bbox 1354 2552 1510 2586; x_wconf 74' lang='lat' dir='ltr'>Sozoineno,</span> <span class='ocrx_word' id='word_1_709' title='bbox 1527 2550 1598 2578; x_wconf 85' lang='lat' dir='ltr'>illam</span> <span class='ocrx_word' id='word_1_710' title='bbox 1616 2549 1754 2578; x_wconf 84' lang='lat' dir='ltr'>homiliam</span> 
     </span>
     <span class='ocr_line' id='line_1_116' title="bbox 1023 2596 1754 2637; baseline -0.005 -9"><span class='ocrx_word' id='word_1_711' title='bbox 1023 2600 1093 2628; x_wconf 79' lang='lat' dir='ltr'>habu</span> <span class='ocrx_word' id='word_1_712' title='bbox 1109 2607 1126 2633; x_wconf 85' lang='lat' dir='ltr'>t,</span> <span class='ocrx_word' id='word_1_713' title='bbox 1141 2610 1199 2637; x_wconf 69' lang='lat' dir='ltr'>qum</span> <span class='ocrx_word' id='word_1_714' title='bbox 1211 2598 1248 2627; x_wconf 81' lang='lat' dir='ltr'>sic</span> <span class='ocrx_word' id='word_1_715' title='bbox 1262 2597 1372 2636; x_wconf 86' lang='lat' dir='ltr'>incipit:</span> <span class='ocrx_word' id='word_1_716' title='bbox 1386 2598 1508 2625; x_wconf 80' lang='lat' dir='ltr'>Rursum</span> <span class='ocrx_word' id='word_1_717' title='bbox 1519 2596 1660 2624; x_wconf 77' lang='lat' dir='ltr'>Herodias</span> <span class='ocrx_word' id='word_1_718' title='bbox 1670 2597 1754 2634; x_wconf 77' lang='lat' dir='ltr'>stu-il.</span> 
     </span>
    </p>
   </div>
  </div>
 </body>
</html>
