1884 2922
771 212 874 235 lxm-:x
903 213 1028 235 RERUM.

111 307 113 309 ι
127 277 172 301 76.
186 285 210 300 A.
225 273 326 301 Eorum
338 273 386 301 ahu
399 280 498 301 nanu-iu
508 273 699 303 sublimitatem
713 273 862 313 designant.

127 324 147 345 I.
163 320 228 344 573.
245 328 271 344 (2.
290 323 333 345 VI.
349 322 395 347 76.
413 327 441 346 D.
466 323 524 346 161.
541 328 565 345 A.

165 360 305 398 Seraphim
332 361 421 389 velant
444 361 538 389 faciem
566 371 653 395 suam,
681 368 707 390 et
731 361 785 389 alas
803 372 864 389 suas

123 403 309 442 praetendunt,
333 405 397 443 quia
412 405 462 433 Dei
479 405 569 433 lumen
592 405 660 433 ferre
674 416 725 433 non
741 412 860 444 possunt.

126 456 144 477 I.
162 454 226 477 569.
243 461 267 477 r..
292 454 356 478 571.
374 462 398 478 (J.
414 450 555 488 Seraphim
573 456 598 478 et
613 450 760 478 Cherubim
774 450 864 478 oculos

125 502 265 531 corporeos
278 504 329 521 nou
340 493 448 522 habent.
462 502 481 523 I.
495 499 559 524 582.
577 494 718 534 Seraphim
744 506 792 523 cur
811 505 863 523 non

124 536 219 564 faciem
227 543 340 573 tantum,
355 538 400 566 sed
411 538 490 566 etiam
503 539 581 577 pedes
596 546 655 567 ante
664 540 751 567 Deum
762 539 861 568 velent.

126 586 368 610 V1.11'⁴.13.115.c.
381 589 408 610 et
419 592 482 621 sqq.
495 583 597 611 Eorum
609 582 726 621 dignitas
736 582 863 611 maxima.

126 631 170 653 VI.
191 630 253 654 160.
272 637 297 654 Β.
313 636 338 654 C.

163 670 344 698 Sen-xmucrs
359 669 476 708 hymnus
489 670 516 699 in
531 670 652 708 liturgia.
672 677 715 698 VI.
732 674 794 698 162.
811 680 838 698 c.

162 712 314 742 SEnAmms
330 714 458 752 templum
470 713 651 742 Alexandriae.
668 722 689 742 1.
705 719 770 742 726.
792 725 819 742 c.
834 714 863 742 ln

123 766 153 784 eo
168 757 256 785 versio
270 758 473 797 scripturarum
497 769 511 786 a
535 759 677 787 Ptolemaeo
698 765 789 787 curata
808 769 865 787 ser-

125 807 211 829 vatur.
222 802 267 829 ΙΙ).

162 845 303 874 SERArioN
325 845 466 884 episcopus
487 845 559 884 apud
581 847 684 874 Marsos
706 852 731 874 et
750 846 865 875 Gotthos

122 888 260 927 episcopos
270 889 449 918 delitescebat.
469 897 513 917 III.
531 894 596 918 722.
611 901 636 917 A.

161 932 276 960 Snnlcffi
289 940 385 960 vestes.
411 940 457 961 III.
476 937 522 961 63.
541 944 567 960 A.
583 939 615 961 v.
636 937 700 960 517.
730 943 751 962 t.
773 933 863 975 Serica

122 975 167 1002 fita
190 975 215 1003 iu
237 976 332 1005 calceis
348 977 462 1005 inserere
480 983 518 1005 cst
535 976 705 1005 contumelia.
723 983 779 1005 VII.
799 981 862 1005 574.

122 1030 147 1047 e..
164 1019 253 1047 Serica
277 1029 310 1047 ex
324 1020 421 1048 Serum
434 1021 541 1058 regione
559 1021 679 1049 veniunt.
695 1027 740 1049 ΧΙ.
757 1025 823 1050 702.
838 1033 862 1049 F.

161 1063 303 1091 Smmomz
322 1063 403 1091 homo
415 1063 593 1102 distinguitur
603 1075 617 1091 a
636 1064 733 1101 brutis,
746 1071 771 1093 et
786 1065 820 1093 ob
834 1065 860 1094 id

119 1105 220 1134 dieitur
233 1106 332 1135 animal
342 1107 455 1145 λογικόν,
466 1107 517 1135 hoc
530 1115 567 1136 est
578 1108 706 1136 sermonis
718 1109 859 1148 particeps.

122 1157 168 1178 VI.
186 1155 249 1179 140.
266 1161 292 1179 Ε.
307 1151 434 1180 Sermone
448 1152 537 1180 anima
558 1152 675 1180 hominis
696 1152 787 1181 alitur.
814 1155 859 1184 ΙΙ),

119 1194 212 1223 Sermo
233 1193 323 1223 brevis
345 1201 401 1222 esto
416 1194 442 1222 in
458 1194 538 1223 rebus
559 1205 611 1223 non
636 1196 800 1225 necessariis.
813 1204 859 1226 lx.

121 1242 164 1266 48.
182 1249 207 1265 A.

156 1282 249 1309 Sermo
272 1281 444 1319 evangelicus
478 1293 525 1320 per
559 1283 694 1321 apostolos
721 1284 860 1322 prolatus,

118 1325 216 1361 quavis
238 1334 323 1363 penna
348 1325 467 1353 velocius
490 1325 621 1354 mundum
647 1327 808 1365 pervolavit.
825 1336 857 1357 V.

118 1373 182 1398 588.
197 1380 220 1397 B.
238 1369 330 1397 Sermo
342 1376 433 1397 contra
456 1370 712 1399 Pneumatomachos
736 1378 760 1399 et
784 1371 859 1400 Aria-

117 1421 164 1439 nos
178 1433 185 1446 ,
201 1418 340 1448 antequam
356 1412 565 1450 Chrysostomus
589 1413 804 1452 concionaretur,
822 1415 857 1443 ab

117 1455 216 1484 incerto
227 1461 334 1483 auctore
348 1456 473 1494 scriptus.
488 1464 545 1485 XII.
562 1462 627 1488 571.
646 1468 670 1486 n.

155 1500 288 1535 Semnus,
306 1499 351 1536 qui
372 1499 457 1528 Evam
472 1500 589 1535 seduxit,
612 1511 664 1529 non
686 1509 741 1530 erat
759 1502 859 1532 ratione

116 1542 256 1581 praeditus‚
272 1542 317 1571 sed
333 1554 379 1581 per
398 1543 475 1572 illum
488 1544 649 1582 loquebatur
661 1545 796 1577 diabolus,
811 1554 856 1575 IV.

118 1590 181 1614 148.
195 1596 220 1613 Ε.
236 1586 371 1624 Serpentis
396 1587 482 1615 Evam
501 1588 661 1626 alloquentis
683 1589 790 1618 astutia.
811 1592 853 1618 Ib.

118 1639 144 1658 A.
163 1639 187 1656 n.
201 1629 269 1657 Cum
284 1628 420 1665 diabolus,
432 1631 560 1669 serpentis
571 1641 650 1670 opera
666 1643 739 1669 usus,
756 1633 856 1662 malum

119 1672 239 1700 attulerit
257 1672 412 1707 consilium,
425 1684 474 1701 eur
489 1674 573 1702 bestia
591 1675 637 1704 illa
653 1677 792 1714 puniatur.
809 1684 852 1706 IV.

116 1722 180 1746 167.
196 1729 224 1746 D.
241 1719 376 1756 Serpentis
386 1719 548 1750 maledictio.
564 1728 607 1749 IV.
626 1726 688 1751 169.
706 1733 731 1751 E.
750 1733 777 1752 A.

151 1761 292 1800 Serpentes
306 1763 367 1799 quia
383 1762 494 1791 devorat
504 1773 607 1799 cervuS,
619 1764 677 1793 ideo
687 1765 852 1797 sitibundus.

115 1812 148 1834 V.
167 1810 231 1833 164.
247 1816 272 1833 n.
286 1806 426 1844 Serpentes
436 1813 460 1834 et
472 1807 627 1846 scorpiones
639 1808 706 1846 quid
721 1809 757 1838 ad
772 1810 854 1840 vitam

113 1848 248 1877 commodi
265 1849 386 1879 afferant.
412 1857 443 1878 V.
463 1855 527 1879 595.
546 1862 573 1879 n.
590 1853 749 1890 Serpentum
783 1854 853 1883 ima-

114 1892 189 1930 gines
205 1893 231 1920 in
254 1903 364 1921 numero
382 1894 494 1922 deorum
510 1895 598 1923 relatae
613 1906 626 1923 a
642 1896 775 1933 gentibus.
794 1904 851 1927 vlt.

115 1941 159 1964 12.
178 1947 204 1966 A.
216 1936 354 1975 Serpentis
368 1936 510 1975 prudentia
524 1939 601 1976 quid.
613 1946 659 1969 III.
672 1945 736 1969 954.
754 1951 781 1970 Ε.
797 1948 854 1973 VII.

113 1984 177 2009 428.
192 1990 217 2010 e.

150 2024 272 2062 Serpens
292 2025 439 2062 quomodo
454 2026 549 2053 Evam
571 2026 718 2055 allocutus
734 2030 786 2062 sit,
813 2040 853 2057 an

112 2078 184 2096 voce
209 2068 350 2101 hunzana,
367 2078 407 2096 an
431 2069 518 2096 sibilo
543 2073 690 2107 serpentis.
718 2078 763 2099 VI.
789 2076 852 2102 579.

112 2123 138 2141 Β.
155 2111 310 2139 Mulierem
326 2112 485 2150 alloquens
499 2115 633 2151 graviter
644 2118 780 2144 mentitus
797 2124 849 2147 est.

112 2161 158 2183 VI.
173 2159 236 2183 580.
251 2166 276 2183 c.

147 2200 273 2227 81:11va
286 2199 403 2227 Domino
415 2199 440 2227 in
453 2201 546 2228 timore
556 2201 622 2238 quid
634 2202 677 2230 sit.
689 2209 734 2230 VI.
750 2207 811 2232 113.
823 2216 849 2233 A.

150 2242 289 2269 SERVITUS
306 2252 400 2270 nomen
416 2249 517 2272 tantum
530 2251 583 2279 est;
599 2244 643 2272 ille
658 2245 728 2274 enim
741 2254 779 2274 est
794 2257 852 2275 ser-

111 2295 178 2321 vus,
192 2284 238 2322 qui
262 2292 398 2322 peccatum
413 2295 548 2325 operatur.
564 2295 609 2316 IV.
626 2293 690 2317 338.
717 2301 742 2320 c,
760 2291 852 2319 Servi-

111 2328 175 2356 tutis
187 2327 280 2356 modos
293 2335 357 2365 quot
367 2329 502 2358 induxerit
517 2338 663 2369 peccatum.
676 2339 720 2360 IV.
738 2338 803 2361 763.
822 2346 848 2364 A.

111 2368 232 2396 Servitus
244 2378 295 2395 non
308 2375 429 2396 naturam
441 2370 572 2407 sequitur,
586 2370 631 2398 sed
642 2378 789 2409 peccatum.
802 2381 847 2402 IV.

112 2416 178 2439 771.
204 2422 231 2438 A.
254 2411 374 2439 Servitus
390 2415 490 2451 peccati
513 2413 671 2451 gravissima
694 2421 743 2449 est,
764 2426 778 2443 a
797 2427 849 2454 qua

112 2453 184 2481 solus
196 2455 268 2482 Deus
283 2454 396 2483 liberare
412 2463 506 2494 potest.
526 2463 593 2485 VIII.
611 2462 673 2486 363.
688 2469 713 2487 c.
732 2460 849 2489 Avaritia

112 2503 137 2525 et
151 2497 215 2525 vitia
230 2497 291 2526 inde
304 2498 426 2535 fluentia,
440 2500 539 2528 liberos
554 2502 580 2528 in
594 2502 757 2530 teterrimam
767 2504 850 2532 servi-

114 2547 197 2569 tutem
209 2541 344 2580 redigunt.
366 2550 434 2572 VIII.
452 2549 516 2573 401.
535 2555 561 2573 D.
584 2552 630 2573 XI.
647 2551 710 2575 192.
727 2548 850 2576 Servitus

114 2584 192 2612 etiam
212 2585 322 2614 iuberis
340 2593 387 2615 est.
408 2594 453 2615 XI.
476 2592 535 2616 162.
552 2598 577 2617 Ε.
598 2599 623 2616 r.
641 2600 666 2617 A.
686 2589 779 2618 Virtus
797 2600 847 2619 non

1596 207 1664 241 383

920 281 1003 313 potest
1019 275 1044 303 in
1070 275 1225 304 servitutem
1246 276 1333 315 redigi
1350 277 1436 315 :quid
1465 278 1534 306 enim
1550 279 1664 308 servitus

919 318 1008 346 nocuit
1023 319 1160 358 Josepbo?
1180 327 1222 348 VI.
1243 325 1303 350 179.
1330 332 1355 350 c.
1383 322 1536 351 Ser-vitulis
1554 325 1662 361 species

918 362 1045 392 diversae.
1065 370 1108 392 VI.
1126 367 1188 391 476.
1202 375 1226 391 Β.
1243 364 1364 393 Servitus
1377 365 1533 394 Judaeorum
1545 367 1595 395 sub
1608 369 1662 395 An-

918 405 1008 433 tiocho
1022 416 1094 445 rege.
1113 414 1134 436 1.
1151 411 1217 437 783.
1236 418 1262 435 A.

956 450 1055 477 Servus
1068 457 1092 478 et
1107 450 1176 478 liber
1189 451 1297 479 nomina
1310 458 1412 481 tantum
1428 460 1499 482 sunt.
1516 461 1536 483 I.
1554 458 1619 484 960.
1634 465 1660 483 c.

918 499 965 520 XII
995 498 1059 523 488.
1085 504 1111 521 A.
1128 494 1205 523 Servi
1219 495 1339 523 moribus
1354 496 1501 534 aliquando
1518 497 1590 526 heris
1606 509 1657 527 no—

918 535 1037 564 biliores.
1063 544 1082 564 I.
1101 542 1165 565 960.
1186 549 1213 565 c.
1230 538 1309 566 Hei-is
1334 539 1483 568 simultates
1508 541 1659 576 agentibus,

916 578 1092 618 improbiores
1107 580 1185 609 fiunt.
1204 588 1224 609 I.
1250 586 1312 609 382.
1329 593 1356 610 Ε.
1371 584 1459 611 Mores
1479 595 1541 613 suos
1554 595 1660 624 compo-

918 629 983 650 nunt
994 624 1027 651 ad
1038 624 1196 662 exemplum
1209 624 1392 656 dominorum.
1408 634 1454 656 XI.
1472 633 1532 656 181.
1551 639 1579 658 A.

957 667 1108 695 Servorum
1134 667 1200 696 vitia
1215 668 1373 707 corrigenda
1391 678 1500 709 propter
1520 673 1617 701 Deum.
1639 680 1660 701 I.

919 714 984 738 861.
1007 722 1032 738 n.
1053 711 1151 739 Servos
1168 711 1311 741 doceamus
1331 713 1469 751 religiosos
1484 725 1539 743 esse
1554 723 1578 744 et
1589 717 1660 756 pios.

919 760 964 782 XI.
984 759 1046 782 192.
1063 765 1087 784 B.
1117 755 1186 783 Cum
1207 756 1412 785 mansuetudine
1433 765 1458 786 et
1472 759 1582 788 caritate
1598 771 1660 789 cum

918 797 1001 825 servis
1015 799 1147 837 agendum
1161 806 1209 828 est.
1227 808 1273 829 XI.
1289 806 1353 831 853.
1371 813 1396 830 r..
1415 802 1449 830 Et
1463 802 1498 830 ita
1512 804 1597 833 facere
1611 815 1658 833 nos

918 841 1010 870 docuit
1026 842 1082 881 ipse
1096 843 1219 872 Christus
1231 866 1238 878 ‚
1262 855 1322 873 cum
1336 856 1379 873 eos
1395 847 1506 883 fratres,
1524 847 1622 877 amicos
1635 856 1661 877 et

919 885 1069 914 cohaercdes
1084 894 1199 916 vocaret.
1219 890 1260 915 ΙΙ).
1277 895 1305 916 et
1317 894 1380 917 817.
1396 900 1423 917 n.

958 930 1056 958 Servus
1068 937 1105 958 cst
1120 932 1166 968 qui
1181 939 1320 970 peceatum
1333 940 1468 971 operatur.
1484 941 1528 962 IV.
1548 939 1611 964 338.
1630 946 1656 965 e.

918 979 949 1000 Χ.
969 977 1030 1000 193.
1046 984 1073 1001 Ε.
1098 979 1158 1002 194.
1185 975 1260 1003 Nihil
1276 986 1349 1013 aeque
1364 986 1473 1004 servum
1496 977 1602 1015 Ieddit‚
1629 987 1658 1008 ut

917 1015 1008 1044 multis
1020 1026 1106 1054 egere,
1121 1018 1190 1046 sicut
1204 1018 1284 1046 etiam
1299 1019 1424 1055 liberum,
1438 1023 1583 1051 necessaria
1598 1030 1657 1052 tan-

917 1065 976 1087 tum
995 1060 1138 1098 requirere.
1157 1068 1189 1090 V.
1208 1066 1273 1091 316.
1292 1072 1315 1090 Β.

957 1103 1032 1131 Servi
1063 1114 1077 1131 a
1096 1103 1212 1133 dominis
1240 1106 1447 1144 appellationem
1465 1116 1585 1138 sumunt.
1609 1118 1655 1139 IV.

918 1151 983 1174 851.
1001 1157 1028 1176 1).
1045 1148 1198 1186 Numquam
1213 1156 1275 1177 sunt
1290 1150 1398 1179 milites.
1416 1159 1460 1180 III.
1476 1158 1522 1182 71.
1538 1164 1564 1182 C.
1580 1155 1657 1183 Servi

916 1200 931 1218 a
953 1191 1129 1219 morientibus
1151 1192 1224 1220 heris
1242 1192 1366 1222 libertate
1387 1194 1568 1225 donabantur.
1600 1204 1655 1226 VII.

917 1237 981 1261 202.
997 1245 1021 1262 A.
1036 1235 1139 1263 Eorum
1154 1235 1300 1264 multitudo
1316 1237 1492 1276 vituperatur.
1509 1247 1541 1268 Χ,
1553 1245 1616 1268 447.
1630 1251 1656 1269 ιῑ.

916 1281 981 1305 448.

955 1322 1099 1350 Servorum
1120 1322 1218 1352 officia.
1234 1331 1280 1352 XI.
1303 1330 1366 1353 190.
1391 1337 1415 1355 r.
1435 1327 1553 1356 Difficile
1569 1351 1577 1365 ‚
1601 1329 1656 1358 imo

917 1365 1038 1393 mirabile
1053 1373 1092 1394 est
1104 1391 1109 1399 ,
1121 1377 1228 1395 servum
1243 1367 1343 1396 bonum
1362 1375 1387 1397 et
1411 1370 1505 1398 utilem
1520 1371 1652 1401 invenire.

915 1416 959 1437 XI.
975 1414 1038 1438 817.
1055 1420 1081 1440 n.
1095 1411 1198 1440 Servus
1214 1411 1260 1448 qui
1274 1412 1333 1440 heri
1352 1412 1394 1440 sui
1411 1413 1534 1442 mandata
1549 1415 1655 1454 implet,

914 1453 963 1480 Dei
982 1461 1112 1492 praecepta
1130 1461 1227 1482 servat.
1246 1463 1294 1487 ΧΙ.
1311 1461 1374 1484 818.
1390 1469 1415 1485 A.
1433 1459 1578 1491 Quomodo
1592 1470 1654 1488 ser-

912 1507 962 1524 vus
976 1497 1024 1524 Dei
1039 1503 1064 1524 et
1078 1497 1136 1525 heri
1151 1498 1192 1525 sui
1205 1499 1328 1527 mandata
1344 1499 1479 1538 implebit.
1497 1503 1540 1531 lb.
1558 1513 1584 1532 Β,

952 1540 1028 1569 Servi
1050 1541 1135 1570 forma
1148 1542 1210 1570 Filii
1225 1543 1275 1571 Dei
1296 1543 1453 1582 dignitatem
1472 1556 1523 1574 non
1545 1546 1652 1576 minuit.

914 1590 981 1612 VIII.
996 1589 1042 1612 73.
1059 1595 1085 1613 C.

950 1629 1046 1657 Servos
1061 1629 1112 1657 Dei
1134 1629 1261 1658 elementa
1280 1638 1446 1661 reverentur.
1472 1640 1516 1661 IV.
1542 1638 1605 1664 113.
1624 1646 1651 1663 A.

911 1673 1048 1708 Quantum
1061 1672 1204 1700 discrimen
1220 1673 1287 1701 inter
1297 1685 1389 1703 servos
1402 1676 1512 1711 Christi,
1530 1684 1554 1706 et
1569 1688 1655 1706 mam-

910 1725 995 1743 monae
1011 1726 1111 1744 servos
1130 1723 1199 1744 VIII.
1216 1721 1261 1745 59.
1287 1719 1315 1746 In
1330 1717 1363 1746 iis
1379 1730 1438 1756 quae
1457 1719 1492 1748 ad
1513 1721 1652 1750 Christum

909 1765 1039 1797 spectant,
1055 1769 1148 1786 servus
1161 1766 1185 1787 et
1200 1759 1268 1788 liber
1279 1772 1356 1799 pares
1369 1769 1440 1790 sunt.
1457 1770 1490 1791 Χ,
1508 1769 1572 1794 192.
1590 1776 1615 1796 13.

951 1803 1050 1832 Sessio
1063 1809 1088 1831 et
1098 1804 1266 1839 resurrectio,
1283 1805 1309 1833 in
1322 1806 1436 1835 Psalmis
1451 1817 1555 1836 omnem
1568 1808 1652 1838 vitam

911 1845 1079 1884 significant.
1110 1853 1142 1874 V.
1160 1852 1226 1877 493.
1243 1859 1269 1877 c.

947 1890 1021 1918 Seru
1036 1897 1118 1918 ortus.
1137 1898 1183 1921 IV.
1201 1896 1264 1920 208.
1281 1903 1307 1921 A.

947 1933 1022 1961 Seru
1038 1956 1046 1969 ‚
1065 1944 1170 1962 nomen
1191 1936 1259 1963 libri
1282 1937 1455 1975 apocryphi.
1473 1944 1516 1966 VI.
1532 1943 1597 1968 759.
1621 1950 1649 1969 c.

909 1982 948 2005 1¹³.
965 1977 1022 2004 col.

946 2020 1070 2048 Sevnnffi
1085 2020 1195 2059 epistola
1208 2021 1404 2061 Chrysostomi.
1425 2031 1470 2052 111.
1486 2029 1551 2053 876.
1569 2036 1593 2054 13.

946 2064 1117 2098 Serenum,
1148 2065 1314 2094 Gabaioi-um
1341 2067 1482 2106 episcopi,
1506 2079 1592 2098 sermo
1616 2070 1649 2099 de

907 2117 970 2145 pace
985 2129 991 2142 ‚
1008 2117 1069 2135 cum
1093 2115 1231 2147 susceptus
1254 2117 1319 2138 esset
1343 2121 1357 2138 a
1375 2111 1576 2149 Cht'ysostomO.
1599 2121 1644 2144 III.

906 2155 970 2179 493.
986 2152 1124 2179 Sermones
1139 2150 1172 2179 de
1184 2152 1277 2180 mundi
1290 2154 1430 2182 creatione.
1447 2161 1492 2184 VI.
1507 2160 1569 2184 510.
1585 2167 1646 2196 sqq.

908 2194 978 2222 J'ide
995 2195 1148 2222 Monitum.
1167 2202 1212 2223 VI.
1224 2200 1287 2224 509.
1309 2196 1437 2235 Ejusdem
1452 2208 1539 2226 sermo
1553 2198 1588 2227 de
1601 2201 1645 2229 Si-

905 2236 978 2274 gillis
998 2237 1140 2264 librorum.
1165 2244 1223 2267 XII.
1240 2242 1302 2267 555.
1318 2249 1346 2269 A.
1366 2240 1437 2268 Vide
1451 2242 1605 2272 Monitmn.

944 2281 1098 2309 Snvmmffi
1119 2286 1143 2307 et
1163 2281 1286 2309 Romulae
1310 2283 1495 2322 Chrysostomi
1518 2286 1641 2324 epistola.

906 2330 950 2352 III.
967 2328 1031 2351 869.
1047 2334 1073 2351 Ι).

943 2367 1073 2395 Sizvmus
1087 2368 1225 2407 presbyter
1235 2369 1268 2397 ad
1281 2370 1466 2410 Theophilum
1483 2374 1642 2402 Alexandri-

904 2419 968 2437 num
986 2410 1082 2438 missus
1094 2422 1108 2439 a
1129 2412 1331 2451 Clu-ysostomo.
1350 2422 1395 2444 III.
1419 2421 1484 2445 616.
1506 2428 1530 2445 Β.
1544 2419 1643 2447 Severo

904 2453 1060 2492 presbytero
1073 2455 1184 2492 epistola
1200 2457 1396 2496 Chrysostomi.
1415 2467 1461 2489 III.
1474 2466 1538 2490 780.
1550 2473 1577 2490 n.

943 2497 1033 2526 SnxrA
1072 2499 1144 2527 hora
1172 2501 1304 2530 Christus
1332 2505 1488 2542 crue-{fieus
1519 2513 1569 2534 est.
1607 2513 1639 2534 V.

904 2545 968 2569 891.
984 2552 1010 2569 E.

949 2593 1042 2621 Serere
1063 2594 1198 2623 editionis
1215 2598 1244 2624 in
1263 2597 1379 2626 Psalmo
1396 2600 1530 2629 XCVIII
1545 2601 1644 2638 lectio,
