1950 2922
166 2596 183 2616 T
200 2602 218 2615 :A

309 168 375 206 ¹42
780 174 806 195 s.

303 237 466 267 Juveminus
482 243 508 265 ct
519 237 549 265 S.
567 236 742 272 Maximinus,
757 236 801 273 qni
815 234 961 262 Antiochiae
975 233 1045 272 passi

303 282 416 318 fuerant,
436 288 461 310 et
475 292 589 320 quorum
605 281 717 310 homilia
737 280 776 308 sic
790 279 884 318 incipit
902 291 909 306 :
924 291 938 305 «
954 279 1047 317 Nuper

304 328 336 356 Β.
351 328 466 367 Babylas
486 338 546 356 cum
562 327 648 355 tribus
662 327 752 365 pueris
771 335 818 353 nos
836 325 882 353 hic
897 335 1046 363 congrega-

301 373 348 402 bat
370 385 376 400 :
401 373 480 402 hodie
501 383 550 411 par
568 372 617 401 SS.
640 371 758 399 militum
780 371 807 398 in
829 370 885 398 acie
899 370 1045 398 exercitum

302 420 403 448 Christi
432 418 579 448 constituit.
605 418 698 456 Nuper
719 417 852 456 quadriga
875 423 1045 456 martyrum,

302 464 382 492 hodie
396 465 467 502 biga.
483 476 495 490 »
513 463 673 491 Concionem
690 463 793 500 itaque,
811 469 871 501 post
889 463 994 491 tertiam
1013 462 1046 490 de

302 512 401 539 Lazaro
417 509 556 538 homiliam
576 508 683 545 habuit,
701 508 734 537 de
747 509 775 537 S.
791 508 904 547 Babyla,
919 508 966 546 qui
986 507 1046 547 epi-

303 566 398 594 scopus
428 555 608 583 Antiochenus
629 566 690 583 cum
708 561 793 590 esset,
815 555 976 594 martyrium
997 565 1045 594 pro

302 601 409 630 Christo
424 612 517 640 passus
527 608 574 630 est.
592 602 657 640 Ejus
673 601 814 630 historiam
828 601 909 629 refert
925 600 1045 640 Chryso-

303 655 420 683 stomus;
436 649 554 677 maxime
570 649 670 677 veroin
685 649 756 677 libro
767 648 826 684 illo,
840 658 919 686 quem
930 647 964 676 de
976 649 1045 676 Mar-

299 701 361 732 tyre
378 694 481 733 Babyla
497 701 587 723 contra
602 694 742 723 Julianum
759 695 914 732 Apostatam
928 693 1044 732 scripsit,

298 740 345 768 ubi
358 740 474 768 multum
486 740 576 768 differt
594 740 628 768 ab
651 740 767 768 Eusebio
781 740 945 775 Caesaricnsi,
962 747 991 768 ut
1004 751 1046 768 su-

301 796 349 825 pra
364 785 483 814 diximus
504 798 510 813 :
530 797 564 815 ex
581 796 687 814 rumore
702 796 817 823 namque
836 786 912 824 vulgi
934 786 1044 824 loquens

300 832 478 869 concionator,
494 832 617 870 quaedam
630 832 709 860 ret'ert
728 843 744 860 a
762 832 800 860 rei
814 830 926 860 veritate
941 832 1043 860 aliena:

300 878 347 906 sed
364 879 442 917 longe
465 879 629 915 accuratius,
648 889 710 907 eum
732 878 766 907 de
784 878 969 916 Reliquiarum
986 879 1044 918 ejus

300 924 473 952 translatione
484 934 633 952 sermonem
648 924 738 954 habet.

340 970 451 1008 Nuper,
468 970 563 1008 inquit,
577 969 680 1009 πρῴην,
693 981 744 999 non
760 977 860 1005 autem,
875 971 949 1005 heri,
966 977 994 999 ut
1007 971 1041 999 ab

302 1015 444 1054 interprete
456 1016 582 1054 deceptus
597 1016 788 1045 Tillemontius
810 1016 909 1055 posuit.
927 1015 979 1045 Sed
994 1027 1044 1045 ne-

302 1060 406 1098 gotium
426 1061 552 1089 facessere
574 1060 684 1089 videtur
702 1061 740 1096 id,
767 1061 840 1099 quod
861 1062 888 1090 in
911 1068 1045 1100 postremo

302 1106 413 1135 exordio
434 1106 501 1135 dicit
519 1119 525 1134 :
541 1108 643 1144 Nuper
665 1108 701 1135 B.
720 1109 852 1143 Baby-las
873 1117 938 1136 cuin
954 1108 1045 1136 tribus

300 1154 398 1191 pueris
414 1163 465 1181 nos
482 1153 529 1181 liic
542 1154 735 1192 congregabat
747 1165 755 1180 .·
773 1153 799 1180 in
821 1153 870 1181 hac
889 1152 960 1180 enim
981 1163 1046 1181 con-

303 1198 378 1226 cione
391 1209 422 1227 ne
434 1202 482 1237 γρῦ
496 1198 605 1236 quidem
617 1198 650 1226 de
665 1199 752 1227 tribus
766 1199 857 1238 pueris
871 1199 978 1237 legitur.
991 1201 1046 1228 Ve-

303 1255 374 1281 rum,
388 1252 416 1273 ut
429 1245 505 1273 initio
518 1244 636 1273 homilia}
649 1245 760 1278 dicitur,
772 1255 824 1273 non
837 1244 1046 1283 Clirysostomus

302 1290 386 1325 solus,
400 1291 447 1319 scd
461 1301 522 1319 cum
544 1290 590 1318 alii
607 1290 733 1325 senioreS,
755 1297 812 1318 tum
830 1290 970 1329 episcopus
990 1290 1047 1329 ipse

304 1337 451 1365 Flavianus
468 1336 560 1364 eodem
578 1336 622 1364 dic
642 1336 789 1364 concionati
813 1343 884 1364 sunt.
901 1348 915 1362 «
938 1336 1000 1364 Haec
1022 1342 1047 1364 et

303 1382 385 1420 alia,>›
404 1382 499 1421 inquit,
519 1381 691 1410 «senioribus
706 1381 940 1410 commemoranda
954 1381 1050 1410 docto-

302 1428 387 1465 ribus,
404 1435 429 1457 et
443 1428 578 1457 communi
595 1427 663 1466 patri
680 1435 771 1456 nostro
786 1428 990 1466 relinquemus:
1007 1439 1048 1456 res

306 1473 378 1502 enim
401 1473 566 1511 antiquiores
586 1473 712 1512 praeclare
728 1473 805 1501 vobis
824 1484 837 1501 a
859 1473 967 1502 senibus
984 1484 1049 1512 pos-

305 1526 367 1548 sunt
383 1519 486 1547 narrari
500 1531 506 1547 :
522 1529 581 1556 quae
597 1529 659 1547 vero
675 1529 726 1547 non
739 1518 774 1546 ita
788 1518 891 1558 pridem
908 1529 939 1547 ac
958 1525 1047 1548 nostra

304 1573 380 1594 aetatc
398 1572 459 1594 sunt
473 1572 556 1604 gesta,
575 1565 653 1593 vobis
665 1565 772 1603 juvenis
787 1576 835 1603 ego
850 1565 974 1600 narrabo,
990 1576 1049 1603 qua:

304 1611 433 1640 nimirum
454 1618 513 1650 post
534 1611 654 1645 obitum,
674 1617 733 1650 post
749 1611 887 1649 exsequias
908 1611 1047 1650 martyris,

305 1667 335 1685 ac
348 1656 415 1685 dum
426 1656 453 1684 in
465 1656 597 1684 suburbio
608 1663 768 1693 moraretur,
781 1657 944 1685 acciderunt.
958 1669 971 1683 n
988 1656 1050 1685 Harc

310 1703 344 1732 de
356 1703 383 1731 S.
397 1703 500 1742 Babyla
512 1702 564 1731 sibi
577 1701 722 1730 enarranda
736 1702 874 1742 proposuit
887 1703 1050 1742 Clirysosto-

306 1759 379 1786 mus,
392 1755 486 1777 caetera
502 1749 637 1777 communi
654 1748 724 1787 patri
735 1755 760 1777 et
775 1749 924 1778 senioribus
937 1760 1050 1778 comme-

307 1794 434 1823 moranda
449 1793 569 1832 reliquit.
584 1795 651 1823 Nam
672 1801 701 1822 ut
716 1795 816 1823 caeteris
831 1795 921 1824 locum
941 1802 965 1824 ct
982 1803 1050 1824 tcm-

309 1851 359 1879 pus
375 1840 459 1875 darer,
481 1840 634 1868 concionem
652 1840 686 1868 de
705 1848 795 1869 sancto
813 1842 921 1881 Babyla
939 1842 1050 1871 brevio-

307 1897 361 1915 rem
377 1887 481 1919 lmbuit,
505 1897 584 1925 quam
599 1886 699 1915 solebat
713 1898 719 1913 ε
737 1887 935 1926 verisimileque
952 1895 991 1916 est
1002 1888 1051 1916 ali-

307 1944 387 1971 quem
399 1944 432 1961 ex
443 1933 486 1969 iis,
499 1933 543 1971 qui
555 1940 614 1972 post
629 1933 706 1961 illum
718 1933 865 1962 concionati
879 1940 950 1970 sunt,
960 1933 994 1962 de
1007 1934 1052 1962 tri-

307 1980 357 2008 bus
382 1979 471 2019 pueris
486 1979 566 2008 verba
582 1979 682 2007 fecisse.
700 1978 801 2007 Eodem
817 1979 901 2018 igitur
916 1990 985 2008 anno
1001 1979 1051 2008 lia-

310 2026 364 2054 hita
377 2032 416 2054 est
428 2026 484 2053 hzec
500 2025 604 2061 concio,
618 2036 670 2063 quo
685 2025 809 2054 Homiliae
828 2026 854 2054 in
870 2027 1016 2063 Lazarum;
1030 2033 1054 2055 et

312 2071 421 2109 quidem
443 2082 533 2099 mense
547 2071 684 2107 Januario,
702 2071 803 2100 scilicet
819 2071 948 2110 vigesima
961 2080 1055 2111 quarta

314 2118 433 2156 ejusdcm
448 2117 555 2153 mensis,
575 2125 602 2146 ut
618 2117 736 2151 videtur,
756 2129 806 2156 qua
826 2117 870 2146 die
885 2119 1054 2158 Martyrolo-

318 2165 361 2203 gia
375 2165 462 2194 omnia
478 2166 573 2193 festum
594 2165 623 2194 S.
642 2166 752 2204 Bahylzc
768 2165 896 2194 indicant.
921 2165 975 2201 Qui
990 2177 1054 2194 vero

318 2210 397 2239 suerit
411 2221 495 2239 annus
507 2211 563 2248 ille,
580 2222 631 2239 non
649 2211 684 2239 ita
701 2211 777 2240 facile
789 2218 827 2239 est
843 2211 1052 2251 deprehendere.

318 2257 507 2285 Tillemontius
521 2267 620 2285 annum
642 2257 760 2297 assignat
780 2257 849 2287 537.
875 2258 942 2297 Ejus
963 2258 1055 2287 calcu-

318 2303 375 2331 lum
390 2302 565 2338 excussimus,
582 2303 776 2342 levissimisque
788 2304 946 2342 conjecturis
957 2305 1056 2334 fultum

319 2358 374 2377 esse
382 2348 555 2388 probavimus
567 2348 592 2376 in
603 2349 707 2378 Monito
717 2349 752 2377 ad
763 2349 910 2378 Homiliam
921 2350 946 2378 in
960 2350 1056 2379 Kalen-

320 2394 377 2430 das,
396 2404 456 2432 qum
478 2393 622 2422 Iiomiliam
644 2395 757 2433 primam
778 2396 811 2424 de
827 2396 927 2424 Lazo-0
949 2408 1000 2425 uno
1014 2397 1058 2426 die

320 2440 462 2480 prmcessit.
475 2440 517 2468 Ibi
534 2440 596 2468 vide
608 2440 655 2477 δίε,
672 2451 772 2470 necnon
786 2442 812 2470 in
832 2442 935 2471 Monito
952 2442 987 2471 ad
1001 2443 1058 2471 Ho—

319 2487 408 2516 milias
419 2487 452 2516 de
467 2488 577 2515 Lazaro.

359 2534 432 2562 Hanc
448 2534 538 2573 paucis
552 2533 716 2572 interpositis
730 2534 837 2570 diebus,
855 2542 973 2575 utsupra
990 2548 1056 2575 pro-

226 2604 235 2612 „
251 2593 294 2621 5553
320 2580 411 2610 batum
424 2587 471 2616 cst,
490 2586 597 2618 sequuta
612 2586 650 2609 est
666 2580 780 2609 Ilomilia
797 2581 822 2609 in
840 2589 942 2610 sanctos
957 2586 1054 2611 Juven-

838 174 894 195 joi
901 173 917 194 N
925 172 975 194 xis
1002 169 1231 195 CHRYSOSJ‘OMI
1261 174 1276 196 V
1283 174 1333 196 tTA
1341 189 1350 204 ‚

1099 232 1184 261 tinum
1200 241 1224 263 et
1240 235 1422 264 Maximinum
1435 243 1564 276 martyres
1583 238 1768 275 iltillochcnos,
1791 237 1835 275 qui

1099 287 1159 306 cum
1172 280 1222 308 sub
1234 280 1342 310 Juliano
1359 282 1487 320 Apostata
1503 283 1684 322 comprehensi
1696 290 1721 312 et
1740 284 1766 311 in
1781 295 1836 312 car-

1099 333 1183 352 cerem
1206 326 1284 362 trusi,
1306 326 1360 355 diis
1383 327 1512 356 sacrificia
1529 328 1623 357 ossen-e
1641 329 1752 367 nollent,
1778 330 1836 368 ejus

1095 370 1173 407 jussu
1188 372 1274 411 capite
1289 373 1404 401 truncati
1424 380 1496 402 sunt.
1519 373 1563 402 Ex
1578 373 1659 413 hujus
1674 385 1754 414 porro
1769 385 1836 403 con-

1099 416 1180 445 cionis
1196 417 1294 454 verbis,
1315 418 1361 447 uhi
1378 419 1478 447 dicitur
1497 418 1598 458 πρῴην,
1614 430 1712 458 nuper,
1728 420 1837 449 concio-

1098 473 1158 491 nem
1170 462 1204 491 de
1213 464 1243 492 S.
1258 464 1362 503 Babyla
1374 464 1475 493 dictam
1487 465 1577 501 fuisse,
1590 465 1652 503 quia
1665 473 1741 495 vetus
1752 466 1837 494 inter-

1098 518 1157 546 pres
1174 509 1285 537 Latinus
1302 509 1373 538 illud
1385 509 1477 550 πρῴην
1494 511 1566 547 heri,
1583 511 1654 539 male
1668 518 1796 550 verterat,
1819 511 1838 540 ii

1097 554 1144 592 qui
1159 555 1361 594 Martyrologiis
1376 567 1483 595 operam
1497 556 1627 585 dederunt
1638 556 1665 585 in
1679 557 1838 596 vigesimam

1097 599 1218 638 quintam
1232 601 1370 629 Februarii
1382 602 1482 630 horum
1493 609 1644 641 martyrum
1658 601 1730 631 diem
1742 603 1840 631 festum

1098 646 1247 683 conserunt,
1261 647 1323 675 licet
1336 647 1378 676 bis
1391 648 1417 675 in
1436 648 1486 676 hac
1499 648 1609 676 homilia
1623 659 1650 676 se
1663 648 1766 688 πρῴην,
1781 659 1839 677 nu-

1095 703 1155 730 per,
1169 702 1220 721 non
1236 699 1325 721 autem
1338 693 1459 722 hesterna
1472 693 1516 722 die
1529 694 1562 722 de
1574 695 1603 723 S.
1620 694 1724 733 Bahyla
1738 705 1765 723 se
1779 705 1840 723 ver-

1096 739 1129 766 ba
1141 739 1232 767 fecisse
1243 739 1315 768 dicat
1328 752 1335 768 ε
1351 741 1427 779 cujus
1439 741 1537 769 festum
1549 741 1644 770 incidit
1655 742 1682 769 in
1694 743 1732 770 24
1741 743 1841 771 Janua-

1096 783 1139 813 rii.
1161 783 1226 812 lude
1245 795 1302 813 mos
1317 785 1445 821 obtinuit,
1466 793 1495 814 ut
1513 786 1557 814 die
1572 787 1667 814 festum
1682 787 1709 815 S.
1729 787 1840 826 Babylce

1095 830 1259 868 insequente,
1274 832 1324 860 SS.
1339 831 1479 860 Juventini
1491 838 1516 859 et
1524 831 1669 860 Maximini
1682 833 1840 860 memoriam

1099 876 1252 904 enuntient:
1265 887 1317 905 non
1329 888 1363 905 ex
1378 878 1536 906 Graecorum
1552 877 1661 906 Menaeis
1672 877 1702 906 id
1715 877 1841 914 mutuati,

1096 922 1250 960 siquidem,
1273 930 1302 952 ut
1324 930 1397 952 notat
1416 924 1517 963 optime
1539 923 1696 961 Bollandus,
1720 925 1793 952 nulla
1814 925 1841 953 in

1096 967 1216 1003 Menaeis,
1228 969 1388 1007 Menoloins
1402 969 1515 1008 aliisque
1523 969 1597 998 fastis
1608 970 1777 1005 Graecorum,
1790 970 1842 999 SS.

1095 1013 1233 1043 Juventini
1246 1021 1271 1043 et
1282 1015 1427 1043 Maximini
1438 1022 1525 1044 exstat
1538 1015 1683 1052 memoria3
1697 1016 1752 1051 scd,
1764 1022 1792 1043 ut
1804 1015 1842 1044 di·

1096 1059 1196 1096 ximus,
1213 1070 1247 1088 ex
1259 1061 1355 1089 veteris
1372 1060 1524 1100 interpretis
1537 1060 1613 1100 lapsu
1628 1061 1655 1089 in
1669 1061 1841 1100 Martyrolo-

1097 1105 1150 1143 giis
1160 1112 1266 1134 eratum
1278 1113 1328 1134 est.
1925 1093 1929 1121 l

1138 1152 1200 1180 Post
1212 1151 1269 1180 lunc
1283 1153 1402 1180 encomia
1414 1152 1534 1191 ejusdem
1551 1152 1685 1192 parabolae
1702 1163 1842 1192 argumen—
1911 1139 1935 1296 4

1922 222 1929 422 .,.,.-.»ψ-ω-ᾼ

1926 1036 1928 1053 ,ἡ
1921 661 1932 1014 *mm—aas*-
1923 632 1929 651 .-
1922 467 1930 620 ..-.41.-—s
1927 436 1929 441 .

1099 1204 1156 1225 tum
1176 1199 1310 1235 resumsit,
1331 1205 1356 1226 et
1377 1206 1501 1237 quartam
1515 1198 1549 1227 de
1571 1199 1672 1227 Lazaro
1686 1198 1842 1228 concionem
1852 1205 1907 1227 T.‹.
1929 1195 1931 1200 ¹

1099 1243 1195 1271 habuit
1209 1256 1214 1271 :
1233 1243 1299 1272 dicit
1313 1251 1401 1272 autem
1415 1244 1464 1272 sub
1480 1244 1589 1273 initium
1603 1255 1636 1273 ex
1651 1244 1701 1273 hac
1713 1245 1843 1284 parabola

1102 1299 1211 1327 magnos
1227 1290 1329 1329 percipi
1349 1301 1425 1330 posse
1440 1292 1550 1319 fructus.
1573 1291 1677 1319 Deinde
1692 1302 1756 1320 vero
1776 1302 1842 1331 pro—

1101 1335 1146 1363 bat
1156 1335 1252 1364 animae
1263 1336 1504 1370 immortalitatem,
1515 1336 1603 1375 aitque
1615 1337 1784 1365 conscientiae
1796 1348 1844 1366 no-

1102 1387 1160 1408 strae
1180 1381 1298 1410 tribunal
1316 1392 1371 1410 esse
1392 1382 1595 1420 incorruptum,
1620 1389 1698 1420 atque
1719 1393 1753 1411 ex
1772 1393 1844 1411 :eru-

1102 1426 1171 1454 mnis
1190 1433 1216 1455 et
1231 1427 1429 1455 calamitatibus
1448 1427 1576 1455 illustrari
1593 1434 1720 1466 mentem,
1743 1435 1768 1457 et
1782 1439 1845 1457 con-

1103 1478 1174 1499 sueta
1187 1472 1283 1500 morali
1295 1471 1480 1500 adhortatione
1494 1472 1596 1500 claudit
1609 1472 1773 1503 concionem.

1142 1517 1290 1546 Homiliam
1300 1517 1327 1546 in
1339 1517 1419 1555 illud,
1435 1519 1478 1546 De
1490 1519 1700 1547 dormientibus
1712 1519 1780 1548 nolo
1792 1530 1845 1549 vos
1856 1525 1883 1545 T.
1892 1531 1896 1545 ι
1905 1531 1932 1572 g

1105 1566 1250 1603 ignorare,
1271 1571 1331 1603 post
1346 1571 1460 1602 quatuor
1476 1564 1534 1592 illas
1555 1564 1588 1593 de
1605 1566 1706 1593 Lazaro
1721 1565 1846 1594 homilias

1103 1609 1197 1638 habita
1209 1610 1270 1647 suit,
1285 1617 1315 1638 ut
1327 1611 1385 1649 ipse
1397 1611 1474 1638 initio
1489 1610 1566 1646 dicit,
1582 1617 1605 1639 et
1619 1610 1645 1639 in
1660 1611 1710 1639 hac
1721 1611 1801 1640 etiam
1814 1611 1847 1640 dc

1105 1656 1204 1684 Lazaro
1218 1655 1363 1685 identidem
1379 1657 1444 1695 agit.
1462 1657 1632 1696 Quapropter
1647 1664 1707 1696 post
1716 1657 1847 1686 Humilias
1926 1674 1929 1687 ι

1103 1701 1136 1729 de
1152 1702 1252 1730 Lazaro
1269 1709 1293 1730 et
1308 1704 1435 1742 temporis
1457 1709 1481 1731 et
1497 1703 1645 1741 argumenti
1660 1713 1737 1731 causa
1757 1703 1783 1732 in
1798 1703 1848 1732 hac

1104 1746 1220 1776 editione
1234 1749 1319 1787 posita
1332 1749 1391 1778 fuit.

1145 1794 1289 1832 Postquam
1302 1801 1378 1823 terrae
1393 1801 1480 1823 motus
1496 1796 1665 1824 Antiochiam
1677 1795 1847 1835 subagitave-

1105 1846 1156 1876 rat,
1171 1839 1251 1868 aliam
1271 1840 1367 1868 habuit
1382 1840 1524 1869 homiliam
1544 1841 1766 1880 Chrysostomus,
1787 1853 1847 1880 quae

1106 1885 1132 1913 in
1149 1886 1238 1914 Terra:
1256 1893 1358 1915 motum
1370 1893 1394 1914 et
1410 1886 1529 1914 Divitem
1541 1893 1566 1915 et
1582 1888 1711 1915 Lazarum
1723 1887 1832 1916 inscribi
1859 1889 1912 1910 T·³-
1930 1902 1931 1906 ¹

1107 1937 1160 1967 tur,
1175 1931 1287 1970 ideoque
1299 1932 1373 1960 illam
1391 1932 1459 1960 inter
1474 1932 1606 1961 Homilias
1618 1932 1652 1960 de
1665 1934 1764 1962 Lazaro
1784 1944 1848 1962 sex-
1928 1927 1930 1934 y

1109 1983 1163 2004 tam
1187 1978 1386 2016 consignamus.
1406 1978 1481 2006 Hanc.
1503 1978 1656 2006 concionem
1677 1979 1848 2008 Hermantius

1111 2022 1137 2050 iu
1157 2033 1257 2052 annum
1281 2025 1338 2052 587
1359 2024 1544 2052 conserendam
1569 2025 1694 2063 putavit,
1722 2025 1848 2063 quoniam

1112 2068 1158 2096 illo
1181 2079 1254 2097 anno
1276 2076 1351 2098 terrm
1379 2076 1467 2098 motus
1489 2069 1636 2098 Antiochiae
1660 2070 1721 2098 fuit.
1744 2072 1848 2100 Verum

1112 2113 1177 2142 adeo
1191 2115 1339 2153 frequentes
1357 2115 1505 2146 Autioehiae
1524 2122 1598 2144 terra:
1614 2123 1702 2145 motus
1719 2125 1804 2153 erant,
1820 2126 1849 2147 ut

1113 2160 1139 2188 in
1160 2162 1263 2190 Monito
1284 2161 1319 2190 ad
1339 2162 1408 2190 hanc
1431 2161 1583 2190 concionem
1607 2163 1800 2202 probavimus,
1819 2172 1848 2192 ut

1113 2207 1175 2236 hinc
1196 2218 1294 2236 annum
1313 2218 1366 2246 quo
1388 2207 1480 2236 habita
1499 2207 1611 2235 homilia
1630 2209 1680 2236 suit
1695 2209 1850 2248 consignare

1114 2264 1163 2282 non
1176 2255 1263 2284 liceat.
1925 2286 1931 2299 ,

1153 2301 1299 2331 Homiliam
1311 2301 1344 2330 de
1357 2300 1458 2330 Viduis
1473 2300 1566 2340 paucis
1578 2300 1673 2329 diebus
1684 2307 1744 2340 post
1757 2301 1850 2329 Ilomi-
1860 2299 1932 2341 'sd-1}

1112 2349 1176 2377 liam
1195 2348 1229 2377 de
1247 2347 1442 2376 dormientibus
1458 2347 1657 2386 pronuntiatam
1678 2346 1773 2383 fuisse,
1794 2346 1851 2386 ipse

1115 2395 1321 2434 Chrysostomus
1339 2394 1366 2421 in
1380 2392 1514 2432 principio
1534 2393 1622 2427 refert,
1640 2403 1701 2420 cum
1719 2392 1771 2428 ait,
1792 2403 1850 2420 eam

1113 2442 1226 2470 inultam
1254 2440 1350 2468 habere
1371 2439 1554 2477 cognationem
1579 2449 1641 2466 cum
1664 2438 1823 2477 praecedenti
1842 2451 1847 2466 :

1118 2486 1196 2516 «lloc
1210 2486 1280 2515 enim
1296 2484 1365 2514 illud
1380 2493 1445 2521 esu»
1459 2484 1555 2522 inquit,
1567 2483 1661 2522 «quod
1677 2495 1761 2523 nuper
1772 2483 1848 2513 dice-

1115 2536 1203 2568 hatur,
1219 2534 1264 2562 De
1274 2531 1483 2560 dormientibus
1495 2537 1591 2559 aulem
1613 2531 1681 2559 nolo
1701 2540 1755 2558 vos
1770 2532 1848 2569 igno-

1115 2592 1190 2609 mre.
1206 2581 1332 2616 fratres,-
1354 2585 1377 2607 et
1397 2577 1430 2606 de
1446 2577 1637 2606 resurrectione
1653 2575 1734 2604 multa
1758 2583 1812 2604 tum
1834 2588 1847 2604 a
