1910 2907
92 2119 127 2138 ¹66

660 209 750 231 ,NUNC
778 208 908 231 putatus!
935 207 1134 231 ADORNATA.

138 273 226 298 terunt
246 269 397 298 extrahant.
410 268 461 297 llic
474 268 543 298 enim
557 279 659 309 semper
671 269 801 309 agiturdc
813 269 876 298 novi

137 314 256 354 episcopi
267 314 410 344 creatione.

179 361 210 389 In
235 360 327 390 eadem
346 362 457 401 epistola
475 361 578 390 decima
601 369 693 400 quarta
716 361 750 390 de
774 361 877 390 Hilario

137 406 256 445 quodam
270 407 395 447 episcopo
405 408 461 446 agit
473 407 690 447 Chrysostomus,
705 407 752 446 qui
763 419 778 436 a
792 418 819 436 se
831 418 877 446 per

135 453 225 482 literas
247 453 359 492 petierat
382 453 536 482 facultatem
559 454 678 482 abeundi
696 454 721 481 iu
743 454 878 483 civitatem

136 509 228 533 suani,
246 499 382 538 pollicitus
393 521 400 535 ,
415 500 569 539 compositis
584 500 662 528 rebus
672 523 679 535 ,
696 511 723 529 se
741 500 774 529 ad
789 500 878 539 ipsum

137 544 361 584 Chrysostomum
382 556 552 575 reversurum
576 556 641 574 esse.
661 546 730 580 Quia
745 556 808 574 vero
821 545 878 583 ejus

136 590 278 629 praesentia
293 601 345 619 non
359 602 452 629 parum
466 591 518 630 ipsi
530 591 606 619 utilis
617 599 682 625 crat,
697 591 807 620 cumvir
817 591 877 630 pius

137 643 204 665 esset
217 658 224 672 ,
240 637 424 674 constantique
436 647 466 665 00
480 637 585 666 fervido
598 637 695 672 animo,
713 648 773 666 eum
789 637 876 674 Chry-

136 690 268 712 sostomus
283 682 403 712 hortatus
417 684 517 720 suerat,
533 691 562 712 ut
579 690 719 722 postquam
731 683 876 722 1110111010-

136 736 194 757 ctus
214 729 317 766 fuisset,
330 729 420 757 statim
432 729 466 757 ad
480 740 507 758 se
518 729 630 765 redirct;
644 736 723 767 atque
735 728 876 768 Olympia—

135 775 196 804 dem
208 783 286 815 rogat
298 775 344 804 det
355 787 475 815 operam,
489 784 518 805 ut
532 776 642 816 epistola
657 787 704 804 sua
718 783 743 804 et
757 775 876 804 celeriter

135 829 162 850 et
174 829 232 850 tuto
244 822 295 861 ipsi
319 822 458 860 reddatur,
471 822 544 860 quod
561 823 617 861 ipse
640 833 745 860 quoque
757 822 876 850 Hilarius

136 868 294 907 peroptabat
306 880 313 897 :
328 868 351 897 si
363 879 428 897 vero
442 879 494 896 11011
505 868 574 897 adsit
588 867 746 907 Olympiadi
757 867 877 896 Helladi-

135 926 166 943 us
183 915 332 954 presbyter,
347 915 393 954 qui
403 915 527 954 epistolas
544 926 604 944 suas
621 915 724 950 reddat,
742 922 830 943 monet
841 915 878 942 il·-

135 962 188 990 lam
200 968 231 990 ut
244 972 293 1001 per
301 962 417 1000 aliquem
427 961 585 1000 prudentem
600 961 689 990 virum
703 961 755 990 illae
764 960 877 989 reddan-

134 1014 187 1036 tur.
205 1007 274 1036 Cum
292 1007 465 1036 Tillemontio
488 1014 616 1046 putamus
629 1030 636 1043 ,
651 1008 723 1036 hune
737 1007 873 1036 Hilarium

107 1068 122 1081 -.
135 1063 190 1081 0550
214 1053 249 1081 (10
263 1063 316 1091 quo
334 1052 392 1081 haec
407 1053 488 1081 verba
509 1053 608 1091 profert
637 1053 794 1082 Palladius:
818 1055 876 1082 lli-

136 1100 239 1136 Iarius,
254 1103 303 1128 vir
317 1106 436 1128 sanctus
451 1105 478 1127 et
493 1110 590 1133 senar,
606 1102 638 1127 in
648 1102 782 1127 intimum
798 1101 878 1127 Pon-

137 1153 196 1174 tum
209 1145 310 1183 pulsus
322 1152 373 1181 est,
384 1146 479 1184 plagis
500 1149 641 1180 concisus,
653 1156 711 1173 non
732 1156 750 1173 a
762 1146 875 1184 judice,

138 1193 191 1220 sed
207 1203 227 1220 α
241 1192 326 1220 Clero
342 1203 350 1218 :
368 1195 417 1230 qui
429 1192 528 1219 decem
551 1198 576 1220 et
597 1198 658 1219 octo
673 1192 779 1220 abhinc
792 1195 878 1219 annis

135 1248 241 1275 panem
254 1248 312 1265 non
321 1240 459 1276 gustavit,
482 1237 562 1266 olem
573 1237 637 1266 sola
650 1244 677 1265 et
689 1238 877 1276 frumentum

136 1290 248 1312 coctum
260 1284 357 1312 edens.

177 1329 329 1369 Epistolam
345 1329 408 1358 item
423 1329 530 1368 scripsit
544 1330 604 1358 204
618 1327 652 1357 ad
667 1329 820 1366 Paeanium,
834 1331 878 1359 vi-

141 1386 200 1404 rum
222 1375 318 1414 pium,
341 1375 393 1404 sibi
413 1375 627 1403 addictissimum
641 1397 648 1409 ,
673 1376 743 1413 sequi
769 1377 880 1414 verique

136 1428 282 1459 amantem,
297 1420 428 1459 dignitate
444 1421 672 1460 [ii·aestantem,‹1ui
687 1422 802 1451 multum
814 1423 880 1452 Con-

135 1466 307 1505 stantinopoli
333 1473 358 1494 et
376 1467 402 1495 in
421 1467 537 1506 Imperio
552 1473 607 1495 toto
624 1474 734 1505 poterat,
749 1475 773 1496 et
788 1475 880 1507 poten-

136 1514 174 1542 tia
189 1525 235 1542 sua
252 1520 281 1541 ut
296 1512 480 1541 Christianum
500 1511 610 1541 decebat
627 1513 758 1541 utebatur.
775 1514 878 1542 Lauda

136 1571 198 1589 vero
213 1560 292 1589 illum
304 1570 318 1588 a
330 1559 396 1597 zelo,
409 1570 424 1587 a
436 1559 585 1598 vigilantia,
597 1558 630 1586 ab
639 1559 719 1587 animi
732 1559 878 1595 laboribus,

136 1618 150 1635 a
168 1606 268 1634 fiducia
282 1612 308 1634 et
319 1606 442 1634 libertate
458 1615 510 1643 qua
525 1604 656 1644 episcopis
668 1605 806 1641 restiterat,
817 1616 878 1634 cum

138 1651 166 1680 id
180 1659 285 1691 tempus
305 1652 468 1690 requireret,
484 1651 587 1680 tametsi
603 1662 662 1679 cum
678 1651 768 1680 debita
783 1653 876 1681 mode-

136 1698 256 1733 ratione3
273 1698 407 1736 quodque,
425 1708 485 1726 cum
504 1697 549 1726 alii
565 1697 692 1736 fugerint,
707 1698 754 1726 alii
767 1698 878 1738 relegati

137 1743 199 1779 sint,
210 1744 265 1783 ipse
277 1744 349 1773 solus
358 1751 416 1780 stet,
434 1744 594 1782 nullumque
605 1743 706 1772 ordinis
716 1743 878 1773 desertorem

136 1789 193 1817 fieri
203 1790 280 1825 sinat,
295 1800 392 1828 eosque
401 1790 488 1824 etiam,
499 1790 544 1828 qui
555 1789 771 1818 adversariorum
785 1799 877 1830 partes

139 1835 324 1873 sequebantur,
337 1835 371 1863 ad
386 1846 447 1864 snas
462 1836 529 1864 mira
541 1835 672 1864 suavitate
685 1836 816 1865 traducat.
834 1837 874 1865 Il-

114 1914 117 1915 7
138 1880 195 1908 lum
204 1891 265 1909 vero
282 1880 341 1909 ideo
353 1881 470 1909 maxime
482 1882 607 1919 celebrat,
622 1881 694 1919 quod
705 1882 732 1910 in
746 1893 798 1911 uno
810 1895 856 1912 con
865 1901 875 1905 -

138 1926 245 1954 stitutus
270 1927 327 1955 loco
353 1927 472 1955 universi
496 1938 562 1966 pene
582 1934 714 1956 terrarum
735 1929 807 1958 orbis
829 1941 876 1958 cu-

138 1982 193 1999 ram
209 1979 303 2010 gerat,
318 1973 466 2001 Palaestinae
486 1983 549 2002 vero
574 1973 708 2008 maxime,
734 1975 878 2004 Phoeniciae

137 2024 161 2045 et
181 2017 297 2046 Ciliciae.
312 2018 451 2056 Additque
465 2019 621 2048 Palaestinos
638 2027 662 2048 et
682 2020 818 2050 Phoenices
834 2023 877 2051 vi-

137 2074 196 2092 rum
218 2064 252 2092 ab
271 2064 432 2093 adversariis
449 2065 576 2101 missum,
597 2076 691 2105 nempe
717 2068 875 2102 Arsacium,

139 2120 189 2138 non
208 2109 358 2146 admisisse,
370 2110 396 2139 in
414 2111 507 2139 Cilicia
522 2122 585 2140 vero
602 2112 739 2151 episcopos
764 2114 878 2142 Tarsen-

138 2167 192 2184 sem
208 2163 233 2184 et
253 2156 394 2195 AEgensem
417 2168 431 2185 a
459 2157 581 2196 partibus
603 2157 713 2186 illorum
734 2165 814 2195 stare,
834 2167 875 2188 at-

138 2212 189 2239 que
213 2208 242 2229 ut
264 2202 384 2230 audierat
408 2203 464 2242 ipse
493 2203 527 2232 ab
551 2204 636 2232 amico
662 2215 726 2242 suo,
754 2205 876 2245 episcopo

139 2247 351 2285 castabalorum,
375 2249 446 2287 ipsos
473 2259 487 2277 a
510 2250 809 2290 Constantinopolitanis
834 2263 877 2280 co-

139 2293 165 2331 gi
185 2300 214 2321 ut
232 2293 340 2321 illorum
365 2294 501 2332 iniquitati
523 2296 728 2331 assentirentur,
749 2297 878 2326 501111110-

139 2339 191 2367 rim
218 2345 304 2367 tamen
325 2339 455 2368 resistcre.
484 2342 612 2370 Hortatur
634 2353 712 2381 porro
728 2343 774 2371 ille
802 2345 878 2371 Para-

139 2385 230 2421 nium,
246 2392 274 2413 nt
285 2386 403 2414 multum
415 2387 604 2416 sollicitudinis
621 2395 646 2416 et
659 2389 805 2427 vigilantia}
824 2389 876 2416 ad-

139 2431 303 2469 hibeat,quo
316 2431 379 2460 huic
400 2432 478 2460 etiam
501 2433 570 2472 parti
591 2433 739 2462 remedium
761 2435 853 2462 asserat
866 2456 877 2472 ,

139 2484 164 2505 et
179 2477 213 2505 ad
233 2477 424 2506 consobrinum
446 2489 525 2506 suum
536 2479 710 2508 Theodorum
722 2481 878 2520 episcopum

140 2523 240 2552 scribat
253 2535 259 2550 :
273 2523 318 2561 qui
343 2523 452 2552 videtur
468 2535 522 2552 csse
537 2525 695 2553 Theodorus
711 2527 879 2565 Mopsuesti-

140 2579 190 2597 nus
215 2570 326 2598 Juaunis
345 2569 427 2598 nostri
442 2580 456 2598 a
480 2580 562 2608 puero
584 2570 694 2599 amicus.
712 2572 877 2601 l’haretriuiu

142 2615 253 2655 deinde,
267 2617 451 2647 Ges—ariensem
467 2618 637 2658 episcopum,
651 2626 755 2649 rexocat
782 2620 807 2648 iu
824 2631 879 2649 uu-

1609 208 1670 243 ¹97

932 269 1056 306 moriam,
1076 270 1151 309 cujus
1167 269 1258 307 iniqua
1274 269 1300 297 in
1313 268 1534 307 Chrysostomum
1546 274 1614 305 gestu
1627 279 1670 295 su-

932 315 1021 353 perius
1036 315 1153 345 vidimus
1168 327 1175 344 :
1190 326 1249 354 quae
1264 322 1333 344 certe
1347 315 1449 343 nullam
1465 314 1569 342 veniam
1584 324 1670 342 mere-

931 360 1040 389 bantur.
1057 363 1091 390 At
1103 372 1164 390 cum
1186 361 1336 401 presbyteri
1350 361 1408 400 ejus
1424 367 1450 389 et
1471 360 1563 388 Clerus
1583 361 1669 388 omnis

932 417 980 446 pro
995 407 1186 447 Chrysostomo
1209 415 1322 443 starent,
1337 417 1370 435 ne
1389 417 1442 445 qua
1464 406 1525 434 hinc
1540 405 1670 435 dissensio

931 452 1054 489 oriretur,
1070 454 1205 482 Pa‘anium
1218 454 1348 489 hortatur,
1361 459 1389 481 ut
1402 451 1546 491 prudenter
1556 463 1604 491 pro
1616 462 1671 480 mo-

931 509 959 526 re
970 509 1017 526 sno
1030 509 1091 527 cum
1106 499 1160 527 illis
1168 506 1238 538 agat,
1255 506 1278 528 et
1292 498 1430 527 Pharetrio
1442 498 1525 533 dicat,
1539 499 1669 527 „loannem

929 543 1065 572 audivisse
1079 544 1152 582 quod
1163 545 1218 584 ipse
1233 545 1386 573 Pharctrius
1411 544 1495 572 multo
1511 543 1544 572 de
1560 544 1591 572 iis
1610 555 1669 582 qum

931 590 1081 619 acciderant
1095 591 1186 619 dolore
1201 591 1352 620 afficeretur
1364 613 1371 626 ,
1387 601 1417 619 ac
1439 602 1465 619 se
1479 597 1601 629 paratum
1616 601 1670 619 esse

931 635 1002 664 dicut
1023 636 1058 664 ad
1075 637 1184 675 quidvis
1204 636 1378 675 patiendum,
1394 644 1424 665 ut
1444 647 1474 665 ea
1489 648 1548 674 ‹111ae
1572 638 1670 665 nefarie

931 688 988 710 aeta
1007 683 1111 711 fuerant
1134 683 1316 712 emendentur.
1334 683 1378 711 Ait
1401 682 1515 720 denique
1530 694 1556 711 50
1572 684 1671 721 optime

931 728 1034 765 valere,
1049 739 1079 756 ac
1104 729 1273 758 vehementer
1295 735 1386 768 optare
1401 735 1429 756 ut
1448 729 1505 767 ejus
1527 739 1670 767 congressu

932 772 984 800 frui
999 773 1090 812 possit.

971 819 1039 847 Cum
1062 819 1199 848 didicisset
1218 820 1295 848 illum
1312 820 1562 858 Constantinopolin
1578 831 1671 848 rever<

931 874 990 892 sum
1005 876 1078 901 esse,
1097 866 1249 904 gratulandi
1271 877 1349 894 causa
1375 865 1513 905 epistolam
1535 866 1583 905 ipsi
1601 867 1674 895 misit:

931 912 1008 949 5220,
1024 922 1103 949 seque
1127 911 1192 940 dicit
1211 912 1268 951 jam
1290 913 1385 940 nonin
1413 912 1550 951 peregrina
1566 912 1672 950 regione

931 957 1030 985 versari
1046 964 1153 996 putare,
1168 958 1358 996 voluptuteque
1369 957 1494 996 perfundi
1509 980 1515 988 ,
1534 968 1585 985 11011
1601 958 1673 995 quud

931 1002 1048 1042 dignitas
1060 1003 1099 1031 illi
1111 1004 1196 1043 major
1207 1004 1349 1042 obtigerit:
1363 1003 1520 1042 dignitatem
1533 1003 1603 1031 enim
1616 1004 1673 1042 ejus

931 1059 986 1078 esse
1003 1050 1097 1078 animm
1118 1051 1254 1085 virtutem,
1269 1061 1329 1088 quae
1353 1060 1499 1087 numquam
1512 1050 1561 1089 ipsi
1575 1050 1675 1078 auferri

931 1095 1029 1135 possi13
1045 1105 1123 1134 seque
1132 1095 1192 1125 ideo
1207 1096 1341 1125 exsultare
1353 1099 1423 1134 quod
1434 1097 1490 1135 ejus
1502 1095 1603 1124 reditus
1621 1107 1675 1124 ma-

932 1152 1011 1180 gnam
1026 1143 1119 1171 afferat
1140 1143 1345 1171 consolationem
1370 1142 1402 1170 iis
1427 1143 1473 1180 qui
1488 1143 1673 1176 vexabantur,

933 1189 1139 1226 torquebantur,
1155 1189 1182 1217 in
1204 1189 1312 1217 vincula
1337 1188 1564 1227 conjiciebantur,
1578 1189 1624 1227 qni
1640 1189 1674 1217 ad

934 1234 1010 1263 illum
1027 1241 1164 1273 tamquam
1187 1234 1220 1263 ad
1239 1234 1400 1263 latissimum
1422 1242 1528 1274 portum
1551 1235 1675 1272 confugi-

934 1289 987 1310 cnt.
1005 1282 1093 1310 Aliam
1106 1292 1211 1320 quoque
1227 1281 1330 1310 Paeanio
1343 1281 1533 1320 epistota1n95
1550 1282 1673 1321 scripsit,

935 1329 1012 1367 cujus
1025 1335 1132 1367 tempus
1143 1338 1174 1356 ne
1185 1328 1336 1366 conjectura
1352 1327 1461 1365 quidem
1477 1327 1606 1366 assignari
1623 1339 1674 1366 po—

935 1380 994 1403 test.
1006 1374 1074 1402 Cum
1086 1380 1174 1401 autem
1184 1373 1329 1403 adversarii
1342 1374 1363 1413 ej
1369 1384 1398 1402 us
1409 1374 1527 1402 maxime
1537 1374 1675 1411 saevirent,

934 1419 1053 1458 aliosque
1066 1419 1125 1448 dire
1141 1425 1276 1453 vexarenty
1289 1420 1375 1457 magis
1389 1419 1518 1458 lugendos
1533 1430 1587 1448 esse
1608 1419 1676 1449 dicit

934 1476 978 1494 eos
988 1465 1034 1504 qui
1050 1465 1119 1493 mala
1133 1465 1290 1505 hujusmodi
1310 1466 1436 1494 inferrent
1448 1487 1457 1503 ,
1474 1476 1554 1503 quam
1568 1467 1613 1504 qui
1627 1477 1676 1505 pa-

934 1519 1068 1540 terentur:
1084 1511 1127 1539 his
1141 1512 1211 1540 enim
1227 1511 1418 1548 e01·onas,.illis
1428 1511 1561 1550 supplicia
1574 1512 1672 1551 parari.

934 1557 1038 1586 Deinde
1046 1564 1122 1596 rogat
1129 1556 1164 1586 de
1174 1557 1331 1586 valetudine
1341 1567 1388 1585 sua
1398 1557 1536 1585 certiorem
1545 1568 1572 1586 se
1586 1558 1672 1586 iaciat.

975 1606 1048 1634 Licet
1058 1611 1147 1633 autem
1161 1604 1237 1633 exsul
1248 1611 1272 1632 01
1285 1604 1513 1643 Constantinopoli
1526 1606 1619 1644 procul
1634 1616 1674 1634 es-

934 1659 981 1689 set,
995 1662 1046 1680 non
1061 1651 1191 1680 minorem
1206 1659 1293 1679 tamen
1308 1650 1359 1679 sibi
1376 1650 1510 1679 commissi
1525 1651 1613 1690 gregis
1626 1662 1673 1680 cu-

933 1709 991 1726 ram
1003 1698 1123 1736 gerebat,
1138 1696 1357 1736 advigilabatque
1371 1703 1399 1724 ut
1412 1697 1561 1736 presbyteri
1573 1704 1597 1725 et
1609 1698 1673 1726 Cle-

933 1745 1038 1773 russibi
1049 1743 1171 1772 addictus
1179 1753 1226 1772 suo
1240 1744 1410 1781 fungerentur
1422 1742 1520 1771 officio.
1534 1743 1575 1771 Ad
1586 1743 1673 1771 Theo-

932 1789 1029 1818 dorum
1043 1790 1160 1819 scribens
1175 1789 1207 1817 de
1222 1789 1382 1827 negligentia
1398 1788 1508 1817 Salustii
1523 1789 1674 1829 presbyteri

933 1837 1064 1875 queritur,
1077 1847 1155 1875 quem
1168 1835 1322 1864 nuntiatum
1335 1834 1386 1862 sibi
1398 1835 1483 1862 fuerat
1498 1835 1545 1862 vix
1556 1836 1674 1873 quinque

932 1883 1058 1911 homilias
1069 1882 1104 1910 ad
1119 1881 1244 1911 Octobris
1258 1891 1342 1918 usque
1351 1890 1466 1908 mensem
1480 1880 1621 1909 habuisse:
1632 1888 1674 1909 at-

932 1939 985 1966 que
1000 1928 1088 1967 ipsum
1104 1934 1129 1956 et
1147 1926 1329 1965 Theophilum
1347 1925 1544 1964 presbyterum,
1558 1926 1672 1956 alterum

932 1986 966 2003 ex
975 1975 1084 2014 pigritia
1097 1996 1106 2008 ,
1127 1973 1241 2001 alterum
1256 1983 1309 2010 pra:
1322 1978 1392 1999 metu
1408 1971 1443 1999 ad
1457 1971 1600 2000 Collectam
1620 1983 1672 2002 non

932 2021 1030 2049 venire.
1045 2019 1192 2049 Salustium
1208 2028 1269 2047 vero
1290 2017 1407 2045 maxime
1421 2018 1537 2045 amicum
1551 2029 1630 2047 suum
1643 2028 1672 2049 ut

932 2067 1101 2095 vehementer
1124 2063 1219 2092 excitet
1234 2070 1357 2102 precatur
1372 2073 1378 2090 :
1401 2062 1428 2090 in
1443 2070 1515 2091 tanta
1532 2064 1602 2093 enim
1626 2076 1671 2094 re-

932 2123 992 2140 rum
1017 2117 1171 2150 tempestate
1195 2119 1318 2148 maguam
1340 2108 1468 2138 exhibere
1486 2110 1671 2140 tortitudinem

933 2165 958 2186 et
982 2156 1154 2196 vigilantiam
1175 2162 1296 2195 oportere
1317 2154 1392 2183 dicit.
1411 2155 1512 2184 Eadem
1537 2157 1570 2185 de
1593 2168 1672 2187 causa

933 2204 966 2233 ad
982 2203 1165 2241 Theophilum
1185 2201 1371 2241 presbyterum
1386 2201 1526 2240 epistolam
1542 2205 1599 2232 2212
1621 2205 1672 2233 mi-

933 2251 986 2288 sit,
1007 2260 1034 2278 se
1059 2258 1226 2287 summopere
1251 2247 1368 2276 doluisse
1394 2248 1548 2287 significans
1559 2272 1567 2286 ,
1599 2252 1674 2288 quod

934 2297 979 2325 ille
991 2303 1016 2324 et
1028 2295 1162 2323 Salustius
1176 2305 1235 2323 raro
1248 2293 1281 2322 ad
1299 2294 1445 2322 collectam
1460 2295 1626 2332 accederent,
1643 2308 1660 2324 u

934 2343 985 2371 sibi
998 2342 1102 2370 dictum
1116 2342 1202 2370 suerat
1213 2352 1219 2368 ε
1235 2340 1257 2369 51
1272 2351 1312 2368 res
1325 2351 1400 2369 secus
1411 2351 1438 2369 se
1451 2341 1568 2377 haberet,
1581 2342 1610 2371 id
1619 2343 1672 2371 sibi

934 2388 1082 2424 nuntiaret3
1098 2388 1138 2416 sin
1153 2397 1248 2416 verum
1259 2393 1335 2422 esset,
1346 2386 1536 2424 negligentiam
1545 2388 1674 2416 emenda-

934 2434 1030 2463 retAd
1044 2433 1193 2462 Salustium
1201 2432 1297 2461 deinde
1307 2432 1446 2471 epistolam
1458 2433 1532 2461 misit
1546 2435 1613 2471 205,
1625 2435 1672 2463 ubi

935 2481 1024 2510 cadem
1038 2481 1092 2509 sere
1101 2480 1207 2520 repetit,
1219 2480 1308 2519 ipsum
1324 2490 1417 2518 nempe
1427 2480 1463 2508 ad
1474 2481 1614 2510 Octobrem
1628 2493 1671 2511 us-

935 2539 986 2566 que
1004 2539 1120 2557 mensem
1136 2527 1260 2556 homilias
1277 2526 1395 2564 quinque
1410 2533 1512 2554 tantum
1527 2527 1652 2557 habuisse
1663 2550 1671 2562 ‚

936 2574 1120 2614 Theophilum
1133 2584 1195 2603 vero
1210 2572 1311 2601 nullam
1324 2584 1329 2600 :
1342 2582 1374 2600 au
1395 2571 1421 2600 id
1435 2583 1527 2601 verum
1550 2573 1583 2601 sit
1594 2595 1601 2609 ,
1620 2575 1672 2602 sibi

936 2619 1033 2649 indicet
1048 2627 1134 2659 reg-it,
1148 2627 1172 2648 ct
1187 2619 1209 2648 si
1221 2629 1260 2648 res
1273 2619 1307 2647 itu
1319 2629 1345 2647 50
1357 2618 1463 2655 habeat,
1481 2626 1590 2658 uterque
1608 2620 1674 2649 dli-

1693 1618 1822 1648 Chr-»sintn-

1685 1659 1731 1671 niu,
1766 1652 1826 1671 cnut

1684 1691 1752 1707 gre-,gis
1765 1690 1798 1702 5111

1684 1722 1758 1734 01113111
1790 1723 1828 1741 Ξυ-

1685 1750 1721 1766 iit.

1684 1785 1755 1812 Episl.
1771 1791 1823 1805 2111.
