1884 2922
693 204 796 226 INDEX
825 204 936 226 RERUM
945 218 951 225 .

93 266 179 296 Maria
195 266 274 303 virgo
292 264 451 293 admiranda
473 265 500 293 in
515 265 673 293 salutatione
691 265 789 303 angeli.

54 318 112 339 VII.
128 314 174 338 63.
194 309 290 344 Edem,
307 307 378 346 quod
391 315 487 337 terram
504 308 635 346 virginem
647 307 790 346 significat,

53 353 175 392 Virginis
189 353 287 381 Matris
303 353 399 391 figura.
421 360 466 381 III.
490 357 552 381 136.
567 363 592 380 Β.
609 352 702 380 Mariae
721 352 792 380 inte-

53 399 136 436 gritas
155 404 179 425 et
201 397 312 436 puritas.
336 404 381 425 III.
403 401 448 425 21.
473 408 502 425 n.
521 396 600 424 Illam
616 396 746 434 virginem
768 403 794 424 ct

53 448 165 469 matrem
180 440 299 469 reddidit
315 441 396 468 Deus.
419 447 463 469 111.
483 444 545 469 406.
564 452 591 468 a.
610 441 696 478 Yirgo
710 450 793 477 usque

54 485 88 513 ad
109 492 215 524 partum
231 485 328 513 intacta
352 485 467 519 mansit,
485 494 586 512 necnon
600 490 660 522 post
673 490 790 522 partum.

56 535 114 557 VII.
130 534 175 557 90.
191 529 312 568 Spiritus
328 529 410 557 sancti
427 529 454 556 in
469 528 559 556 Maria
571 528 685 566 Virgine
699 537 795 566 opera-

54 572 92 601 tio
103 582 156 600 non
168 571 342 611 exploranda.
358 579 414 601 VII.
436 577 480 600 58.
495 582 521 603 Β,
534 572 621 600 Maria
639 571 726 610 Virgo
734 570 796 609 jure

54 616 131 645 beata
152 616 322 655 praedicatur.
346 623 403 644 VII.
430 620 494 645 528.
521 625 547 644 c.
569 614 698 644 Victoriae
719 614 795 642 nobis

57 671 145 689 causa.
164 667 208 688 III.
225 665 289 688 907.
309 670 335 687 c.

96 704 190 732 Mariae
211 703 349 743 sapientia.
377 710 447 732 VIII.
473 707 535 731 146.
562 714 586 731 B.
607 702 793 742 praerogativa.

60 755 118 776 ΥΠ.
136 752 199 776 145.
214 758 239 775 B.

97 791 184 820 Maria
208 798 237 819 ut
256 797 345 829 postea
366 790 511 829 discipulo,
533 790 571 818 sic
591 790 665 829 prius
679 789 796 828 Josepho

58 835 156 864 tradita
182 835 240 864 suit.
255 842 313 865 VII.
340 839 386 863 66.
410 845 433 863 s-
459 836 583 870 Quantus
607 834 692 862 honor
715 834 798 862 colla-

58 886 100 908 tus
113 879 246 918 discipulo
261 879 303 907 cui
322 879 446 907 Christus
458 885 570 906 matrem
587 877 795 906 commendavit.

59 931 128 952 VIII.
147 928 212 952 576.
225 934 251 952 c,
269 923 356 951 Maria
372 930 455 950 mater
469 922 569 950 Christi
586 921 621 949 ad
633 922 690 960 ejus
705 921 798 959 sepul-

58 978 133 996 crum
158 978 219 995 cum
237 966 299 994 aliis
321 965 482 994 mulieribus
501 965 583 993 venit.
605 972 663 993 VII.
683 969 748 993 952.
769 976 794 992 n.

97 1012 199 1039 Maria
211 1011 297 1048 Virgo
315 1010 444 1048 Deipara
466 1010 613 1038 Christum
624 1011 735 1048 genuit.
749 1016 795 1037 111.

59 1060 140 1084 1000.
159 1065 186 1083 c.
203 1065 232 1082 n.
250 1059 334 1082 1001.
352 1053 517 1082 Secundum
540 1059 676 1080 naturam
693 1054 796 1091 virgo,

56 1100 213 1127 secundnm
228 1100 415 1126 oeconomiam
435 1103 529 1125 mater
545 1096 632 1135 facta
650 1103 700 1125 esc.
723 1103 794 1126 VIII.

57 1147 121 1171 921.
136 1154 163 1170 Β.

96 1187 202 1214 stlariae
226 1186 361 1223 Deiparae
387 1195 469 1213 nemo
506 1186 539 1212 in
557 1185 703 1221 sapientia
722 1194 799 1212 επιε-

59 1229 217 1269 quandum.
242 1236 312 1258 VIII.
334 1233 399 1257 915.
421 1239 447 1256 n.
463 1228 548 1256 Nihil
570 1230 601 1255 in
622 1229 687 1255 vita
706 1228 799 1255 homi-

59 1285 127 1302 nnm
143 1275 250 1312 Virgini
268 1275 372 1301 Mariae
391 1272 498 1301 simile.
522 1271 562 1300 lb.
580 1281 609 1300 Ε.
632 1271 753 1299 Nullum
768 1273 799 1298 in

59 1325 122 1347 tota
137 1324 243 1346 natura
258 1317 316 1345 tale
327 1323 369 1345 est
379 1315 585 1355 spectaculum.
602 1314 644 1342 Ib.
658 1326 685 1342 A.
700 1316 800 1342 Maria

59 1373 128 1390 ‘vere
144 1368 235 1389 mater
251 1361 372 1396 Christi,
391 1360 545 1398 quomodo.
563 1366 596 1388 II.
615 1362 678 1387 963.
697 1369 722 1387 c.
742 1359 799 1387 Per

60 1406 189 1435 stlat-iam
219 1406 298 1433 Deus
326 1405 421 1432 Evam
447 1405 537 1430 erexit
564 1402 736 1440 collapsam.
763 1409 796 1431 11.

61 1454 126 1478 965.
146 1459 171 1476 e.
198 1448 347 1476 Habemus
365 1452 498 1474 sarzctam
521 1446 667 1484 Virginem
687 1456 721 1474 ac
745 1447 799 1474 Dei

58 1495 226 1532 genitricem
242 1492 373 1519 Mariam
387 1500 451 1528 quoe
470 1499 523 1528 pro
538 1490 620 1517 nohis
634 1490 797 1517 intercedit.

60 1544 106 1565 VI.
120 1541 183 1565 486.
195 1547 223 1564 D.
237 1536 338 1564 Maria
349 1535 431 1572 virgo
443 1543 495 1572 pro
508 1535 623 1571 virgine
636 1534 703 1561 Eva
715 1535 800 1561 inter-

60 1582 146 1609 cedit.
174 1587 220 1608 VI.
243 1584 307 1608 593.
329 1590 357 1606 A.
378 1579 464 1617 Virgo
485 1584 512 1606 et
536 1578 666 1612 Deipara
687 1579 797 1614 Maria,

60 1635 124 1653 cum
149 1624 217 1652 aliis
248 1623 438 1656 mulieribus,
459 1623 542 1649 venit
565 1621 605 1648 ad
624 1621 798 1658 sepulcrum.

60 1672 246 1698 x·111.817.1i.
271 1668 370 1694 Maria
390 1666 496 1694 Jacobi
519 1665 649 1701 Deipara
671 1671 731 1692 erat
756 1674 800 1692 se-

60 1713 186 1740 cundum
209 1713 373 1749 opinionem
387 1709 539 1746 cujusdam
554 1710 708 1744 anonymi.
727 1715 797 1737 vm.

59 1760 122 1784 816.
135 1766 162 1785 n.
175 1756 280 1783 ,tlariae
292 1755 418 1792 li'rginis
434 1753 545 1780 laudes.
561 1759 604 1780 VI.
621 1756 686 1780 756.
706 1753 796 1781 1¹¹col.

60 1810 88 1827 n.
109 1804 138 1828 2⁰
162 1799 214 1827 col.
236 1809 263 1826 A.
283 1809 306 1826 B.
332 1798 438 1826 lezrz'ae
459 1798 560 1824 matris
584 1798 715 1823 animam
732 1796 796 1834 gla-

59 1844 125 1871 dius
151 1843 341 1870 dubitationis
370 1842 568 1880 pertransivit.
607 1846 639 1868 V.
673 1844 738 1868 679.
767 1851 793 1868 c.

62 1887 132 1915 Vide
149 1887 257 1915 Vmoo.

101 1931 177 1958 Mam
186 1942 207 1965 ι,
224 1928 420 1967 sororMoysis,
434 1927 468 1956 ob
480 1926 608 1965 exiguum
621 1936 744 1954 murmur
756 1925 798 1954 le-

60 1985 116 2013 prae
136 1973 333 2002 damnationem
349 1972 436 2000 refert.
456 1978 490 2002 11.
508 1976 572 1999 388.
590 1981 615 1999 c.

100 2019 196 2045 Mania
206 2039 214 2049 ,
229 2027 303 2044 soror
318 2015 423 2051 Lazari,
439 2026 472 2043 an
484 2017 517 2043 sit
531 2014 666 2053 peccatrix
678 2014 724 2042 illa
739 2025 798 2052 quae

61 2061 139 2089 unxit
151 2060 231 2100 pedes
241 2061 304 2089 Jesu
318 2071 325 2096 ;
339 2059 459 2087 camdem
469 2069 520 2087 non
532 2065 607 2097 putat
617 2058 698 2087 fuisse
709 2058 799 2098 Chry-

62 2112 203 2134 sostomus.
220 2111 291 2133 VIII.
311 2108 376 2132 422.
393 2114 419 2133 e.

101 2150 200 2177 Mania
212 2148 373 2187 Magdalena
385 2146 496 2175 ferventi
511 2156 601 2174 amore
612 2152 694 2180 mota,
704 2145 797 2174 Domi-

61 2193 119 2221 nica
132 2191 334 2220 manediluculo
344 2191 417 2219 venit
430 2190 464 2218 ad
476 2190 638 2228 sepulcrum.
655 2196 723 2218 VIII.
732 2193 796 2218 580.

63 2248 88 2265 c.
115 2235 179 2265 Ideo
194 2246 245 2263 non
261 2245 372 2274 parvam
386 2234 524 2273 diligentia
540 2244 587 2262 sua
602 2233 704 2272 accepit
728 2244 799 2261 mer-

61 2279 164 2318 cedem3
180 2289 241 2307 nam
256 2279 341 2317 prima
355 2278 494 2306 Christum
507 2284 566 2317 post
579 2277 799 2306 resurrectionem

61 2323 142 2353 vidit.
161 2330 232 2351 vm.
253 2326 316 2350 584.
335 2333 360 2350 c.

101 2368 199 2396 an
224 2366 406 2404 Jlagdalena
429 2364 469 2392 ad
481 2365 647 2404 sepulcrum
667 2365 796 2392 veniens.

64 2410 266 2450 Difficultates
278 2420 312 2438 ea
325 2410 359 2437 de
373 2419 415 2438 re.
432 2415 503 2437 VIII.
521 2412 584 2436 816.
604 2413 670 2436 817.

102 2458 209 2484 Minui
225 2458 253 2483 in
270 2453 438 2492 Evangelio
454 2459 632 2488 memor-atre,
650 2459 717 2491 quot
743 2463 800 2481 nu-

64 2509 141 2528 mero
154 2500 275 2537 fuerint.
288 2505 358 2526 VIII.
377 2502 439 2525 824.
455 2507 480 2526 c.
498 2507 526 2524 I).
544 2500 609 2524 825.
628 2506 655 2525 Ε.
672 2507 699 2524 Α.
713 2495 800 2524 Maria

64 2542 189 2581 quaedam
199 2541 353 2582 apostolicis
363 2540 554 2569 certaminibus
567 2550 594 2568 se
604 2539 718 2568 dedidit.
730 2546 799 2570 VIII.

67 2591 129 2615 420.
146 2598 170 2615 c.
185 2586 283 2620 Maria,
300 2585 378 2614 Pauli
393 2583 545 2622 discipula,
563 2583 677 2612 multum
693 2583 800 2612 labora-

1028 234 1043 249 .
1520 194 1585 227 311

845 264 893 292 vit.
911 271 957 293 Ix.
976 268 1037 293 822.
1060 274 1088 295 c.
1102 263 1205 299 Marito,
1217 273 1276 301 quae
1291 263 1318 291 in
1332 263 1471 292 obsidione
1484 265 1590 294 Jeroso-

844 308 925 346 lymae
950 308 1038 336 filium
1064 307 1200 344 eomedit,
1223 307 1335 335 historia
1351 318 1384 336 ex
1406 308 1525 347 Josepho
1554 309 1590 336 de

846 352 922 380 Bell.
939 353 1010 382 Jud.
1030 352 1060 380 L.
1082 358 1124 380 Π.
1137 353 1204 390 Cap.
1222 356 1248 380 7.
1266 356 1329 381 ets.
1344 358 1365 381 I.
1381 356 1426 380 62.
1443 356 1490 380 63.
1504 356 1551 380 64.

886 397 914 424 M
924 406 965 423 im
997 396 1122 435 episcopo
1147 395 1259 433 epistola
1290 395 1490 434 Cbrysostomi.
1542 402 1589 423 III.

846 444 911 468 769.
928 451 954 468 E.
968 440 1039 467 Mari
1057 446 1081 467 et
1097 438 1226 477 Symeoni
1241 438 1404 477 presbyteris
1418 445 1443 467 et
1454 438 1593 467 monachis

847 483 874 511 in
904 483 1047 522 Apamensi
1077 492 1140 520 agro
1172 481 1283 521 epistola
1313 482 1509 521 Chrysostomi.
1537 489 1583 511 III.

846 532 911 556 750.
934 538 959 556 A.

887 572 1053 599 Mirm-imo
1067 568 1159 597 scribit
1175 569 1397 608 Chrysostomus.
1414 576 1460 597 III.
1475 574 1540 600 812,
1560 581 1586 598 ³.

887 615 1004 643 Maturo
1029 613 1129 641 Paulus
1153 613 1248 641 tribuit
1270 613 1359 641 locum
1383 612 1550 651 principatus
1567 619 1593 641 et

847 658 1042 698 providentiae,
1061 657 1140 685 uxori
1153 667 1216 687 vero
1230 657 1417 696 subjectionis.
1435 664 1483 687 ΧΙ.
1504 662 1558 686 165

887 703 1035 730 Mmmom
1050 701 1176 729 domibus
1200 701 1336 729 ornandis.
1352 708 1386 731 11.
1402 705 1448 729 33.
1467 712 1494 730 E.
1514 702 1592 730 Mar-

848 756 921 774 more
935 745 1044 774 crustati
1060 745 1173 784 parietes
1187 745 1214 773 in
1230 744 1369 773 domibus.
1382 752 1413 774 V.
1433 750 1499 774 621.
1517 756 1544 774 c.

888 791 973 819 Mino
987 789 1126 829 presbyter
1141 789 1288 817 monachus
1305 810 1313 824 ‚
1329 788 1365 817 ad
1389 799 1469 826 quem
1485 789 1595 828 scripsit

850 834 1066 872 Chrysostomus.
1085 839 1130 861 III.
1146 837 1212 861 738.
1229 843 1254 860 n.

891 878 985 905 Mmsr
999 883 1025 904 et
1035 875 1130 904 Gottbi
1142 875 1263 903 monachi
1276 897 1284 911 ‚
1298 873 1371 913 apud
1384 885 1451 912 quos
1463 874 1594 914 Serapion

849 921 990 960 episcopus
1004 919 1187 948 delitescebat.
1210 926 1257 948 111.
1278 923 1343 947 722.
1360 930 1387 946 E.

889 965 1106 994 Mansurtonnm
1126 971 1238 992 sectores
1260 962 1437 991 concionibus
1464 961 1595 1002 Chryso-

850 1008 931 1037 stomi
951 1007 1077 1042 aderant,
1102 1014 1131 1035 ut
1154 1007 1323 1046 subriperent
1336 1017 1434 1035 aurum
1451 1006 1524 1044 quod
1537 1016 1594 1035 ser-

850 1051 949 1079 vabant
964 1050 1106 1079 auditores.
1124 1057 1145 1079 1.
1163 1055 1227 1079 586.
1245 1061 1271 1079 c.

890 1096 1004 1123 manns
1019 1095 1184 1132 Venerisque
1198 1093 1372 1122 adulterium.
1391 1100 1425 1122 11.
1443 1097 1508 1121 681.
1525 1103 1556 1121 n.

890 1140 1056 1168 Mar-Tritaia
1070 1148 1123 1166 non
1142 1138 1229 1166 solum
1244 1138 1307 1166 facit
1322 1137 1486 1166 sacrificium
1500 1147 1596 1176 respu-

850 1193 894 1211 ere
903 1205 910 1218 ,
920 1182 966 1210 sed
983 1183 1062 1210 etiam
1075 1181 1215 1219 quodlibet
1227 1192 1334 1210 servare
1344 1188 1511 1220 praeceptum
1521 1181 1597 1219 quod

851 1233 963 1254 mortem
976 1232 1059 1263 potest
1067 1235 1208 1253 accersere.
1230 1233 1250 1253 1.
1262 1230 1326 1253 839.
1341 1237 1367 1253 A.
1387 1225 1446 1252 Non
1459 1225 1514 1253 sola
1525 1235 1596 1252 mors

852 1276 999 1308 martyrem
1014 1269 1087 1306 facit,
1103 1268 1149 1297 sed
1160 1271 1240 1297 etiam
1252 1269 1335 1297 animi
1349 1269 1596 1308 propositum.cum

851 1323 902 1341 non
912 1320 1007 1342 eventu
1018 1313 1084 1347 solo,
1091 1312 1138 1341 sed
1150 1313 1288 1342 voluntate
1300 1323 1406 1350 quoque
1417 1312 1540 1351 martyrii
1552 1322 1597 1340 co-

850 1368 914 1385 rona
927 1364 1106 1395 comparetur.
1116 1364 1150 1385 11.
1161 1361 1224 1385 723.
1233 1368 1257 1387 Β,
1275 1357 1333 1384 Non
1344 1355 1425 1384 modo
1433 1356 1480 1393 qui
1497 1355 1597 1384 crucia-

851 1401 923 1429 tibus
937 1407 975 1428 est
987 1407 1142 1429 consumtus
1155 1423 1163 1438 ‚
1180 1400 1226 1429 sed
1249 1401 1329 1428 etiam
1347 1399 1393 1437 qui
1406 1400 1488 1428 verbo
1506 1399 1596 1437 gratia:

850 1444 1006 1472 testificatus
1023 1451 1071 1480 est,
1097 1444 1143 1472 ille
1154 1453 1193 1472 est
1207 1451 1324 1483 martyr:
1348 1454 1411 1471 nam
1428 1442 1517 1481 quivis
1529 1443 1598 1470 veri-

824 1510 827 1514 .
851 1488 913 1516 tatis
933 1498 1022 1527 praeco
1044 1494 1146 1526 martyr
1160 1494 1199 1516 est
1212 1488 1274 1516 Dei.
1300 1495 1346 1516 111.
1365 1492 1430 1516 918.
1451 1497 1476 1514 Β.
1508 1487 1595 1515 Nemo

850 1538 936 1571 potest
959 1531 1119 1569 martyrium
1144 1531 1249 1559 fortiter
1264 1531 1354 1559 subire
1368 1537 1414 1559 aut
1430 1530 1575 1569 praedicare
1588 1552 1595 1566 ‚

852 1576 902 1604 nisi
917 1575 1036 1614 Spiritus
1051 1575 1135 1603 sancti
1149 1575 1250 1603 virtute
1263 1575 1415 1604 roboretur.
1429 1575 1472 1602 lh.

890 1620 1042 1657 Martyrum
1057 1629 1154 1646 corona
1173 1626 1197 1646 ct
1212 1618 1297 1656 gloria
1314 1619 1395 1647 totius
1409 1625 1447 1646 est
1463 1618 1592 1646 Ecclesia:

851 1662 946 1701 gloria,
961 1663 1037 1700 cujus
1049 1661 1090 1689 illi
1105 1668 1195 1700 caput,
1214 1672 1261 1689 nos
1271 1671 1333 1689 vero
1348 1661 1427 1700 pedes
1440 1672 1541 1690 sumus.
1559 1669 1596 1690 II.

851 1711 914 1735 7:29.
931 1717 954 1734 Β.
975 1707 1128 1744 Martyrum
1150 1705 1250 1743 quippe
1264 1715 1337 1734 mors
1352 1705 1473 1733 fidelium
1488 1711 1527 1733 est.
1546 1715 1595 1733 ex-

850 1750 977 1784 hortatio,
994 1750 1175 1778 Ecclesiarum
1192 1749 1302 1784 fiducia,
1318 1749 1509 1777 christianismi
1525 1759 1592 1777 con-

852 1795 976 1829 firmatio,
992 1794 1083 1821 mortis
1097 1793 1254 1826 destructio,
1270 1793 1471 1821 resurrectionis
1485 1792 1597 1820 demon-

851 1839 955 1873 stratio,
967 1845 1016 1866 etc.
1035 1842 1143 1867 11.823.
1161 1848 1187 1865 e.
1204 1838 1337 1876 Martyres
1352 1844 1412 1865 sunt
1428 1836 1550 1874 palmites
1564 1847 1597 1865 ex

852 1882 959 1910 Christo
977 1892 1024 1910 ceu
1040 1881 1129 1909 radice
1143 1881 1316 1919 pullulantes.
1342 1888 1387 1909 111.
1407 1885 1471 1909 149.
1486 1891 1513 1909 Ε.
1529 1881 1598 1909 Sunt

851 1926 976 1956 Ecclesia:
990 1925 1117 1954 thesauri.
1135 1933 1156 1954 I.
1171 1930 1234 1953 706.
1252 1935 1280 1953 ι).

892 1972 1045 2009 Martyrum
1056 1969 1179 1997 examina
1192 1968 1274 1996 multa
1288 1968 1313 1996 in
1327 1967 1444 1996 Perside.
1459 1974 1479 1995 1.
1493 1971 1557 1995 683.
1570 1978 1594 1996 n.

852 2013 988 2042 Innumeri
1004 2012 1097 2052 populi
1112 2019 1261 2051 martyrum
1277 2011 1415 2050 jugulati,
1432 2011 1495 2049 quia
1513 2010 1596 2038 Chri-

852 2064 922 2086 stum
938 2057 1070 2095 abncgare
1083 2056 1237 2085 noluerunt.
1253 2063 1274 2084 1.
1292 2059 1356 2084 696.
1378 2066 1404 2083 Β.

892 2103 1047 2140 Martyrum
1062 2100 1136 2129 varia
1151 2099 1285 2138 supplicia
1301 2104 1463 2126 enumerata.
1483 2104 1515 2125 II.
1529 2101 1593 2126 854.

853 2157 880 2175 c.
896 2154 929 2175 X.
953 2151 999 2175 33.
1018 2158 1044 2175 Α.
1063 2156 1087 2174 B.
1120 2146 1254 2183 Martyres
1279 2144 1305 2171 in
1329 2143 1470 2171 craticulas
1487 2143 1597 2179 ferreas,

853 2190 946 2228 prunis
967 2189 1124 2225 substratis,
1141 2187 1261 2226 conjecti.
1277 2188 1319 2215 ΙΙ).
1339 2198 1366 2215 Α·
1384 2188 1518 2225 Martyres
1538 2196 1596 2225 spe-

854 2241 968 2262 ctatores
983 2233 1101 2261 victoriae
1118 2242 1172 2260 snae
1189 2240 1317 2269 supernas
1331 2229 1453 2260 Virtutes
1475 2229 1593 2264 habent,

853 2277 1037 2305 sicutatliletae
1049 2275 1189 2315 populum.
1211 2281 1245 2303 11.
1263 2278 1326 2303 852.
1347 2284 1373 2302 E.
1392 2278 1455 2303 853.
1477 2285 1504 2301 A.
1519 2275 1597 2302 Mar-

852 2327 944 2359 tyrum
964 2327 1045 2348 coetus
1060 2341 1067 2354 ,
1091 2319 1188 2346 chorus
1209 2325 1235 2346 et
1253 2317 1385 2346 exercitus
1408 2323 1530 2346 vocatur.
1551 2324 1586 2345 11.

853 2368 917 2392 849.
931 2375 957 2391 n.
973 2364 1126 2401 Martyrum
1139 2362 1227 2390 anima
1243 2362 1336 2390 melior
1351 2372 1426 2390 auro.
1453 2368 1497 2389 VI.
1524 2364 1590 2388 143.

854 2420 878 2437 Β.
888 2409 1044 2446 Martyrum
1058 2406 1184 2446 patientia
1197 2406 1224 2434 in
1240 2405 1389 2434 tormentis.
1407 2412 1439 2433 II.
1450 2409 1516 2433 732.
1531 2415 1558 2432 B.
1569 2414 1598 2434 c.

853 2456 918 2481 733.
938 2463 967 2480 n.
1002 2452 1105 2480 Eorum
1125 2450 1277 2478 constantiae
1304 2448 1407 2487 egregia
1437 2446 1594 2485 descriptio.

854 2503 888 2525 It.
907 2500 972 2524 850.
991 2506 1020 2525 A.
1037 2499 1140 2523 851.1³.
1165 2493 1263 2521 Omnia
1283 2498 1476 2520 tormentorum
1499 2500 1595 2528 genera

855 2540 892 2568 ita
911 2539 1082 2578 superabant,
1110 2544 1139 2565 ut
1163 2548 1190 2565 ca
1212 2547 1264 2565 non
1287 2536 1373 2564 solum
1388 2535 1492 2563 fortiter
1508 2541 1533 2562 et
1547 2544 1597 2572 ge-

855 2593 961 2619 nerose,
987 2582 1031 2612 sed
1053 2589 1078 2611 et
1103 2581 1227 2610 alacriter
1248 2587 1272 2609 et
1299 2591 1361 2609 cum
1377 2580 1518 2618 voluptate
1541 2578 1599 2607 ser-
