1884 2922
636 222 751 247 VOCUM
778 222 1006 246 cnRYSOS‘rom
1013 237 1020 245 .

97 286 241 326 Κόρδακες,
257 286 399 321 Cordaces,
414 286 562 322 Morioncs,
578 287 734 316 saltatorum
748 296 795 325 ge-

57 343 122 369 nus,
133 333 211 372 cujus
228 333 352 371 frequens
370 334 468 362 mentio
483 333 557 372 apud
577 333 794 372 Aristophanem,

56 378 272 417 Theophrastum
282 385 307 407 et
319 379 401 414 alios,
413 386 432 408 t.
448 381 497 407 11.
510 390 538 418 p.
555 380 622 408 125.
639 380 672 407 C.

94 424 196 453 Κυνικὰ
217 424 394 463 καθάρματα,
414 425 515 464 Cynica
538 425 651 464 piacula.
674 425 719 453 Sic
734 424 798 463 phi-

55 470 181 509 losophos
192 477 268 499 vocat
284 470 507 510 Chrysostomus,
519 478 540 499 t.
557 473 586 501 Ξ.
611 481 639 510 p.
664 472 730 499 175.
744 470 775 499 B.

413 570 437 597 Α

97 655 284 692 Λειποτάξιον,
309 656 348 692 τό,
373 656 505 684 Desertio.
518 656 552 685 ‘O
581 656 608 686 δὲ
634 655 797 695 στρατιώτης

56 700 126 734 ἅπαξ
149 701 287 739 γενόμενος
298 724 305 737 ,
326 702 356 730 ἂν
372 703 427 741 ἁλῷ
443 702 624 738 λειποταξίου,
640 704 692 740 qui
712 701 798 730 semel

55 746 139 774 miles
153 747 279 786 effeetus
301 754 343 775 est
356 769 364 783 ,
382 749 407 776 si
421 751 452 776 in
466 748 626 776 desertione
645 748 798 786 deprehen-

55 793 152 827 datur,
165 799 185 821 t.
202 794 228 820 1.
244 803 271 832 p.
287 794 334 822 55.
349 793 383 824 B.

94 838 194 876 Λογία,
206 841 222 873 ἡ
238 860 245 873 ,
257 838 385 873 Colleeta‚
399 846 420 869 t.
438 840 485 869 10.
503 850 530 878 p.
546 839 613 868 400.
626 839 657 867 C.

95 884 191 917 Λῶταξ
201 907 208 918 ,
226 895 298 918 maoz,
311 886 335 919 ὁ,
351 885 502 913 Circulator
515 885 561 922 qui
578 885 659 923 stipis.
673 882 796 921 cogendae

55 941 133 958 causa
159 930 366 969 circumquaque
387 930 564 959 discurrebat.
590 930 644 959 Alii
659 930 796 958 tibicinem

55 977 136 1006 fuisse
149 976 243 1005 dicunt
253 987 268 1004 a
284 977 377 1013 λωτός,
393 977 484 1013 Tibia,
496 984 516 1005 t.
531 978 579 1005 11.
596 987 624 1016 p.
638 977 686 1006 99.
702 976 733 1004 C.

419 1077 448 1104 Μ

94 1161 259 1200 Μαρώριον,
283 1161 326 1196 τό,
341 1160 462 1190 Ecclesia
473 1161 516 1189 vel
528 1167 677 1200 martyrum
691 1160 799 1189 nomine

55 1214 219 1244 consecrata,
243 1207 287 1235 vel
310 1207 336 1234 in
361 1217 414 1244 qua
434 1213 583 1245 martyrum
603 1217 661 1234 ossa
676 1205 798 1245 deposita

56 1260 117 1281 sunt
130 1275 137 1290 ,
152 1260 171 1281 t.
187 1255 215 1282 2.
238 1264 264 1291 p.
278 1253 346 1281 597.
361 1254 392 1282 C.
412 1260 437 1281 et
453 1253 518 1280 alibi
531 1253 630 1292 passim
643 1252 716 1291 apud
729 1253 797 1281 scri—

56 1306 146 1338 ptores
154 1306 257 1328 veteres
268 1299 481 1328 Ecclesiasticos.

96 1345 239 1373 Μεθοδεύω
252 1367 260 1381 ,
278 1345 401 1384 Decipio.
421 1345 585 1374 Μεθοδεῖῖσαι
600 1345 654 1372 ἔστι
678 1344 707 1372 τὸ
732 1345 799 1372 ἅπα-

57 1392 148 1426 τῆςαι,
164 1397 183 1420 t.
199 1391 247 1425 11,
265 1401 294 1429 p.
311 1391 379 1420 168.
394 1391 424 1419 F.

98 1437 302 1475 Μεταμοσχεύω
313 1459 321 1471 ,
335 1436 532 1476 Transplanto,
548 1443 567 1467 t.
585 1437 615 1467 4.
632 1447 658 1475 p.
677 1437 744 1465 725.
758 1436 789 1464 C.

98 1482 304 1522 Μητραγύρται,
317 1483 350 1517 οἷ,
359 1483 532 1522 Metragyrtae
541 1505 548 1519 ,
565 1483 583 1511 ii
601 1489 675 1511 erant
689 1483 737 1520 qui
750 1492 799 1521 pro

58 1535 141 1557 matre
169 1529 265 1557 Cerere
285 1529 380 1566 stipem
399 1529 545 1567 cogebant,
568 1528 682 1566 ideoque
707 1535 800 1556 metra-

59 1580 142 1613 gyrtae
156 1575 330 1603 vocabantur.
352 1573 387 1603 Hi
407 1575 486 1602 etiam
504 1574 686 1614 μηναργύρται
707 1574 800 1613 appel-

59 1619 194 1655 labantur,
215 1620 344 1658 quoniam
367 1619 481 1659 singulis
507 1621 643 1649 mensibus
665 1620 694 1648 id
718 1619 801 1648 officii

60 1665 237 1704 praestabant,
252 1672 272 1695 t.
288 1668 317 1695 9.
328 1676 355 1704 p.
374 1667 442 1695 5258.
456 1666 492 1694 B.

101 1712 289 1751 Μικροψυχία,
305 1711 450 1748 simultas,
466 1711 617 1747 Contentio,
631 1711 780 1741 Dissidium
792 1733 801 1746 ,

62 1763 80 1785 t.
94 1758 139 1785 11.
152 1768 178 1796 p.
189 1759 236 1785 14.
251 1758 282 1786 B.
300 1764 325 1786 et
336 1757 402 1785 alibi
417 1759 524 1797 passim.
536 1757 607 1787 Vide
621 1768 679 1796 quae
694 1757 727 1786 de
753 1757 802 1786 hac

62 1813 127 1831 voce
140 1802 261 1831 diximus
278 1804 306 1832 in
321 1803 493 1832 Onomastico
503 1803 537 1831 ad
549 1803 737 1832 Athanasium.

101 1849 292 1888 Μικρόψυχος,
316 1849 486 1877 Simultatem
514 1859 651 1885 exercens,
668 1848 802 1878 Vindictae

61 1895 185 1934 cupidus,
203 1902 222 1924 t.
235 1906 263 1932 9.
281 1906 310 1934 p.
324 1895 393 1925 685.
417 1895 451 1923 Β.
472 1895 518 1923 ubi
534 1895 596 1923 vide
619 1902 719 1923 notam.
736 1895 802 1923 Item

60 1949 82 1971 t.
99 1943 145 1969 11.
166 1951 194 1980 p.
207 1941 276 1970 494.
301 1941 334 1970 Ε.
349 1951 440 1969 omnes
453 1941 507 1969 sere
520 1941 674 1979 interpretes
690 1940 802 1969 antebac

60 1993 198 2015 verterunt
207 2009 215 2022 ‚
224 1987 423 2025 pusillanimis
432 2008 440 2022 ,
454 1993 479 2014 et
494 1986 666 2026 μικροψυχία,
679 1987 802 2025 pusilla-

62 2033 191 2067 nimitas,
206 2032 254 2060 sed
269 2043 419 2071 perperam.
434 2031 504 2060 Add.
519 2039 538 2060 t.
552 2033 598 2061 10.
615 2043 641 2071 p.
657 2033 724 2061 157.
741 2035 776 2061 Α.

100 2080 245 2114 Μουσεῖον,
257 2078 296 2114 τό,
309 2078 438 2107 Museum
449 2099 458 2113 ,
476 2078 551 2106 locus
570 2078 705 2107 literarius
716 2101 724 2114 ,
741 2085 802 2107 stu-

61 2123 114 2153 diis
132 2124 290 2164 deputam,
302 2131 324 2154 t.
340 2124 369 2153 5.
386 2136 413 2164 p.
428 2126 457 2154 9.
469 2125 500 2154 Β.
515 2124 588 2154 Vide
600 2131 690 2154 notam
706 2125 756 2154 ibi.

429 2218 456 2246 Π

104 2302 285 2341 Παραλλαγή,
308 2302 480 2339 Differenfia,
496 2303 689 2343 Discrepantia.
704 2304 803 2344 Ἄρειος

64 2350 100 2380 εἷς
118 2348 293 2386 παραλλαγὴν
310 2348 397 2381 οὐσίας
418 2347 500 2378 ἕλκων
518 2349 565 2384 τὴν
580 2352 606 2378 ἐν
625 2354 678 2383 τοῖς
693 2351 802 2389 προσώ-

63 2405 121 2426 ποις
136 2394 278 2433 διαφοράν,
291 2395 383 2423 Arius
402 2397 434 2422 in
452 2396 650 2424 diversitatem
669 2398 804 2425 substan-

64 2443 112 2468 tiae
136 2449 327 2478 personarum
346 2441 561 2469 distinctionem
581 2441 716 2477 trahens,
738 2448 757 2469 t.
776 2443 802 2470 1.

63 2495 92 2523 p.
108 2484 178 2513 410.
192 2487 225 2514 A.

102 2532 276 2572 Παράστημα
290 2535 338 2567 τῆς
362 2532 488 2570 γνώμης,
520 2532 610 2560 Animi
634 2532 732 2561 fiducia
760 2533 804 2562 vel

65 2576 146 2605 animi
158 2577 264 2606 fiduciae
276 2577 430 2612 declaratio,
448 2585 466 2606 t.
482 2579 511 2608 4.
529 2588 556 2617 p.
570 2578 637 2608 470.
653 2579 686 2606 D.

106 2623 253 2662 Πάρῳ-ἴον,
265 2624 409 2662 Parergon.
428 2623 563 2662 Πᾶρεργον
574 2623 663 2662 γε’-(ονε
675 2626 721 2659 ’.ἧς
736 2635 800 2661 gaza-

1521 211 1586 255 541

850 289 896 324 ρᾶς
912 285 1010 314 ἐκείνου
1025 284 1108 319 δεξιᾶς
1119 307 1126 321 ,
1150 283 1184 313 de
1207 284 1289 313 Abele
1302 294 1316 312 a
1332 283 1415 312 fratre
1436 283 1571 312 interfecto
1583 306 1591 319 ,

850 337 869 359 t.
883 332 911 359 4.
932 341 959 369 p.
975 330 1041 360 585.
1055 333 1088 362 A.

892 379 1010 418 Πάτμ,
1031 379 1071 415 τό,
1096 378 1242 417 aliquando
1267 377 1401 416 significat
1423 377 1593 407 Sacrificium

851 431 876 452 et
891 424 1252 464 Ιίῑιιτςίειω,Τεο-σαρακοστὴ
1268 423 1315 462 μὲν
1328 423 1378 462 γὰρ
1394 423 1463 457 ἅπαξ
1477 427 1522 452 τοῦ
1539 425 1592 452 ἐνι-

853 473 932 499 αυτοῦ
940 470 1054 508 γίνεται,
1067 470 1160 510 xivf-2
1173 470 1199 500 δὲ
1207 470 1293 510 τρίτον
1307 471 1355 504 τῆς
1366 469 1521 507 &Boo-4303·
1536 469 1593 498 ἔστι

853 516 874 544 δ’
889 516 932 544 ὅτε
954 516 998 544 καὶ
1023 516 1168 555 τέταρτον,
1198 517 1428 555 Quadragesima
1452 515 1542 544 semel
1562 517 1594 543 in

852 562 992 601 annofit‚
1015 563 1136 590 Pascha
1157 573 1228 591 ‘vero
1245 568 1287 590 ter
1313 566 1344 590 in
1361 561 1554 600 hebdomada,
1567 568 1595 590 et

853 608 1014 646 aliquando
1030 614 1144 646 quater,
1165 615 1184 637 t.
1203 610 1232 638 1.
1247 619 1274 647 p.
1294 609 1363 636 611.
1379 609 1413 636 Α.

893 654 1052 693 Περίαμμα,
1069 654 1116 690 τό,
1132 654 1259 693 Ligamen
1273 653 1308 682 ad
1323 653 1454 682 curandos
1468 653 1592 690 morbos,

851 700 1020 735 Amuletum,
1034 707 1055 730 t.
1072 701 1100 728 1.
1116 711 1142 739 p.
1160 700 1212 729 681
1224 724 1230 730 .
1246 700 1277 728 C.
1289 706 1314 728 et
1328 709 1398 738 saepe
1411 699 1487 728 alibi.

892 745 1055 784 Περίαπτον,
1074 745 1113 781 τό,
1131 745 1258 784 Ligamcn
1276 744 1312 773 ad
1328 743 1461 773 curandos
1472 744 1595 780 morbos,

852 790 1021 826 Amuletum,
1038 797 1058 819 t.
1074 793 1102 820 1.
1119 791 1190 821 684.
1206 791 1237 819 C.
1253 797 1279 819 et
1293 790 1403 829 passim.

893 836 1025 873 Πέταλον,
1035 837 1075 873 τό,
1084 837 1239 866 Amulctum
1253 835 1379 865 curandis
1392 835 1504 870 morbis,
1518 841 1544 863 et
1556 834 1596 863 la-

852 883 1021 921 mina,queis
1031 884 1174 912 utebantur
1186 882 1352 917 meretrices,
1363 888 1382 912 t.
1402 882 1432 910 5.
1446 892 1475 920 p.
1490 881 1595 910 none.

892 929 1119 968 Πολυάρχιον,τό,
1134 929 1337 968 Polyarcfflum,
1355 937 1438 967 genus
1453 927 1595 966 unguenti,

853 980 873 1002 t.
891 975 921 1003 5.
936 986 963 1014 p.
980 976 1049 1004 615.
1065 975 1097 1004 B.

894 1020 1119 1056 Πολυὲἷλέποντες,
1138 1020 1176 1049 sic
1189 1019 1352 1049 vocabantur
1371 1017 1433 1047 caeci
1449 1029 1464 1046 a
1483 1018 1597 1057 quibus-

853 1064 917 1093 dam
927 1088 935 1101 ‚
949 1072 1012 1095 teste
1025 1065 1216 1105 Chrysostomo
1228 1073 1247 1095 t.
1264 1066 1291 1095 5.
1302 1077 1329 1105 p.
1346 1066 1414 1094 146.
1433 1065 1465 1092 Ε.

894 1112 1100 1151 Προσίσταμαι,
1124 1112 1257 1147 Offendo,
1274 1118 1294 1141 t.
1311 1113 1339 1140 7.
1356 1122 1384 1151 p.
1407 1110 1476 1140 408.
1509 1111 1544 1141 Ε.
1572 1118 1598 1140 et

853 1159 920 1188 alibi
933 1159 1007 1199 apud
1023 1160 1257 1199 Chrysostomum.

895 1206 1009 1234 Πυκτίον
1022 1228 1030 1241 ,
1052 1206 1093 1242 τό,
1112 1205 1193 1234 Liber
1214 1212 1382 1245 compactus,
1397 1212 1416 1234 t.
1435 1206 1464 1234 8.
1482 1215 1509 1244 p.
1527 1205 1597 1235 188.

855 1253 886 1279 Α.
900 1259 925 1280 et
938 1251 1011 1291 apud
1032 1251 1099 1281 alios
1109 1252 1251 1291 scriptores
1262 1251 1369 1291 passim.

1217 1356 1240 1384 Σ

897 1449 1063 1487 Σπόρτουλον
1073 1470 1080 1483 ,
1103 1447 1241 1487 Sportula,
1271 1447 1392 1476 calathus
1417 1447 1552 1476 vimineus
1571 1447 1598 1476 in

856 1504 909 1532 quo
923 1495 1040 1533 pecuniae
1052 1493 1132 1522 condi
1146 1493 1276 1525 solebant,
1288 1499 1307 1521 t.
1326 1493 1354 1521 5.
1370 1504 1398 1532 p.
1416 1493 1485 1522 720.
1503 1493 1536 1522 B.

897 1540 1036 1580 Συνδρομὴ
1052 1534 1350 1575 οὖσί(ί)δης,(ἶοι]ουῐευ5
1365 1538 1526 1575 essentialis,
1539 1539 1599 1567 25.

858 1598 886 1627 p.
903 1587 970 1615 745.
986 1589 1017 1615 Α.

897 1633 1080 1673 Συσφιγκτήρ,
1096 1634 1167 1671 ἦρος,
1182 1633 1209 1668 ὁ,
1226 1631 1336 1667 Fibula,
1349 1637 1368 1660 t.
1386 1631 1414 1660 5.
1432 1641 1459 1669 p.
1476 1630 1543 1660 180.
1561 1632 1596 1660 C:

858 1681 901 1710 διὰ
923 1679 1122 1719 συσφιγκτήρων
1137 1680 1242 1718 χρυσῶν
1256 1688 1270 1706 e
1289 1677 1387 1706 Psalm.
1401 1678 1452 1705 44.
1478 1677 1527 1705 15.
1552 1676 1599 1705 ubi

857 1726 942 1756 Savil.
964 1726 1142 1766 σφιγκτήρων.

898 1771 1071 1812 Σφαιρωτήρ.
1082 1773 1145 1809 ἦρος
1153 1793 1160 1805 ,
1169 1770 1381 1809 ὃ.Σφαιριι)τ’ἦρα
1396 1768 1502 1797 εἰώθασι
1514 1767 1599 1806 λέγειν

857 1818 887 1847 τὸ
899 1818 977 1858 ἄκρον
988 1820 1034 1846 τοῦ
1044 1817 1224 1854 ὑποδήματος,
1232 1816 1261 1844 τὸ
1272 1817 1307 1848 εἷς
1319 1815 1362 1848 ὀξὺ
1371 1816 1461 1854 λῆγον,
1469 1814 1600 1852 Splzoero-

858 1870 945 1892 terem
961 1873 1069 1891 vocare
1082 1862 1176 1891 solent
1187 1863 1297 1900 apicem
1309 1861 1412 1896 calcei,
1427 1862 1520 1899 quiin
1534 1870 1602 1889 acu-

858 1921 923 1938 men
939 1910 1059 1938 desinit.
1083 1908 1246 1948 Σφαιρωτῆρ
1268 1907 1341 1947 globi
1364 1907 1478 1935 sormam
1509 1906 1602 1945 potius

856 1955 1029 1994 exprimeret,
1043 1964 1123 1992 quam
1134 1963 1254 1981 acumen.
1266 1953 1370 1981 Verum
1378 1951 1451 1991 apud
1463 1950 1543 1980 LXX
1554 1951 1601 1980 in—

857 2009 984 2041 terpretes
994 2003 1155 2040 σφυρωτῆρα
1170 2000 1296 2038 legimus,
1308 2009 1390 2037 quam
1407 2009 1501 2028 vocem
1515 1998 1597 2028 inter-

857 2054 995 2087 pretantur
1017 2046 1175 2085 Corrigiam.
1198 2046 1262 2075 Vox
1288 2044 1418 2074 Hebraica
1442 2051 1481 2073 est
1496 2052 1577 2087 ἹῚἾὯ
1590 2066 1598 2081 ,

858 2093 990 2132 Corrigia.
1006 2093 1105 2121 Omnes
1117 2091 1192 2120 Editi
1206 2097 1232 2119 et
1242 2091 1310 2121 Mss.
1323 2090 1506 2130 Chrysostomi
1522 2101 1601 2129 σφαι-

860 2142 964 2179 ρωτῆρα
976 2138 1089 2173 habent,
1099 2143 1121 2167 t.
1136 2137 1165 2164 4.
1182 2147 1209 2175 p.
1221 2135 1290 2166 558.
1306 2135 1339 2165 C.

1215 2243 1240 2271 T

897 2339 1021 2379 Τρίὸων,
1034 2348 1109 2371 ωνος,
1118 2338 1142 2373 ὁ,
1155 2334 1272 2364 Pallium
1285 2333 1523 2374 philosophorum,
1535 2339 1556 2363 t.
1566 2334 1595 2362 5.

856 2397 884 2426 p.
900 2387 970 2414 ⁶262.
982 2385 1016 2414 B.

896 2431 1035 2471 Τρίπηχυς
1055 2429 1207 2469 ἄνθρωπος,
1224 2426 1401 2457 Tricubitalis
1416 2426 1498 2455 homo
1511 2448 1518 2462 ,
1532 2433 1551 2455 t.
1566 2427 1596 2462 5,

857 2490 883 2518 p.
908 2478 977 2507 914.
999 2476 1033 2505 E.
1057 2474 1252 2504 Tricubitalem
1271 2473 1408 2502 bominem
1428 2471 1509 2501 etiam
1531 2471 1599 2501 dicit

857 2522 1036 2563 Gcographus
1048 2520 1192 2550 Nubicnsis
1202 2520 1230 2549 in
1240 2519 1354 2550 Climate
1368 2517 1454 2548 tertio-
