1910 2907
0 1350 83 1374 ›1‘·¹97·

1 580 87 610 ,μη-4.

0 823 87 845 φασι.

0 891 86 921 .1=.673.

6 1084 86 1112 [¹³¹2-

15 1272 85 1295 imp.

63 2467 76 2513 ox·

8 2705 11 2712 i

8 2719 11 2732 1

9 2767 11 2782 Ι

8 2786 13 2907 Ι

5 2362 59 2546 ἑῇ
78 2476 84 2482 .

14 2499 57 2521 =²9=

446 231 518 262 Qun
544 232 576 255 lx
606 231 768 255 OPEntnth
795 231 1030 255 cttttYSOSTom
1057 221 1302 255 on‘stzRVANTUR

99 294 243 333 deturpent
254 314 262 328 ,
287 292 354 322 mali
376 292 505 323 daemonis
529 294 770 334 concupiscentiam
792 305 844 324 ex-

99 341 196 381 pleant.
210 340 282 369 Nam
296 339 342 369 hic
353 341 437 371 verba
451 341 583 379 obscoena,
597 341 708 370 habitus
723 341 843 377 ridiculi,

99 394 207 416 tonsura
220 386 327 425 similis,
342 387 459 416 incessus
469 410 476 423 ‚
490 388 616 425 vestitus,
629 398 695 423 vox,
710 388 846 416 membro-

101 444 163 461 rum
179 432 319 471 mollities,
337 434 477 462 oculorum
491 434 666 470 inversiones,
682 434 791 471 fistulae,
807 434 845 463 ti-

98 479 151 508 hiae
161 501 169 515 ‚
185 479 316 515 dramata,
331 488 499 519 argumenta,
514 481 657 519 omniaque
670 480 779 509 demum
793 491 843 509 ex-

98 534 189 556 tremae
202 526 320 555 lasciviae
336 528 416 566 plena
431 535 502 556 sunt.
518 539 531 554 »

136 573 167 601 In
189 572 293 601 theatro
308 586 322 600 «
336 574 412 602 vides
432 574 573 602 mulierem
594 573 667 602 nudo
682 573 768 613 capite
783 584 844 602 cum

98 618 264 657 impudentia
275 630 371 658 magna
383 620 539 657 intrantem,
555 621 643 649 aureis
658 619 782 648 indutam
796 631 843 648 ve-

99 665 242 699 stimentis,
259 665 374 694 delicato
386 666 516 704 mollique
530 676 621 705 gressu
636 673 764 702 utentem,
779 676 843 694 can-

97 711 150 739 tica
162 711 312 740 meretricia
325 719 472 750 canentem,
489 712 606 740 carmina
621 712 737 750 lubrica,
754 712 844 751 turpia

98 759 180 787 verba
195 759 382 798 proferentem.
396 772 409 786 >³

137 806 225 834 Nudae
247 806 329 835 etiam
343 806 469 835 mulieres
483 807 510 835 in
526 806 638 835 theatris
653 806 844 846 comparebant

100 859 125 880 et
137 852 283 890 aliquando
292 860 413 882 natantes
427 865 432 881 :
445 853 593 892 puellaeque
604 852 729 881 saltantes
741 852 842 881 ibidem

99 899 264 929 visebantur.

379 978 573 1007 Funambuli.

137 1069 324 1098 «Funambuli
338 1069 384 1108 qui
405 1081 454 1109 per
474 1070 565 1098 funem
585 1069 619 1098 ab
639 1070 694 1099 imo
712 1070 738 1098 in
756 1070 841 1099 altum

98 1123 201 1145 tensum
221 1115 362 1145 ascendere
382 1127 413 1144 ac
433 1116 592 1145 descendere
608 1116 791 1152 meditantur,
818 1117 841 1145 si

96 1162 239 1202 paululum
254 1162 422 1191 deflexerunt
434 1162 529 1198 oculis,
544 1162 651 1191 inverso
665 1173 777 1202 corpore
790 1162 841 1192 de-

96 1210 219 1237 feruntur
233 1209 260 1237 in
274 1209 436 1238 orchestram
452 1215 624 1248 pereuntque.
635 1221 649 1235 u

137 1268 151 1282 «
164 1255 327 1284 Funambuli
349 1266 396 1294 per
419 1255 508 1284 funem
524 1262 664 1284 extensum
679 1255 791 1293 ingressi
816 1261 842 1283 et

96 1301 278 1337 ambulantes,
297 1312 324 1330 se
339 1301 487 1330 induebant
501 1308 527 1330 et
540 1301 685 1338 exuebant,
703 1308 841 1340 tamquam

97 1347 124 1376 in
137 1347 206 1376 lecto
220 1347 350 1386 sedentes,
365 1359 379 1374 »
392 1354 445 1376 etc.

365 1450 574 1480 Circulatores.

135 1544 191 1573 «In
203 1543 338 1572 orchestra
352 1543 464 1582 quidam
479 1543 607 1573 membris
622 1550 651 1572 ut
666 1544 715 1572 alis
730 1543 840 1573 uteban-

96 1597 141 1619 tur
152 1590 280 1629 :quidam
293 1590 320 1618 in
333 1590 401 1618 facie
412 1597 520 1619 contum
535 1590 716 1629 imponebant,
732 1597 758 1618 et
773 1601 840 1629 puer

98 1642 176 1665 conto
196 1635 337 1675 impositus
351 1636 505 1665 innumeros
517 1643 605 1665 motus
620 1636 726 1675 agebat.
742 1648 756 1663 n

139 1694 154 1709 (ι
163 1681 281 1717 Quidam
292 1682 420 1721 perticam
431 1683 458 1711 in
468 1683 554 1711 fronte
565 1689 696 1722 gestantes
707 1682 782 1711 velut
796 1693 839 1710 ar-

99 1727 192 1756 borem
205 1727 233 1756 in
250 1734 318 1757 terra
333 1728 495 1763 radicatam,
519 1729 557 1757 sic
573 1729 711 1757 immotam
734 1739 840 1757 conser-

98 1780 170 1802 vant.
181 1774 274 1811 Neque
285 1774 313 1803 id
323 1774 410 1803 solum
422 1775 544 1804 mirabile
555 1782 603 1812 est,
614 1775 660 1804 sed
672 1774 745 1814 quod
758 1775 839 1804 etiam

95 1821 221 1859 puerulos
234 1831 333 1860 parvos
353 1822 381 1850 in
394 1832 498 1850 summo
513 1822 586 1861 ligno
602 1822 669 1850 inter
683 1832 711 1850 se
725 1832 838 1850 concer—

97 1874 153 1895 tare
164 1873 256 1895 curent
270 1878 276 1895 :
291 1878 322 1896 ac
335 1878 419 1906 neque
433 1879 539 1902 manus,
553 1878 638 1906 neque
652 1867 704 1896 alia
719 1867 838 1906 corporis

96 1924 172 1951 pars,
192 1913 239 1942 sed
254 1913 329 1943 frons
351 1914 406 1944 sola
425 1915 554 1955 perticam
569 1915 645 1943 illam
660 1914 728 1954 gerit
743 1914 837 1943 incon-

96 1969 231 1987 cuffiam.»

136 2004 254 2040 Quidam
273 2012 347 2034 erant
366 2006 412 2044 qui
427 2006 516 2035 clavos
531 2006 698 2035 acutissimos
714 2005 838 2044 degluti-

96 2058 163 2086 rent,
178 2051 224 2089 qui
237 2051 338 2080 calceos
350 2052 506 2081 manderent
520 2059 545 2081 et
558 2053 728 2082 devorarent.

136 2096 220 2125 Erant
241 2098 287 2136 qui
303 2098 462 2127 hirundines
483 2099 704 2135 circumferrent,
730 2106 755 2127 et
770 2099 837 2128 fuli-

96 2142 157 2181 gine
170 2142 291 2179 obducti,
309 2144 453 2173 maledicta
467 2144 495 2173 in
512 2155 602 2173 omnes
616 2145 776 2184 proferrent.

136 2188 220 2218 Erant
240 2189 351 2228 quidam
366 2192 511 2227 moriones,
537 2192 583 2230 qui
603 2191 734 2220 Cordaces
751 2202 836 2221 voca-

94 2234 203 2271 bantur,
221 2236 320 2274 quique
333 2244 364 2266 ut
375 2237 461 2266 risum
475 2245 612 2267 moverent
626 2238 695 2267 nihil
709 2249 761 2267 non
776 2249 840 2278 age-

95 2280 171 2310 bant.

96 2374 142 2403 De
155 2374 351 2403 tribunalibus
365 2381 393 2404 et
404 2377 565 2416 dejudiciis
575 2382 664 2417 atque
679 2377 836 2417 suppliciis.

137 2465 150 2480 «
160 2452 255 2483 Judice
270 2453 428 2492 prodituro,
443 2461 474 2483 ut
488 2455 515 2483 in
529 2455 634 2484 excelso
648 2455 778 2484 tribunali
795 2465 836 2484 se·

80 2498 169 2534 ·deat‚
185 2499 298 2528 carceris
315 2499 450 2536 custodes,
475 2500 594 2530 detentos
615 2511 706 2529 omnes
727 2501 836 2530 eductos

97 2544 233 2574 domicilio
243 2568 252 2581 ,
268 2553 328 2574 ante
342 2547 472 2575 cancellos
484 2554 509 2576 et
524 2547 665 2576 tribunalis
679 2547 738 2576 vela
753 2547 836 2577 collo-

6 2582 10 2657 ἲ
53 2590 88 2611 ¹⁹⁵
97 2598 169 2626 cant,
185 2591 322 2630 squalidos
335 2615 343 2626 ,
360 2593 512 2631 sordentes,
529 2594 612 2633 passis
627 2594 749 2634 capillis,
767 2595 833 2624 scis-

98 2637 132 2666 sis
146 2638 241 2677 pannis
255 2638 375 2677 indutos,
389 2652 401 2666 n
412 2647 469 2669 etc„

1573 222 1642 256 235

937 294 1089 324 Sceleribus
1105 295 1219 324 obnoxii
1234 302 1259 325 et
1272 294 1392 324 damnati
1407 294 1442 324 ad
1457 300 1571 324 mortem
1585 295 1643 324 du-
1655 305 1794 336 T.1.p.470.

898 340 1035 377 cebantur,
1050 341 1113 370 fune
1128 341 1162 369 ad
1174 352 1203 370 os
1216 341 1335 380 alligato.
1350 343 1359 377 (
1376 342 1416 370 De
1431 340 1575 370 Theodoro
1594 343 1638 381 agi
1654 338 1678 359 ¹³·

897 394 1018 427 putatur,
1033 387 1081 425 qui
1095 387 1268 427 tyrannidem
1283 388 1480 426 affectaverat.)

938 434 1130 462 «Testamenta
1153 434 1306 472 tabulaeque
1327 434 1361 463 de
1381 434 1495 473 nuptiis,
1514 434 1548 463 de
1562 433 1643 464 debi-
1654 445 1794 476 T.6.p.110.

897 479 932 508 tis
943 479 1028 517 deque
1040 480 1140 508 relictis
1154 480 1334 509 contractibus
1343 502 1351 515 ‚
1363 480 1415 508 nisi
1429 481 1456 508 in
1470 480 1640 520 frontispicio
1654 484 1675 498 ³·

898 527 1045 556 Consulum
1060 539 1142 556 annos
1157 528 1271 557 habeant
1284 529 1471 568 praescriptos,
1489 529 1592 559 nullam
1607 540 1641 558 ex

898 584 954 602 sese
968 574 1024 602 vim
1036 573 1163 602 habent.»

926 620 1027 650 ,Usura
1050 620 1190 647 centesima
1212 630 1227 648 a
1249 620 1439 659 Chrysostomo
1460 629 1794 661 memoratur,T.7.p.573.

897 675 949 702 qua
971 665 998 693 in
1012 665 1098 693 foenus
1115 666 1280 704 accipiebant
1291 689 1298 701 ,
1310 667 1357 695 illa
1370 668 1522 697 conditione
1537 676 1567 697 ut
1581 670 1641 697 sin·
1655 670 1675 682 ⁰·

897 711 968 748 gulis
981 712 1117 740 mensibus
1133 712 1303 740 centesimam
1318 720 1421 752 partem
1436 715 1587 753 solverent,
1604 716 1642 744 ita

897 764 927 785 ut
949 764 1056 786 centum
1070 758 1170 786 exactis
1187 759 1323 787 mensibus
1338 768 1500 798 chttarettir.

897 852 944 881 De
961 854 1079 891 nuptiis,
1097 854 1158 881 sive
1181 853 1216 880 de
1239 855 1343 882 ritihus
1361 855 1414 882 ‘vel
1431 856 1568 895 profanis
1591 857 1643 885 vel

1050 899 1162 928 illicitis
1177 900 1208 927 in
1225 902 1342 939 nuptias
1355 903 1486 930 invectis.
1645 906 1648 910 '

937 979 1062 1008 «Nostrae
1076 980 1160 1008 aetatis
1176 979 1298 1009 homines
1319 980 1346 1008 in
1365 980 1466 1019 nuptiis
1480 980 1598 1020 hymnos
1612 981 1639 1009 in
1653 994 1794 1024 T.3.1=.195.

896 1028 1030 1056 Venerem
1049 1025 1171 1055 saltando
1194 1034 1293 1055 canunt
1311 1033 1335 1055 et
1350 1027 1485 1055 adulteria
1500 1027 1602 1064 multa,
1615 1034 1641 1056 et
1655 1036 1677 1050 ³·

896 1073 1052 1113 nuptiarum
1064 1073 1237 1111 violationes,
1249 1081 1276 1102 et
1289 1074 1443 1113 illegitimos
1458 1085 1561 1103 amores
1570 1098 1577 1110 ,
1589 1075 1643 1103 illi-

895 1120 1014 1158 citosque
1038 1120 1138 1155 coitus,
1163 1127 1189 1149 et
1217 1120 1268 1149 alia
1299 1120 1417 1160 plurima
1445 1121 1590 1160 impietatis
1616 1129 1642 1150 et

895 1166 1048 1205 ignominiae
1062 1167 1175 1196 cantica.
1186 1179 1200 1193 ν)

936 1213 967 1241 In
983 1213 1015 1241 iis
1036 1223 1095 1251 quas
1116 1213 1224 1252 nuptias
1237 1212 1429 1241 contrahebant
1447 1213 1538 1242 sucum
1559 1220 1584 1242 et
1598 1214 1642 1253 pi-
1681 1227 1700 1247 Τ
1723 1233 1758 1248 ω,
1771 1236 1794 1256 p.

896 1265 1002 1298 gmenta
1022 1259 1157 1298 superflua
1171 1259 1222 1287 alia
1237 1258 1446 1289 adhibebantur.
1459 1261 1564 1299 Sponsa
1576 1272 1639 1290 vero
1659 1258 1709 1280 ¹⁰5·
1723 1266 1733 1278 ³

896 1317 910 1333 a
927 1305 993 1334 viris
1017 1305 1098 1333 ebriis
1121 1316 1167 1344 per
1185 1305 1279 1334 urbem
1305 1313 1331 1334 et
1356 1306 1445 1334 forum
1464 1307 1545 1335 etiam
1560 1314 1641 1335 noctu

897 1351 1084 1381 adducebatur
1098 1362 1159 1379 cum
1172 1351 1287 1390 impuris
1302 1352 1413 1381 canticis
1428 1359 1453 1381 et
1469 1353 1640 1392 symphonia.
1675 1359 1703 1380 T.
1721 1365 1754 1380 lt.
1772 1368 1795 1388 p.

895 1398 1050 1426 Meretrices
1064 1397 1144 1426 etiam
1158 1397 1359 1427 advocabantur
1372 1399 1407 1428 ad
1421 1400 1545 1439 nuptias,
1559 1401 1638 1429 item·
1655 1389 1710 1417 4¹3*
1727 1391 1750 1411 ‘¹'

896 1455 948 1483 que
959 1444 1032 1473 tibiae
1041 1469 1050 1483 ,
1066 1443 1192 1483 cymbala
1207 1451 1232 1472 et
1247 1444 1361 1473 choreae.
1654 1433 1794 1486 'ng-539·

970 1544 1144 1582 Praestigiae‚
1156 1545 1371 1572 incantationes
1380 1566 1390 1581 ‚
1407 1544 1550 1583 ligamina
1560 1568 1568 1582 ‚

1155 1592 1380 1628 superstitiones.

935 1668 979 1698 Ex
993 1668 1214 1707 frequentissimis
1235 1669 1423 1709 Chrysostomi
1444 1670 1524 1699 dictis
1537 1677 1562 1699 et
1578 1680 1640 1700 mo—

894 1714 957 1744 nitis
978 1715 1068 1754 palam
1089 1722 1128 1744 est
1151 1715 1240 1743 omnia
1260 1716 1460 1755 praestigiarum
1482 1727 1576 1755 genera
1590 1717 1641 1746 ad-

894 1761 1005 1790 modum
1020 1761 1048 1790 in
1063 1772 1112 1790 usu
1127 1761 1208 1790 fuisse
1218 1772 1277 1790 aevo
1290 1773 1338 1791 suo
1350 1770 1407 1791 tum
1421 1764 1569 1792 Antiochiae
1582 1771 1640 1792 tum

895 1808 1139 1848 Constantinopoli,
1155 1819 1213 1846 quae
1230 1808 1272 1836 his
1290 1809 1381 1837 verbis
1396 1817 1510 1838 recenset
1523 1811 1569 1838 ille
1586 1811 1641 1838 Ho-

894 1854 952 1882 mil.
974 1853 1076 1892 decima
1102 1855 1128 1882 in
1161 1854 1308 1893 Epistolam
1332 1855 1365 1883 ad
1394 1856 1570 1885 Timotheum
1584 1869 1590 1884 :
1605 1857 1638 1886 τὰ
1677 1871 1705 1892 T.
1723 1878 1757 1893 Η,
1771 1880 1793 1901 p.

892 1900 943 1939 γὰρ
963 1901 1030 1930 ἄλλα
1057 1901 1154 1939 ἀφίημι
1177 1901 1210 1929 τὰ
1236 1903 1333 1930 πολλοῦ
1359 1902 1466 1935 πένθους
1490 1902 1564 1938 ἄξια,
1586 1899 1637 1931 οἷον
1652 1902 1708 1926 603-
1722 1903 1744 1924 ¹*-

893 1946 1047 1985 οἰωνισμοὺς
1066 1947 1111 1975 καὶ
1130 1946 1336 1984 κλῃδονισμοὺς,
1359 1948 1572 1986 παρατηρήσεις,
1593 1961 1639 1987 γε-

893 1993 989 2027 νέσεις,
1005 1993 1140 2031 congesta,
1158 1993 1347 2032 περιάμματα,
1362 1993 1501 2030 μαντείας,
1521 1994 1637 2032 ἐπῳδὰς,

893 2039 1017 2078 μαγείας,
1030 2039 1105 2067 Alia
1127 2040 1204 2066 enim
1223 2040 1304 2066 mitto
1327 2039 1467 2078 lacrymis
1484 2039 1588 2075 digna,
1606 2047 1638 2068 ut

892 2087 1017 2123 aug-uria
1028 2106 1035 2119 ,
1055 2085 1200 2112 vaticinia
1211 2106 1219 2120 ,
1245 2085 1474 2121 ohservationes,
1496 2096 1616 2121 geneses
1627 2108 1635 2120 ‚

891 2131 1045 2168 symbola,
1074 2130 1233 2168 ligamina,
1257 2131 1452 2159 divinationes
1463 2153 1471 2168 ,
1495 2133 1636 2160 incanta-

893 2178 985 2205 tiones
995 2198 1004 2211 ,
1019 2177 1146 2215 magicas
1162 2182 1250 2204 artes.

931 2222 1159 2251 Incantationibus
1174 2228 1199 2250 et
1214 2221 1387 2260 ligaminibus
1401 2229 1465 2251 tunc
1479 2223 1559 2251 multi
1575 2229 1634 2251 ute-
1649 2234 1791 2265 Τ.ι.ρ.684.

890 2268 989 2297 bantur
1003 2267 1036 2296 ad
1049 2267 1156 2296 morbos
1171 2267 1312 2296 curandos.
1328 2269 1369 2297 De
1380 2268 1542 2307 quibusdam
1554 2269 1635 2298 etiam
1652 2268 1675 2289 b·

891 2314 947 2353 agit
961 2314 1179 2353 Chrysostomus,
1189 2314 1234 2352 qui
1251 2314 1369 2342 carmina
1382 2321 1406 2343 et
1416 2315 1546 2354 ligaturas
1556 2326 1635 2344 usur·
1648 2310 1702 2369 φῖ·
1716 2317 1752 2363 :³¹-
1767 2321 1790 2341 Ρ-

891 2362 991 2401 pabant
1015 2362 1050 2389 ad
1065 2361 1192 2397 tutelam,
1207 2361 1306 2400 quique
1321 2373 1400 2391 aurea
1415 2362 1563 2391 Alexandri
1585 2374 1634 2392 nu-
1649 2353 1779 2413 Tilzipssu

892 2407 1016 2436 mismata
1031 2407 1112 2446 capiti
1124 2407 1167 2436 vel
1179 2407 1291 2446 pedibus
1303 2408 1538 2448 circumligabant.
1550 2409 1634 2438 Erant
1649 2425 1669 2438 e.
1737 2398 1761 2414 *⁴
1784 2402 1790 2407 ’

890 2453 971 2482 etiam
986 2453 1031 2492 qui
1044 2453 1078 2481 ad
1093 2464 1237 2493 puerorum
1252 2454 1363 2482 tutelam
1377 2454 1505 2493 ligamina
1518 2477 1526 2492 ,
1544 2455 1634 2495 crepi-
1674 2462 1701 2484 T.
1718 2470 1753 2486 10.
1765 2473 1789 2494 p.

891 2501 976 2530 tacula
992 2507 1017 2529 et
1031 2501 1144 2529 stamina
1167 2500 1287 2529 coccinea
1309 2501 1434 2530 manibus
1449 2502 1569 2541 ipsorum
1584 2514 1634 2541 ap-
1652 2501 1702 2522 ¹07·
1716 2505 1736 2518 ³·

890 2547 1048 2586 penderent.
1062 2547 1145 2575 Aliud
1158 2546 1259 2575 ibidem
1279 2548 1359 2576 refert
1379 2548 1577 2587 superstitionis
1589 2559 1634 2587 ge—

891 2604 958 2622 nus:
973 2606 987 2620 «
1000 2595 1100 2622 Lutum
1114 2594 1238 2623 mulieres
1248 2606 1262 2620 >³
1274 2617 1283 2629 ,
1297 2595 1396 2633 inquit,
1410 2608 1423 2621 «
1439 2595 1466 2623 in
1483 2595 1577 2623 balneo
1590 2606 1635 2623 ac-

892 2640 1032 2679 cipientes,
1047 2640 1162 2670 nutrices
1184 2651 1289 2679 quoquc
1313 2648 1337 2669 ct
1359 2640 1462 2670 ancillae
1482 2641 1566 2680 digito
1581 2641 1634 2670 tin-
