1950 2922
321 212 386 248 156

309 288 443 316 continuae
464 285 500 315 ad
525 295 608 324 usque
627 286 787 324 martyrium
808 284 858 313 hoc
876 285 1047 320 serebantur,

311 332 388 361 fluvii
407 332 476 371 ignei
502 331 645 369 imaginem
669 329 823 359 videntibus
853 329 1045 358 exhibebant.»

311 378 436 407 Eudoxia
456 388 519 406 vero
540 388 601 405 eum
623 376 721 403 honore
741 385 847 413 magno,
865 375 953 403 studio
970 383 1048 414 atque

310 424 407 463 pietate
423 431 553 462 martyres
573 421 696 450 comitam
713 428 762 452 est.
784 421 856 460 plebi
878 421 1048 457 intermixta,

308 480 370 498 cum
395 470 550 498 satellitium
570 478 647 495 omne
664 467 819 503 amovisset,
835 474 860 495 et
875 467 928 495 sere
942 478 1046 495 omnem

309 515 372 543 vitae
389 522 413 542 et
427 513 586 542 conditionis
600 513 808 550 iuaequalitatem
822 512 968 551 abjecisset.
982 513 1048 551 Ejus

308 560 492 588 assiduitatem
511 559 679 587 mirabantur
699 565 724 586 et
746 558 845 586 divites
863 565 887 586 et
906 570 1045 597 pauperes,

309 605 429 634 videntes
445 606 519 633 illam
535 605 590 633 sine
606 604 801 632 intermissione
814 615 862 643 per
876 611 979 632 tautum
995 605 1046 633 viae

308 651 427 689 spatium
450 651 554 679 ossibus
581 649 752 678 inhaerentem
765 672 771 684 ,
790 660 837 678 nec
861 660 989 687 umquam
1003 650 1048 678 de-

308 698 405 725 fessam
421 697 464 725 vel
483 697 654 732 resilientem,
668 695 714 724 scd
734 706 801 724 arcae
823 706 927 734 semper
940 695 1049 724 adstan-

309 750 372 771 tem.

349 789 447 828 Populi
469 799 532 817 vero
553 798 697 817 concursus
717 795 806 816 tantus
822 788 873 816 tuit
893 798 997 827 semper
1012 789 1046 817 ab

310 835 377 863 urbe
396 835 431 863 ad
446 835 578 874 Drypiam
594 845 695 872 usque,
712 841 741 862 ut
756 844 818 862 cum
832 834 952 862 fluminis
967 834 1046 862 undis

308 880 414 909 assidue
435 880 604 908 manantibus
624 880 713 919 ipsum
734 887 868 918 comparet
886 880 1048 919 Chrysosto-

310 936 379 954 mus.
393 926 450 955 Etsi
463 933 551 954 autem
566 925 652 953 media
670 932 745 953 nocte
759 925 889 963 Reliquiae
903 935 964 953 cum
979 932 1047 953 coetu

310 978 364 1000 toto
379 972 501 1011 profectae
513 972 628 1008 fuerant,
644 971 748 1000 nonnisi
768 971 935 999 illucescente
952 971 997 1000 dic
1014 970 1048 999 ad

311 1018 445 1057 Drypiam
457 1024 615 1056 perventum
628 1024 681 1054 est3
696 1025 753 1045 tum
767 1017 829 1055 quia
841 1017 945 1045 nonnisi
956 1017 1048 1046 lentis-

309 1063 377 1091 simo
391 1063 477 1101 gradu
491 1073 600 1102 pergere
618 1070 739 1102 poterant
753 1063 799 1101 qui
815 1062 918 1090 thecam
936 1069 962 1091 et
974 1063 1049 1091 Reli-

308 1109 386 1146 quias
401 1110 550 1147 gestabant,
564 1115 621 1137 tum
638 1109 701 1147 quia
717 1108 862 1137 identidem
877 1108 991 1147 gradum
1007 1109 1048 1137 si—

309 1161 378 1183 stere
393 1163 514 1183 oneratos
530 1165 560 1182 ac
577 1156 710 1192 quiescere
724 1165 791 1193 opus
804 1161 868 1182 erat.

350 1202 414 1229 Post
437 1201 581 1229 adventum
603 1211 634 1228 ac
654 1200 847 1239 depositionem
863 1199 1048 1238 Reliquiarum

310 1248 337 1276 in
357 1247 463 1276 ecclesia
488 1246 571 1275 saneti
586 1246 698 1274 Thomae
719 1246 745 1273 111
762 1245 878 1283 Drypia,
896 1245 1048 1273 concionem

308 1292 516 1331 extemporalem
535 1291 629 1319 habuit
648 1291 857 1330 Chrysostomus
875 1290 973 1329 gaudio
989 1302 1048 1329 per-

308 1338 383 1366 fusus
398 1345 469 1366 etex
481 1337 635 1375 hujusmodi
651 1337 803 1376 spectaculo
815 1337 953 1365 attonitus.
970 1338 1046 1371 Quo—

310 1383 382 1412 niam
395 1394 455 1412 vero
470 1383 514 1411 hic
529 1383 702 1411 concionandi
715 1383 811 1411 modus
825 1383 903 1421 longe
915 1383 1048 1423 discrepat

309 1440 324 1457 a
337 1430 430 1457 ceteris
444 1429 581 1464 omnibus,
597 1440 662 1466 quos
677 1429 806 1457 hactenus
820 1429 954 1465 vidimus,
967 1429 1048 1468 hujus

308 1473 450 1501 exordium
464 1473 508 1500 bic
527 1483 660 1511 apponere
672 1472 760 1500 visum
771 1479 809 1500 est
823 1485 829 1501 :
844 1485 858 1499 (ι
867 1472 942 1508 Quid
957 1473 1047 1502 dicam

308 1525 334 1547 et
356 1519 422 1557 quid
438 1518 548 1556 loquar?
563 1518 667 1546 exsulto
687 1525 712 1546 et
733 1517 846 1554 insanin,
863 1518 910 1546 sed
932 1519 1046 1553 insania,

309 1575 367 1602 quse
389 1564 443 1603 ipsa
459 1563 587 1602 sapientia
603 1563 696 1591 melior
710 1570 756 1591 est.
771 1563 874 1592 volans
893 1571 919 1592 et
938 1563 1047 1592 choreas

307 1619 388 1647 agens
404 1609 528 1637 sublimis
543 1609 613 1636 feror
627 1620 632 1634 :
646 1608 735 1636 ebrius
752 1607 859 1636 tandem
875 1619 934 1637 sum
949 1619 982 1637 ex
996 1609 1047 1637 hac

307 1655 445 1693 voluptate
459 1654 601 1693 spirituali.
617 1653 691 1688 Quid
704 1653 792 1682 dicam
808 1661 833 1682 et
848 1654 913 1692 quid
928 1654 1045 1692 loquar?

307 1707 492 1739 martyrumne
512 1700 656 1728 virtutem?
671 1710 703 1727 an
720 1700 839 1727 caritatis
859 1700 1046 1729 alacritatem?

308 1757 342 1774 an
366 1746 545 1786 lmperatricis
570 1746 675 1774 zelum?
698 1756 730 1774 an
755 1746 913 1784 Principum
936 1757 1047 1776 coneur-

306 1793 385 1820 sum?
398 1803 429 1820 an
443 1792 544 1820 diaboli
557 1792 685 1820 insaniam
695 1792 708 1819 ἶ)
720 1802 752 1820 an
765 1791 918 1820 daemonum
930 1793 1044 1829 cladem,

307 1837 433 1866 Ecelesiae
456 1838 634 1872 nobilitatem,
651 1838 737 1866 crucis
755 1837 894 1874 virtutem,
913 1839 1045 1867 crucifixi

306 1883 446 1920 miracula,
464 1883 550 1912 Patris
570 1883 699 1921 gloriam,
719 1883 835 1922 Spiritus
857 1885 982 1922 gratiam,
1001 1895 1046 1924 po-

306 1929 363 1968 puli
381 1929 461 1957 totius
478 1929 654 1968 voluptatem,
673 1929 790 1957 civitatis
810 1930 1044 1959 exsultationes?n

305 1982 355 2004 etc.
378 1975 468 2013 Pergit
488 1982 586 2009 autem,
604 1975 638 2003 de
656 1975 840 2013 Reliquiarum
862 1978 1046 2016 exportatione

307 2020 390 2048 multa
405 2031 529 2055 narrans,
542 2019 695 2048 Eudoxiam
707 2020 908 2059 Imperatricem
921 2021 1046 2051 laudibus

306 2066 342 2094 ad
357 2066 450 2094 caelum
468 2066 562 2094 tollens
573 2088 580 2099 ,
594 2076 674 2104 quam
688 2066 766 2094 etiam
783 2066 919 2095 interdum
933 2079 1046 2106 praesen-

306 2119 360 2140 tem
379 2112 533 2149 alloquitur.
550 2111 660 2140 Claudit
674 2111 782 2140 demum
803 2119 943 2151 postquam
965 2114 1044 2143 dixe-

307 2164 358 2193 rat,
383 2158 572 2196 Imperatorem
598 2157 745 2196 insequenti
770 2157 813 2186 die
838 2169 899 2186 cum
925 2160 1044 2189 exercitu

307 2214 355 2231 suo
367 2227 373 2237 ‚
389 2204 426 2231 sic
445 2204 501 2238 ille,
519 2210 661 2232 venturum
676 2214 740 2240 esse,
755 2211 784 2232 ut
808 2215 898 2244 parem
912 2206 1045 2244 Reliquiis

309 2249 434 2277 honorem
448 2256 593 2287 praestaret.

343 2295 415 2322 Infra
435 2294 586 2323 videbimus
607 2295 688 2334 hujus
707 2296 895 2334 extemporalis
910 2296 1043 2325 concionis

307 2339 447 2367 exordium
456 2361 462 2373 ‚
480 2340 556 2376 Quid
566 2341 658 2367 dicam
670 2344 682 2368 Ρ
693 2341 806 2369 exsulto
821 2348 847 2369 et
861 2344 975 2370 insanio
986 2364 993 2378 ‚
1007 2342 1046 2370 in-

308 2392 348 2413 ter
367 2385 564 2413 criminationes
583 2385 609 2413 iu
627 2386 737 2424 Synodo
752 2386 786 2415 ad
801 2387 937 2422 Quercum
953 2395 1045 2416 contra

309 2431 529 2470 Chrysostomum
547 2431 660 2467 oblatas,
676 2439 779 2460 sextam
800 2433 946 2471 numerari,
962 2433 988 2462 in
1003 2445 1045 2463 se-

310 2479 396 2508 cundo
415 2478 631 2506 criminationum
646 2478 782 2508 laterculo.

349 2525 412 2552 Haec
423 2525 479 2562 jam
493 2531 611 2552 vertente
622 2534 689 2552 anno
704 2526 763 2553 595
775 2532 846 2563 gesta
860 2533 885 2554 et
897 2526 968 2555 dieta
981 2527 1045 2556 fuis-

309 2581 337 2599 se
351 2577 453 2598 certum
468 2569 586 2606 videtur,
601 2577 625 2598 et
640 2569 748 2607 quidem
770 2581 858 2599 mense
872 2572 978 2600 circiter
993 2574 1045 2602 Se-

311 2615 438 2656 ptembri,
451 2626 512 2645 cum
524 2615 612 2644 adhuc
622 2615 759 2644 commode
772 2624 877 2655 possent
893 2625 1043 2657 martyrum

801 223 827 246 S.
855 223 993 247 JOANMS
1019 222 1250 246 CHRYSOSTOMI
1278 223 1370 254 VtTA,

1102 284 1234 323 Reliquiae
1240 295 1302 313 cum
1311 291 1382 313 tanto
1388 289 1519 324 apparatu
1529 285 1621 324 procul
1630 291 1654 315 et
1666 291 1745 314 noctu
1755 291 1840 315 trans·

1101 330 1174 358 ferri.

1143 374 1299 411 Insequente
1316 374 1361 402 die
1377 373 1449 402 venit
1464 373 1611 412 Imperator
1631 385 1693 403 cum
1714 374 1838 403 satellitio
1853 390 1915 411 Anno

1102 429 1149 447 suo
1170 426 1195 447 et
1216 430 1310 457 magna
1334 420 1451 448 militum
1473 430 1570 455 manu,
1590 430 1669 457 quam
1691 420 1933 457 exercituin-lum*

1102 471 1180 492 vocat
1200 465 1407 504 Chrysostomus
1425 475 1431 493 :
1449 465 1634 503 ingressusque
1655 465 1681 493 in
1700 466 1835 493 ecclesiam
1849 453 1931 504 223⁶:

1101 510 1129 539 S.
1150 511 1262 539 Thomae
1289 511 1413 550 apostoli,
1434 512 1521 550 posito
1545 510 1696 540 diademate
1717 510 1837 540 debitum
1850 514 1931 535 'rho-m

1102 556 1204 585 cultum
1215 564 1239 584 ct
1251 556 1377 585 honorem
1391 564 1540 596 martyrum
1553 557 1685 594 Reliquiis
1698 557 1837 596 praestitit:
1851 552 1931 597 :5:¹⁰5ss

1100 603 1276 641 similiterque
1297 603 1424 632 satellites
1444 604 1501 642 ejus
1523 613 1554 631 ac
1576 603 1686 640 milites,
1709 603 1838 642 depositis
1852 608 1894 627 nit.

1101 648 1204 688 clypeis
1220 655 1245 677 et
1261 649 1359 677 lanceis
1374 649 1407 676 ad
1424 657 1572 688 martyrum
1587 649 1690 677 thecam
1705 650 1840 688 precaturi

1100 702 1275 723 accesserunt.
1289 695 1434 733 posteaque
1448 694 1570 723 discessit
1583 705 1643 723 cum
1655 695 1781 723 comitatu
1792 706 1840 724 suo

1102 741 1234 768 Arcadius
1248 742 1406 779 Imperator,
1423 751 1469 769 nec
1489 741 1608 769 concioni
1624 752 1688 769 mox
1709 740 1840 769 babendae

1102 785 1220 814 interfuit
1235 796 1242 814 ι
1260 787 1467 825 Chrysostomus
1482 797 1543 815 vero
1556 786 1695 815 homiliam
1708 797 1784 815 suam
1794 786 1839 815 di-

1100 832 1150 860 xit.
1166 834 1307 870 Postquam
1327 831 1434 860 Arcadii
1457 839 1485 860 et
1499 832 1617 861 satellitii
1639 833 1697 871 ejus
1717 832 1841 872 pietatem

1102 884 1127 906 et
1152 877 1319 917 martyribus
1347 877 1497 917 praestitum
1521 878 1623 906 cultum
1646 878 1842 916 descripserat,

1102 933 1217 962 praesens
1239 924 1368 952 saeculum
1391 934 1452 952 cum
1476 923 1569 952 futuro
1592 924 1770 962 comparavit,
1793 923 1843 952 hoc

1102 969 1183 997 breve
1203 976 1228 998 et
1248 969 1412 998 laboriosum
1429 980 1485 998 esse
1503 969 1607 1006 dicens,
1625 969 1695 998 illud
1715 980 1798 998 suave
1818 977 1844 998 et

1102 1014 1249 1050 infinitum,
1266 1015 1293 1044 in
1309 1026 1362 1054 quo
1377 1015 1573 1043 immortalibus
1590 1016 1711 1044 fruemur
1724 1015 1840 1044 coronis.

1105 1060 1227 1089 Hominis
1239 1062 1265 1090 in
1278 1068 1346 1090 statu
1361 1061 1517 1089 innocentiae
1528 1061 1688 1100 dignitatem
1701 1072 1842 1101 repr-‘esen-

1104 1113 1155 1143 tat;
1168 1107 1213 1135 sed
1230 1107 1323 1146 probat
1337 1117 1384 1135 nos
1401 1114 1459 1146 post
1475 1114 1612 1146 peccatum
1624 1107 1722 1136 Adami
1735 1107 1770 1136 ad
1782 1118 1843 1136 ma-

1100 1152 1161 1190 jora
1183 1159 1288 1181 vocatos
1308 1152 1400 1181 fuisse.
1418 1153 1647 1181 Resurrectionem
1672 1153 1790 1182 suturam
1815 1153 1843 1182 in

1104 1199 1184 1227 veteri
1199 1199 1254 1237 lege
1265 1199 1377 1227 obscure
1389 1199 1534 1227 indicatam
1549 1199 1628 1227 fuisse
1637 1199 1704 1227 dicit
1713 1211 1721 1236 ς
1731 1199 1775 1228 sed
1787 1200 1842 1238 jam

1104 1245 1192 1273 omnia
1208 1245 1285 1284 plana
1300 1252 1324 1273 et
1339 1245 1481 1284 perspicua
1494 1255 1569 1280 esse,
1582 1245 1727 1284 multisque
1742 1245 1844 1275 additis

1104 1291 1184 1319 finem
1201 1290 1376 1319 concionandi
1388 1291 1460 1319 fecit.

1144 1337 1298 1366 Verisimile
1322 1343 1361 1365 est
1384 1337 1453 1365 inter
1476 1336 1524 1366 has
1548 1336 1674 1365 homilias
1700 1335 1843 1366 duodecim

1104 1393 1162 1420 quae
1176 1382 1210 1411 ab
1223 1393 1293 1411 anno
1307 1389 1426 1411 vertente
1441 1382 1500 1412 598
1515 1383 1584 1411 ultra
1597 1384 1768 1412 Pentecosten
1780 1385 1843 1412 anni

1103 1428 1162 1457 599
1176 1428 1274 1457 habitae
1287 1429 1409 1465 fuerunt,
1422 1429 1489 1457 alias
1502 1439 1550 1457 nec
1566 1438 1665 1468 paucas
1678 1429 1842 1458 intercessis-

1103 1483 1140 1507 se,
1157 1484 1216 1511 quae
1230 1474 1272 1502 vel
1288 1473 1401 1513 periere,
1418 1474 1462 1502 vel
1476 1473 1544 1502 inter
1560 1473 1644 1502 editas
1668 1474 1758 1513 positae
1778 1475 1842 1504 anni

1103 1526 1192 1547 notam
1208 1519 1309 1547 nullam
1325 1529 1378 1558 prae
1390 1529 1418 1547 se
1430 1519 1527 1547 serunt.
1543 1520 1610 1555 Quae
1622 1519 1741 1557 sequitur
1753 1527 1842 1549 autem

1102 1564 1129 1593 111
1142 1565 1272 1594 Vaticano
1288 1565 1386 1594 Codice
1400 1572 1494 1603 quarta
1509 1576 1634 1600 numero,
1647 1573 1707 1604 post
1721 1567 1841 1605 Septem-

1102 1611 1176 1639 brem
1191 1622 1318 1647 mensem,
1335 1618 1364 1639 ut
1380 1617 1521 1649 putamus,
1536 1612 1598 1639 anni
1613 1612 1672 1641 598
1687 1611 1778 1641 habita
1790 1613 1842 1641 suit

1101 1657 1128 1685 in
1145 1657 1243 1695 templo
1258 1657 1285 1685 S.
1303 1656 1463 1691 Anastasiae‚
1489 1664 1518 1685 ut
1540 1657 1567 1685 in
1589 1656 1669 1685 titulo
1686 1657 1779 1686 fertur.
1799 1658 1841 1686 lbi

1101 1709 1242 1741 postquam
1255 1701 1289 1730 de
1300 1702 1434 1741 paucitate
1449 1701 1602 1730 auditorum
1615 1710 1774 1740 conquestus
1784 1704 1841 1732 sue-

1101 1754 1156 1783 rat,
1169 1748 1202 1776 de
1216 1748 1343 1787 patientia
1355 1748 1417 1778 Jobi
1429 1748 1536 1787 longam
1550 1756 1574 1777 et
1584 1748 1730 1787 elegantem
1743 1750 1840 1779 hahuit

1101 1794 1258 1822 orationem.
1316 1831 1319 1834 η

1140 1840 1256 1868 Homilia
1279 1840 1371 1878 quinta
1386 1840 1527 1876 Vaticana,
1546 1846 1575 1868 ut
1597 1840 1679 1869 fertur
1698 1841 1726 1870 in
1743 1841 1840 1879 titulo,
1871 1860 1910 1882 Con

1101 1885 1130 1914 in
1145 1886 1244 1925 templo
1258 1893 1357 1914 sanctae
1369 1887 1455 1914 lrenes
1469 1885 1538 1913 dicta
1555 1885 1614 1913 tuit.
1628 1886 1660 1914 In
1674 1897 1704 1914 ea
1717 1887 1837 1926 Chryso·
1849 1892 1905 1915 atiae.

1100 1939 1201 1960 stomus
1215 1931 1249 1960 de
1263 1931 1417 1960 absentibus
1431 1931 1601 1969 conqueritur
1615 1938 1639 1959 et
1651 1931 1685 1960 de
1698 1933 1838 1971 praesenti-

1099 1977 1150 2005 bus
1162 1977 1324 2016 gratulatur:
1335 1977 1368 2005 de
1381 1977 1547 2005 Psalmorum
1563 1984 1641 2005 cantu
1656 1978 1720 2016 agit,
1733 1979 1840 2017 probat-

1101 2035 1151 2062 que
1162 2024 1321 2052 muliebrem
1339 2035 1433 2053 sexum
1444 2023 1666 2063 impedimentum
1677 2035 1729 2054 non
1740 2036 1796 2055 esse
1806 2026 1841 2055 ad

1099 2070 1210 2098 virtutis
1224 2070 1392 2098 exercitium.

1139 2116 1221 2144 Sexta
1237 2121 1324 2143 autem
1339 2115 1430 2143 concio
1445 2115 1536 2143 habita
1552 2123 1591 2143 est
1605 2116 1635 2144 in
1646 2116 1755 2145 ecclesia
1774 2127 1839 2146 san-

1099 2167 1203 2189 ctorum
1221 2161 1420 2198 Apostolorum,
1442 2160 1469 2188 111
1492 2160 1535 2188 die
1556 2161 1703 2190 Theodosii
1721 2162 1840 2201 Impera-

1100 2206 1220 2242 toris‚ut
1245 2206 1346 2235 ibidem
1365 2206 1458 2234 fertur.
1478 2207 1624 2245 Postquam
1648 2206 1702 2235 duo
1724 2208 1770 2236 alii
1784 2208 1841 2247 epi-

1099 2253 1170 2291 scopi
1183 2275 1192 2286 ,
1218 2262 1266 2291 pro
1282 2262 1354 2280 more
1367 2252 1439 2280 illius
1454 2252 1504 2280 ae'vi
1518 2274 1524 2287 ,
1544 2253 1691 2282 concionati
1715 2254 1818 2283 fiterant
1829 2277 1838 2292 ,

1099 2298 1304 2337 Chrysostomus
1326 2297 1395 2325 hanc
1414 2305 1505 2326 contra
1528 2298 1657 2327 Catharos
1678 2299 1736 2328 sive
1755 2301 1840 2330 Puros

1099 2344 1238 2372 homiliam
1261 2343 1331 2372 dixit
1354 2353 1360 2372 ε
1385 2343 1494 2371 Cathari
1519 2351 1608 2372 autem
1631 2345 1671 2373 illi
1697 2345 1839 2374 Novatiani

1098 2397 1182 2418 erant.
1209 2389 1299 2418 Primo
1320 2388 1412 2417 ambos
1430 2389 1567 2428 episcopos
1590 2389 1702 2425 laudat3
1725 2401 1839 2428 quorun-1

1098 2436 1164 2464 alter
1173 2435 1274 2474 junior,
1287 2435 1384 2473 inquit,
1398 2434 1466 2462 senis
1479 2435 1654 2473 gravitatem;
1670 2435 1736 2463 alter
1749 2446 1839 2472 senex,

1095 2483 1210 2522 junioris
1223 2483 1302 2511 robur
1314 2493 1367 2521 prae
1377 2492 1404 2510 se
1416 2481 1525 2510 serebat.
1543 2482 1644 2511 Deinde
1655 2483 1839 2511 Theodosium

1099 2529 1227 2566 Magnum
1243 2526 1368 2555 laudibus
1383 2527 1468 2560 essert,
1485 2527 1561 2565 cujus
1573 2526 1629 2555 dies
1644 2534 1706 2555 tunc
1721 2528 1838 2557 celebra-

1099 2573 1190 2609 batur;
1207 2583 1317 2612 nempe,
1337 2579 1368 2601 ut
1382 2573 1526 2600 verisimile
1539 2579 1586 2609 est,
1600 2573 1693 2601 mortis
1711 2574 1776 2612 ejus,
1791 2575 1837 2611 qui

1099 2620 1218 2649 Januarii
1239 2619 1343 2648 decimo
1357 2618 1469 2658 septim«)
1489 2618 1532 2647 die
1552 2618 1672 2657 contigit.
1698 2618 1777 2648 Unde
1791 2630 1836 2648 ar-
