1884 2922
217 223 284 258 308

208 297 274 325 dum
305 305 385 334 quam
405 302 562 322 mammona.
579 297 636 318 vu.
659 292 718 316 160.
735 296 759 313 n.
782 284 863 312 Pauci
879 293 951 322 proe-

209 347 317 379 ccptum
335 349 385 367 non
407 333 602 365 thesaurizandi
623 332 648 359 in
666 337 732 358 terra
744 351 751 365 ,
767 327 811 356 scd
830 327 856 354 in
869 326 950 361 cmlo,

211 384 379 414 custoditum
395 381 440 408 sod
454 379 530 407 multi
546 379 631 405 Deum
646 374 708 403 odio
722 373 847 400 habentes
862 380 952 398 mam-

212 438 317 456 monam
332 426 456 462 diligunt.
474 430 494 451 Ι.
514 425 574 449 1550,
594 431 617 448 n.
631 431 659 449 (2,

253 472 302 499 Vae
317 471 378 501 libi,
391 475 567 499 mammona,
583 470 609 491 et
625 465 650 491 ei
666 465 714 500 qui
731 468 758 488 te
773 470 831 487 non
846 457 951 486 hahet!

212 513 324 542 scurrile
333 512 435 539 dictum
448 517 565 547 tempore
576 504 773 545 Chrysostomi.
786 510 832 532 xt,
850 507 910 530 14⁷0.
925 513 950 529 A.

252 557 424 584 Illammonct
451 552 574 590 Syriaca
595 551 698 588 lingua
718 549 827 576 diviziae
847 546 952 573 dicun-

213 608 270 629 ῑιιΓ.
290 606 333 627 vl.
350 603 414 626 818.
430 607 455 624 Α.

251 643 393 670 ΜΑΝΑ5515
406 638 570 679 poenitentia.
589 645 610 665 1.
630 642 673 664 10.
691 646 716 663 c.
734 636 888 666 manasses,
906 630 953 669 qui

211 687 339 715 adversus
357 690 445 712 sancta
464 692 558 710 manus
578 679 748 714 extenderat,
765 683 790 705 et
813 674 952 704 abomina-

211 729 293 758 tiones
309 728 335 756 in
351 727 479 766 templum
497 725 657 758 induxerat,
677 730 702 751 et
724 721 776 750 alia
792 716 953 748 exsecranda

209 773 328 801 facinora
336 777 498 810 patraverat,
506 769 594 797 omnia
603 778 651 806 per
660 765 843 805 pcenitentiam
854 762 950 792 abluit.

212 823 271 845 ΠΙ.
291 820 355 844 319.
370 813 500 843 Manassis
511 811 595 840 oratio
611 833 617 846 ,
649 811 725 849 cujus
742 809 818 836 loeus
833 807 952 834 astet-tur.

212 866 283 891 VIII,
301 863 365 887 135·
382 869 407 886 A.

251 904 395 931 Mamm
414 900 463 928 Dei
478 910 511 928 ex
532 910 558 927 se
579 897 705 936 pulchra,
723 894 877 934 pulchriora
892 903 952 920 cum

211 945 363 984 explentur.
383 951 416 972 11.
440 948 485 971 85.
510 953 537 970 D.
558 942 627 969 Cum
648 940 736 968 studio
753 945 776 967 et
795 937 878 966 animi
894 936 953 964 ala-

213 990 307 1018 critate
326 989 375 1016 Dei
400 987 524 1015 mandata
547 992 608 1014 sunt
627 981 820 1022 amplectenda.
838 987 871 1009 V.
887 985 950 1008 332.

213 1044 239 1062 C.
256 1033 369 1062 Illorum
382 1031 449 1059 ratio
462 1040 513 1058 non
529 1027 680 1067 quaerenda.
696 1034 741 1055 lx.
758 1030 821 1054 486.
839 1035 864 1052 Β.

254 1075 379 1104 Mandata
400 1074 505 1102 nonnisi
524 1073 612 1101 facilia
634 1070 710 1099 dedit
731 1071 811 1097 Deus.
833 1074 865 1095 V.
886 1072 951 1095 378.

216 1131 242 1148 e.
264 1118 419 1147 Difficultas
435 1118 488 1145 illis
503 1127 554 1144 non
571 1116 645 1143 inest.
661 1121 707 1142 IX.
724 1117 791 1141 778.
808 1122 832 1139 Β.

255 1161 390 1190 Mandatis
406 1160 505 1188 Christi
521 1169 572 1187 non
588 1157 676 1186 solum
691 1166 743 1183 non
759 1155 953 1192 obtemperare,

218 1206 266 1235 sed
284 1205 364 1234 etiam
386 1205 418 1232 iis
438 1214 489 1232 non
509 1202 632 1235 credere,
650 1199 837 1239 gravissimum
853 1197 956 1225 inducit

218 1249 390 1289 supplicium.
401 1255 420 1276 1.
434 1252 530 1275 153.c.
545 1244 703 1273 Mandatum
721 1241 838 1280 primum
852 1252 857 1267 t
876 1241 956 1268 Dili-

217 1304 266 1331 ges
293 1294 454 1321 Dominum
483 1292 577 1318 Deum
607 1296 697 1317 ιιιιιηι.
726 1292 785 1314 VH.
814 1289 879 1312 783.
907 1285 957 1312 Se-

218 1337 336 1366 cundum
359 1346 439 1365 vero:
470 1334 579 1372 Diliges
603 1332 764 1370 proximum
789 1334 867 1356 tuum
885 1329 957 1355 sicul

219 1383 350 1419 teipsum.
367 1379 442 1407 Ibid.
461 1379 491 1406 In
506 1386 560 1414 quo
579 1374 723 1403 seeundum
752 1369 907 1399 mandatum
924 1369 958 1398 sit

220 1424 308 1463 primo
323 1422 419 1451 simile.
434 1421 510 1448 [hid.

259 1465 387 1495 Mandata
403 1463 517 1491 carnalia
530 1461 662 1499 quendam.
679 1466 738 1488 xit.
756 1462 818 1486 18⁴3.
833 1468 861 1485 D.
879 1457 960 1484 Man·

221 1510 314 1538 datum
330 1508 454 1537 saeculare
472 1517 517 1534 seu
537 1504 701 1533 mundanum
717 1501 793 1540 quid.
818 1507 875 1529 xti.
895 1503 959 1527 213.

222 1566 245 1583 Α.
261 1565 287 1582 Β.

262 1602 371 1629 Manes.
390 1599 459 1626 Vide,
474 1598 651 1630 SEQULNTM.

262 1650 438 1677 Mammeos
451 1644 599 1674 hcet-cuens.
619 1650 637 1671 1.
657 1646 719 1670 663.
736 1641 872 1668 Hzrrcseos
887 1639 963 1677 prin-

225 1704 296 1732 ceps.
311 1699 357 1720 tx.
376 1696 439 1719 2⁸7.
457 1702 482 1717 ιι.
499 1695 545 1717 M.
563 1691 628 1715 260.
646 1696 673 1713 Α.
686 1682 828 1712 Manichzei
844 1682 965 1720 direpto-

227 1747 266 1764 res
279 1735 366 1764 ovilis.
385 1742 402 1762 t.
419 1739 482 1761 500.
498 1743 518 1758 x.
537 1731 599 1758 Illos
617 1729 720 1756 futuros
735 1736 790 1754 esse
806 1725 966 1764 praedixerat

226 1779 335 1808 Paulus.
356 1785 396 1806 Xt.
414 1781 478 1804 668.
494 1786 521 1802 A.
535 1773 646 1801 Illorum
657 1770 762 1799 haercsis
774 1768 964 1798 recentissima.

230 1831 287 1851 ΧΗ.
306 1827 366 1850 127.
384 1832 409 1849 c.
422 1823 509 1848 Deum
518 1816 688 1845 affirmabant
698 1824 753 1842 esse
764 1813 874 1845 malum,
889 1812 968 1840 mala-

232 1876 342 1903 rumque
354 1874 443 1892 rerum
454 1868 607 1890 creatorem.
624 1867 644 1888 t.
657 1863 720 1887 334.
735 1869 761 1886 n.
771 1862 835 1885 337.
851 1867 877 1884 A.
892 1857 969 1884 Crea-

234 1911 331 1938 tionem
346 1908 388 1936 dei
404 1906 543 1945 cujusdam
556 1904 665 1932 minime
678 1901 741 1930 honi
756 1911 822 1940 opus
831 1910 886 1928 csse
896 1899 969 1928 dice-

232 1955 306 1983 bant.
329 1961 371 1981 111.
391 1956 455 1980 563,
472 1961 499 1978 A.
515 1948 662 1977 Diabolum
675 1946 755 1984 hujus
775 1943 869 1972 mundi
889 1943 969 1971 deum

232 2009 286 2026 esse
306 1995 464 2025 asserebant.
483 2001 516 2022 x.
535 1997 597 2021 5578.
614 2002 640 2019 D.
657 1990 807 2026 malamque
821 1997 875 2015 esse
889 1994 968 2015 natu-

234 2052 298 2068 ram.
323 2047 379 2068 Vll.
393 2042 456 2066 662.
476 2048 500 2065 E.
520 2037 678 2063 Praesentem
699 2042 804 2070 quoque
819 2030 902 2060 vitam
917 2041 972 2059 esse

234 2084 330 2111 malam
344 2081 523 2111 affirmabant.
540 2078 729 2107 x‘11.63t.Hoc
740 2075 857 2103 dicentes
874 2074 971 2102 confu-

235 2134 332 2155 tantur.
350 2134 381 2155 Χ.
397 2130 461 2153 787.
480 2137 504 2153 c.
520 2128 584 2152 783.
603 2123 654 2149 Res
666 2126 806 2159 praesentes
822 2118 972 2147 calumnia-

237 2172 342 2198 bantur.
362 2176 407 2198 tx.
425 2172 487 2196 64⁷«.
503 2178 527 2195 E.

275 2217 440 2247 ttcfcltunmr
455 2216 572 2244 dicentes
592 2217 678 2241 Deum
697 2211 743 2249 qui
763 2211 822 2239 fecit
842 2210 973 2238 mundum

237 2275 291 2293 esse
305 2264 414 2292 malum.
432 2269 487 2291 vu.
503 2265 566 2290 242,
583 2271 609 2287 n.
626 2269 654 2288 E.
673 2270 699 2286 A.
722 2261 786 2286 243.
808 2256 903 2283 Tacito
925 2266 972 2283 no-

238 2310 308 2338 mine
322 2316 483 2347 carpuntur,
505 2307 605 2334 malum
620 2314 675 2332 esse
689 2302 819 2330 mundum
835 2301 974 2328 affirman-

238 2361 283 2382 tes.
310 2360 356 2381 Χι.
374 2357 426 2379 306
443 2361 465 2378 c.
483 2350 582 2377 Contra
599 2346 762 2376 Manichaeos
789 2345 973 2383 Chrysostomi

238 2398 320 2434 (licta,
336 2406 397 2423 eum
416 2394 524 2423 minime
537 2391 648 2421 rationis
664 2396 798 2428 compotes
812 2387 905 2416 mundi
919 2388 974 2416 exi-

239 2444 374 2471 >mum-cut
384 2452 438 2469 csse
449 2440 503 2468 duo
516 2438 635 2477 opifices,
646 2446 728 2463 unum
738 2434 837 2462 seilicet
849 2440 974 2461 ereatura·

239 2485 385 2524 spiritualis
406 2491 429 2512 ct
448 2482 602 2516 invisibilis,
617 2481 728 2508 alterum
745 2488 808 2506 vero
831 2486 972 2514 corpoream

241 2536 271 2556 xx
296 2535 358 2557 5⁸9.
377 2539 401 2557 e..
424 2538 452 2555 n.
474 2533 533 2555 vlt.
550 2529 613 2553 2¹2.
628 2535 654 2552 E.
671 2535 697 2550 A.
714 2525 866 2550 Asscrentes
888 2522 975 2547 Deum

238 2584 291 2600 csse
317 2573 433 2605 malum,
465 2570 506 2599 vel
535 2570 615 2606 hujus
631 2566 722 2594 muudi
747 2564 824 2592 rebus
846 2573 896 2591 non
911 2573 974 2600 pro—

853 220 955 246 tunEx
984 220 1110 243 RERUM.

1005 281 1110 312 videre,
1137 279 1319 308 confutantur.
1352 283 1421 305 vm.
1444 281 1489 304 58.
1514 286 1539 304 c.
1569 275 1632 304 item
1660 273 1743 302 alium

1006 334 1060 351 esse
1084 324 1163 362 hujus
1186 321 1279 350 mundi
1302 326 1465 351 creatorem,
1492 328 1624 357 operaque
1651 316 1746 345 visibi-

1005 368 1040 396 lia
1069 378 1120 395 non
1144 368 1201 404 ejus
1229 375 1284 393 esse
1297 386 1304 399 ,
1331 362 1376 391 sed
1394 361 1502 390 alterius
1515 361 1557 389 dei
1573 361 1622 399 ipsi
1639 366 1746 388 contra-

1006 412 1049 439 rii.
1069 418 1138 439 Vltt.
1156 414 1218 438 1-17.
1236 420 1260 437 Λ.
1281 410 1379 437 Contra
1394 409 1480 434 Deum
1496 405 1747 443 blasphemantma-

1006 458 1064 485 lum
1078 455 1226 494 ingenitum
1245 453 1400 481 inducentes
1410 474 1417 485 ‚
1435 457 1460 478 ct
1475 450 1515 478 illi
1530 455 1690 488 potestatem
1704 448 1747 476 di—

1007 503 1076 530 vinae
1103 499 1225 540 potestati
1247 508 1338 537 parem
1356 496 1512 525 tribuentes.
1544 501 1602 523 vu.
1627 498 1692 521 632.
1718 504 1745 521 (;.

1008 555 1054 576 lx.
1070 552 1114 576 24.
1129 557 1155 575 e.
1170 549 1268 574 2526.
1285 543 1397 571 Illorum
1412 551 1512 569 errores
1527 539 1598 569 varii
1620 538 1747 567 refellun-

1007 601 1061 621 tur.
1078 600 1123 622 tx.
1143 597 1188 620 2'4.
1206 597 1231 618 ct
1245 600 1308 628 sqq.

1047 643 1210 672 Maniehaeus
1226 644 1312 668 Deum
1327 644 1471 667 creatorem
1487 646 1542 664 csse
1560 635 1682 673 negabat.
1700 641 1745 662 lv.

1007 692 1072 716 752.
1086 684 1259 714 natatoriam
1274 689 1334 710 ante
1347 687 1464 710 creatum
1479 679 1609 707 mundum
1620 678 1750 706 exstitisse

1007 730 1122 758 dicebat.
1154 735 1198 756 lv.
1218 731 1262 755 15.
1280 737 1304 753 n.
1322 725 1364 753 Ab
1379 724 1425 752 illo
1443 729 1562 751 avertere
1572 732 1619 750 nos
1631 727 1748 760 oportet,

1008 775 1054 812 qui
1083 773 1202 801 omnium
1222 769 1311 809 opifici
1333 778 1384 796 non
1404 766 1506 803 credit,
1528 766 1660 802 illumque
1687 771 1750 792 tan-v

1006 828 1086 857 quam
1114 823 1201 844 mente
1229 821 1336 853 captum
1359 811 1487 840 aversari.
1520 811 1595 838 Ibid.
1627 815 1653 837 et
1682 812 1747 836 750.

1008 874 1034 890 Α.
1049 862 1182 890 Czrlorum
1195 860 1295 896 Regem
1310 867 1324 884 a
1340 856 1411 894 regio
1424 854 1490 883 solio
1503 853 1676 882 deturbatum
1692 862 1753 879 eum

1007 905 1101 934 creatis
1116 904 1195 932 rebus
1210 902 1416 934 collocaverunt,
1435 904 1583 927 ereaturam
1599 906 1662 925 vero
1680 895 1752 923 divi-

1007 949 1097 977 nitatis
1111 947 1219 976 sedibus
1234 945 1407 973 honorarunt.
1426 950 1471 970 IV.
1486 946 1549 970 748.
1562 951 1588 969 E.
1611 938 1753 968 Materiam

1008 1002 1059 1020 non
1075 993 1168 1019 saetam
1183 989 1275 1024 fuisse,
1293 994 1322 1015 ut
1335 986 1429 1014 dieunt
1440 984 1593 1019 Manichaei,
1608 993 1688 1021 quam
1702 981 1752 1009 ab·

1008 1034 1130 1066 Surdum.
1150 1039 1196 1061 tv.
1214 1036 1280 1060 750.
1303 1042 1328 1057 Α.
1341 1029 1390 1057 Dei
1412 1028 1570 1057 creationem
1585 1026 1754 1055 calumnian-

1009 1085 1061 1107 tur.
1078 1084 1134 1106 Vlt.
1152 1080 1216 1104 702.
1235 1085 1260 1102 D.
1282 1075 1411 1111 Magnum
1427 1071 1597 1099 interstitium
1616 1080 1670 1098 esse
1684 1070 1754 1097 inter

1009 1122 1161 1149 Creatorem
1173 1125 1197 1146 et
1207 1128 1263 1146 rem
1275 1123 1400 1151 creatam,
1412 1122 1503 1143 contra
1517 1113 1679 1143 Manichaeos
1691 1123 1754 1152 pro—

1009 1165 1067 1192 bari
1084 1164 1201 1192 videtur.
1217 1169 1263 1190 xl.
1274 1166 1298 1189 ὅ.
1313 1172 1338 1189 c.
1354 1160 1443 1187 Deum
1454 1168 1506 1186 non
1521 1158 1638 1196 potuisse
1649 1157 1751 1194 absque

1011 1209 1119 1237 materia
1136 1216 1223 1236 creare
1240 1206 1404 1234 affirmantes
1419 1204 1597 1231 confutantur.
1618 1209 1664 1231 xt.
1683 1207 1748 1231 201.

1011 1263 1041 1281 n.
1059 1263 1084 1280 F.

1052 1294 1195 1324 Manichaei
1225 1293 1252 1321 in
1277 1292 1339 1320 seles
1353 1298 1378 1319 et
1403 1300 1479 1319 canes
1491 1311 1498 1324 ,
1520 1288 1628 1327 insuper
1654 1289 1680 1316 in
1704 1289 1756 1317 alia

1012 1340 1085 1370 hisce
1107 1336 1336 1376 ignmniniosiora,
1360 1334 1460 1363 audent
1482 1333 1531 1361 Dei
1554 1333 1693 1361 essentiam
1708 1334 1756 1361 ha-

1013 1383 1127 1411 bitatum
1156 1381 1269 1409 mittere.
1295 1386 1328 1408 ΙΙ.
1360 1383 1426 1406 [428.
1457 1388 1483 1406 c.
1507 1382 1570 1405 [(29.
1598 1387 1626 1404 Α.
1666 1377 1758 1405 Solem

1015 1437 1067 1455 non
1083 1425 1286 1463 corruptibilem
1301 1429 1404 1462 putant.
1419 1423 1463 1449 lb.
1491 1422 1597 1459 Corpus
1621 1431 1676 1448 esse
1697 1430 1758 1448 ma-

1015 1472 1071 1499 lum
1087 1470 1224 1498 dicebant.
1242 1475 1285 1497 Vl.
1298 1471 1361 1496 221.
1372 1477 1396 1494 n.
1420 1467 1453 1493 At
1469 1474 1565 1502 corpus
1582 1463 1692 1501 quidem
1705 1463 1760 1492 mi·

1016 1525 1065 1543 nus
1080 1521 1118 1542 est
1132 1513 1220 1541 anima
1231 1534 1239 1549 ‚
1259 1521 1310 1540 non
1328 1520 1391 1539 vero
1411 1509 1572 1537 eontrarium
1586 1507 1690 1535 animae.
1715 1514 1758 1538 vl,

1020 1564 1082 1589 167.
1104 1570 1131 1588 e.

1057 1605 1151 1632 Manes
1174 1601 1289 1630 satanica
1311 1599 1474 1627 immanitate
1497 1598 1594 1627 ductus
1619 1597 1761 1626 matrimo—

1019 1648 1093 1676 nium
1113 1646 1267 1675 damnabat.
1286 1652 1306 1673 1.
1322 1649 1386 1673 3:31.
1403 1656 1429 1672 A.
1444 1643 1509 1672 Mali
1522 1652 1626 1670 eausam
1638 1652 1693 1670 esse
1710 1649 1762 1670 sta-

1020 1691 1118 1719 tuebar.
1140 1698 1157 1719 1.
1172 1695 1234 1719 114.
1255 1686 1519 1725 Manichaeiquidam
1534 1686 1624 1715 virilia
1643 1692 1762 1724 amputa-

1019 1735 1092 1763 bant.
1109 1742 1166 1763 vll.
1183 1738 1247 1762 702.
1264 1744 1292 1762 D.
1310 1740 1342 1762 X.
1361 1737 1423 1761 850.
1438 1744 1464 1762 Β.

1060 1778 1201 1806 Manichaei
1213 1776 1356 1816 prophetas
1366 1783 1390 1804 et
1404 1774 1567 1814 patriarchas
1580 1780 1760 1802 contemnunt.

1024 1830 1041 1851 t.
1058 1826 1123 1850 663.
1138 1833 1166 1849 n.
1184 1832 1208 1849 E.
1226 1821 1346 1858 Negabat
1358 1821 1451 1848 Manes
1463 1820 1549 1847 Deum
1563 1829 1618 1846 esse
1628 1824 1764 1846 auctorem

1024 1866 1127 1894 Veteris
1142 1864 1316 1894 Testamenti.
1335 1871 1380 1891 ΙΙΙ.
1403 1867 1467 1891 278.
1492 1873 1518 1890 c.
1538 1863 1662 1891 Veterem
1678 1860 1764 1899 legem

1023 1909 1184 1947 explodunt.
1195 1915 1251 1936 Vll.
1270 1911 1333 1935 251.
1353 1917 1379 1935 Α.
1400 1916 1447 1934 nee
1461 1916 1476 1933 a
1490 1907 1548 1933 Deo
1560 1905 1635 1933 Patre
1650 1914 1706 1932 esse
1717 1903 1765 1932 di-

1024 1952 1127 1981 cebant.
1149 1958 1206 1980 Vll.
1223 1955 1287 1979 590.
1307 1961 1333 1978 E.
1351 1949 1397 1977 sed
1412 1959 1445 1977 ex
1462 1948 1647 1976 diabolavtt.
1659 1952 1762 1976 235.1›.

1028 2000 1088 2024 449.
1100 2006 1126 2023 c.
1138 2006 1165 2023 n.
1175 1994 1239 2022 Illos
1252 1993 1337 2032 carpit
1349 1992 1568 2031 Chrysostomus.
1588 1998 1645 2019 vn.
1658 1995 1722 2019 672.
1740 2002 1765 2018 Α.

1026 2039 1128 2066 Eorum
1140 2048 1185 2066 ora
1195 2037 1320 2065 obturare
1332 2042 1440 2064 conatus
1451 2041 1489 2063 est
1501 2034 1609 2069 Paulus,
1622 2035 1669 2072 qui
1680 2034 1766 2071 legem

1026 2081 1191 2110 incusabant.
1218 2088 1265 2109 lx.
1292 2084 1355 2108 603,
1377 2090 1402 2107 c.
1423 2079 1519 2117 Impeti
1534 2078 1641 2106 videtur
1657 2077 1768 2106 illorum

1026 2124 1210 2153 affirmatiode
1221 2125 1288 2162 lege,
1301 2133 1380 2161 quam
1391 2121 1651 2150 dicebantdamnum
1658 2127 1683 2149 et
1692 2121 1753 2159 quis
1761 2137 1771 2142 —

1026 2168 1133 2207 quilias.
1152 2176 1194 2197 XI.
1211 2172 1272 2196 326.
1285 2178 1312 2196 r.
1330 2166 1427 2194 Contra
1442 2165 1603 2193 Manichaeos
1619 2165 1702 2193 Vetus
1718 2165 1770 2193 Te-

1027 2219 1185 2240 stamentum
1202 2210 1381 2245 criminantes,
1391 2216 1415 2237 et
1426 2209 1507 2236 alium
1521 2208 1702 2244 Novo,alium
1714 2209 1770 2237 Ve-

1027 2256 1087 2291 teri,
1103 2257 1188 2284 Deum
1202 2255 1358 2283 tribuentes.
1375 2260 1420 2282 111.
1435 2258 1497 2281 323.
1515 2263 1543 2280 n.
1556 2263 1580 2280 E.
1593 2252 1772 2280 confutantur

1028 2300 1145 2328 dicentes
1160 2299 1314 2327 mandatum
1337 2297 1403 2335 legis
1419 2308 1433 2324 a
1452 2297 1534 2325 Paulo
1549 2296 1652 2324 malum
1667 2295 1770 2324 dictum

1029 2342 1119 2371 fuisse.
1140 2349 1196 2371 xu.
1217 2347 1279 2370 187.
1299 2352 1324 2369 c.

1071 2386 1234 2415 Manichacus
1245 2385 1368 2413 humanis
1380 2383 1525 2412 ratiociniis
1537 2383 1630 2411 divina
1641 2390 1768 2419 tractans,

1030 2430 1178 2469 perniciosa
1200 2429 1325 2467 dogmata
1352 2428 1378 2456 in
1406 2426 1554 2455 Ecclesiam
1581 2426 1694 2455 invexit.
1722 2434 1768 2455 xl.

1030 2479 1093 2502 716.
1110 2485 1135 2501 κ.
1149 2473 1268 2511 Negabat
1282 2471 1507 2510 dispensationem
1523 2470 1549 2498 in
1564 2480 1650 2498 carne.
1667 2477 1687 2498 t.
1702 2474 1766 2499 617.

1031 2529 1059 2546 n.
1073 2525 1128 2545 Vll.
1141 2521 1205 2545 88⁷4.
1215 2526 1241 2546 c.
1253 2515 1342 2543 dicens
1354 2514 1490 2543 Christum
1505 2524 1588 2551 neque
1600 2513 1767 2541 incarnatum

1030 2572 1095 2597 esse,
1107 2570 1190 2597 neque
1199 2569 1301 2587 carnem
1314 2558 1438 2594 induisse,
1446 2557 1490 2586 sed
1500 2558 1612 2596 speciem
1622 2556 1766 2595 quamdam
