<?xml version="1.0" encoding="UTF-8"?>
<!DOCTYPE html PUBLIC "-//W3C//DTD XHTML 1.0 Transitional//EN"
    "http://www.w3.org/TR/xhtml1/DTD/xhtml1-transitional.dtd">
<html xmlns="http://www.w3.org/1999/xhtml" xml:lang="en" lang="en">
 <head>
  <title>
</title>
<meta http-equiv="Content-Type" content="text/html;charset=utf-8" />
  <meta name='ocr-system' content='tesseract 3.04.00' />
  <meta name='ocr-capabilities' content='ocr_page ocr_carea ocr_par ocr_line ocrx_word'/>
</head>
<body>
  <div class='ocr_page' id='page_1' title='image "./operaomniaquaeex13johnuoft_0854.png"; bbox 0 0 1884 2922; ppageno 0'>
   <div class='ocr_carea' id='block_1_1' title="bbox 216 193 974 2630">
    <p class='ocr_par' dir='ltr' id='par_1_1' title="bbox 230 193 974 392">
     <span class='ocr_line' id='line_1_1' title="bbox 231 193 303 237; baseline 0 -9"><span class='ocrx_word' id='word_1_1' title='bbox 231 193 303 237; x_wconf 68' lang='lat'>306</span> 
     </span>
     <span class='ocr_line' id='line_1_2' title="bbox 231 263 971 296; baseline -0.004 0"><span class='ocrx_word' id='word_1_2' title='bbox 231 268 302 296; x_wconf 84' lang='lat' dir='ltr'>sauri</span> <span class='ocrx_word' id='word_1_3' title='bbox 322 265 420 295; x_wconf 87' lang='lat' dir='ltr'>terreni</span> <span class='ocrx_word' id='word_1_4' title='bbox 440 276 510 294; x_wconf 78' lang='lat' dir='ltr'>noxa</span> <span class='ocrx_word' id='word_1_5' title='bbox 528 271 552 293; x_wconf 85' lang='lat' dir='ltr'>et</span> <span class='ocrx_word' id='word_1_6' title='bbox 574 263 688 292; x_wconf 82' lang='lat' dir='ltr'>caelestis</span> <span class='ocrx_word' id='word_1_7' title='bbox 705 263 814 293; x_wconf 87' lang='lat' dir='ltr'>utilitas.</span> <span class='ocrx_word' id='word_1_8' title='bbox 834 271 890 293; x_wconf 90' lang='lat' dir='ltr'><strong>VII.</strong></span> <span class='ocrx_word' id='word_1_9' title='bbox 906 268 971 294; x_wconf 81' lang='lat'><strong>298.</strong></span> 
     </span>
     <span class='ocr_line' id='line_1_3' title="bbox 233 307 974 351; baseline -0.005 -11"><span class='ocrx_word' id='word_1_10' title='bbox 233 323 258 340; x_wconf 82' lang='lat' dir='ltr'>c.</span> <span class='ocrx_word' id='word_1_11' title='bbox 282 310 439 351; x_wconf 74' lang='lat' dir='ltr'>spiritualis</span> <span class='ocrx_word' id='word_1_12' title='bbox 467 309 609 337; x_wconf 79' lang='lat' dir='ltr'><strong>thesaurus</strong></span> <span class='ocrx_word' id='word_1_13' title='bbox 634 307 764 346; x_wconf 77' lang='lat' dir='ltr'><strong>possessio</strong></span> <span class='ocrx_word' id='word_1_14' title='bbox 784 315 821 336; x_wconf 91' lang='lat' dir='ltr'>est</span> <span class='ocrx_word' id='word_1_15' title='bbox 846 319 904 346; x_wconf 76' lang='lat' dir='ltr'>qum</span> <span class='ocrx_word' id='word_1_16' title='bbox 925 319 974 338; x_wconf 86' lang='lat' dir='ltr'>au-</span> 
     </span>
     <span class='ocr_line' id='line_1_4' title="bbox 230 355 586 392; baseline -0.014 -9"><span class='ocrx_word' id='word_1_17' title='bbox 230 355 294 383; x_wconf 84' lang='lat' dir='ltr'>ferri</span> <span class='ocrx_word' id='word_1_18' title='bbox 310 355 409 392; x_wconf 81' lang='lat' dir='ltr'>nequit.</span> <span class='ocrx_word' id='word_1_19' title='bbox 426 361 445 382; x_wconf 91' lang='lat'>1.</span> <span class='ocrx_word' id='word_1_20' title='bbox 471 357 536 380; x_wconf 85' lang='grc'>667.</span> <span class='ocrx_word' id='word_1_21' title='bbox 559 362 586 380; x_wconf 83' lang='lat' dir='ltr'>E.</span> 
     </span>
    </p>

    <p class='ocr_par' dir='ltr' id='par_1_2' title="bbox 271 395 861 435">
     <span class='ocr_line' id='line_1_5' title="bbox 271 395 861 435; baseline -0.005 -8"><span class='ocrx_word' id='word_1_22' title='bbox 271 398 405 427; x_wconf 72' lang='lat' dir='ltr'>Thesauri</span> <span class='ocrx_word' id='word_1_23' title='bbox 427 396 524 435; x_wconf 82' lang='lat' dir='ltr'>reperti</span> <span class='ocrx_word' id='word_1_24' title='bbox 545 395 666 424; x_wconf 84' lang='lat' dir='ltr'>historia.</span> <span class='ocrx_word' id='word_1_25' title='bbox 689 403 734 424; x_wconf 86' lang='lat' dir='ltr'>lx.</span> <span class='ocrx_word' id='word_1_26' title='bbox 748 400 810 424; x_wconf 78' lang='lat'><strong>353.</strong></span> <span class='ocrx_word' id='word_1_27' title='bbox 835 406 861 424; x_wconf 84' lang='grc' dir='ltr'>Ε.</span> 
     </span>
    </p>

    <p class='ocr_par' dir='ltr' id='par_1_3' title="bbox 272 444 609 471">
     <span class='ocr_line' id='line_1_6' title="bbox 272 444 609 471; baseline -0.006 -1"><span class='ocrx_word' id='word_1_28' title='bbox 272 444 444 471; x_wconf 62' lang='lat' dir='ltr'>Tunsstw.</span> <span class='ocrx_word' id='word_1_29' title='bbox 468 447 489 468; x_wconf 83' lang='lat' dir='ltr'>I.</span> <span class='ocrx_word' id='word_1_30' title='bbox 512 444 557 468; x_wconf 87' lang='lat'>77.</span> <span class='ocrx_word' id='word_1_31' title='bbox 584 449 609 468; x_wconf 77' lang='grc' dir='ltr'>Β.</span> 
     </span>
    </p>

    <p class='ocr_par' dir='ltr' id='par_1_4' title="bbox 231 482 974 567">
     <span class='ocr_line' id='line_1_7' title="bbox 272 482 974 521; baseline -0.006 -7"><span class='ocrx_word' id='word_1_32' title='bbox 272 487 475 518; x_wconf 46' lang='lat' dir='ltr'>Tuas-smum,</span> <span class='ocrx_word' id='word_1_33' title='bbox 504 482 610 521; x_wconf 58' lang='lat' dir='ltr'>injuria)</span> <span class='ocrx_word' id='word_1_34' title='bbox 630 492 695 517; x_wconf 83' lang='lat' dir='ltr'>vox,</span> <span class='ocrx_word' id='word_1_35' title='bbox 719 482 850 521; x_wconf 79' lang='lat' dir='ltr'>significat</span> <span class='ocrx_word' id='word_1_36' title='bbox 871 482 974 511; x_wconf 86' lang='lat' dir='ltr'>venefi-</span> 
     </span>
     <span class='ocr_line' id='line_1_8' title="bbox 231 526 905 567; baseline -0.006 -9"><span class='ocrx_word' id='word_1_37' title='bbox 231 539 300 563; x_wconf 73' lang='lat' dir='ltr'>cam,</span> <span class='ocrx_word' id='word_1_38' title='bbox 315 527 555 567; x_wconf 62' lang='lat' dir='ltr'>prarstigiatricem,</span> <span class='ocrx_word' id='word_1_39' title='bbox 569 526 728 555; x_wconf 81' lang='lat' dir='ltr'>maleficam.</span> <span class='ocrx_word' id='word_1_40' title='bbox 743 533 788 555; x_wconf 82' lang='lat' dir='ltr'>XI.</span> <span class='ocrx_word' id='word_1_41' title='bbox 803 530 865 555; x_wconf 89' lang='grc'>129,</span> <span class='ocrx_word' id='word_1_42' title='bbox 880 537 905 554; x_wconf 86' lang='lat'>13.</span> 
     </span>
    </p>

    <p class='ocr_par' dir='ltr' id='par_1_5' title="bbox 226 569 972 996">
     <span class='ocr_line' id='line_1_9' title="bbox 263 569 968 601; baseline -0.006 0"><span class='ocrx_word' id='word_1_43' title='bbox 263 574 397 601; x_wconf 70' lang='lat' dir='ltr'>TaEUDAs</span> <span class='ocrx_word' id='word_1_44' title='bbox 413 577 438 599; x_wconf 88' lang='lat' dir='ltr'>et</span> <span class='ocrx_word' id='word_1_45' title='bbox 459 570 543 600; x_wconf 81' lang='lat' dir='ltr'>Judas</span> <span class='ocrx_word' id='word_1_46' title='bbox 564 570 624 598; x_wconf 82' lang='lat' dir='ltr'>salsi</span> <span class='ocrx_word' id='word_1_47' title='bbox 641 569 751 599; x_wconf 85' lang='lat' dir='ltr'>Christi.</span> <span class='ocrx_word' id='word_1_48' title='bbox 767 577 838 599; x_wconf 83' lang='lat' dir='ltr'><strong>VIII.</strong></span> <span class='ocrx_word' id='word_1_49' title='bbox 858 574 922 598; x_wconf 85' lang='lat'><strong>397.</strong></span> <span class='ocrx_word' id='word_1_50' title='bbox 940 581 968 599; x_wconf 81' lang='lat'>1).</span> 
     </span>
     <span class='ocr_line' id='line_1_10' title="bbox 230 613 968 645; baseline -0.003 0"><span class='ocrx_word' id='word_1_51' title='bbox 230 616 361 645; x_wconf 84' lang='lat' dir='ltr'>seditiosi.</span> <span class='ocrx_word' id='word_1_52' title='bbox 387 622 457 644; x_wconf 85' lang='lat' dir='ltr'><strong>VIII.</strong></span> <span class='ocrx_word' id='word_1_53' title='bbox 471 620 535 643; x_wconf 86' lang='lat'><strong>399.</strong></span> <span class='ocrx_word' id='word_1_54' title='bbox 554 625 581 642; x_wconf 87' lang='lat' dir='ltr'>n.</span> <span class='ocrx_word' id='word_1_55' title='bbox 595 619 660 643; x_wconf 77' lang='lat'><strong>400.</strong></span> <span class='ocrx_word' id='word_1_56' title='bbox 678 614 790 642; x_wconf 80' lang='lat' dir='ltr'>rebelles</span> <span class='ocrx_word' id='word_1_57' title='bbox 812 614 837 642; x_wconf 91' lang='lat' dir='ltr'>in</span> <span class='ocrx_word' id='word_1_58' title='bbox 853 613 968 644; x_wconf 79' lang='lat' dir='ltr'>deserto,</span> 
     </span>
     <span class='ocr_line' id='line_1_11' title="bbox 232 657 968 696; baseline -0.003 -8"><span class='ocrx_word' id='word_1_59' title='bbox 232 667 287 690; x_wconf 83' lang='lat' dir='ltr'><strong>VII.</strong></span> <span class='ocrx_word' id='word_1_60' title='bbox 311 664 374 688; x_wconf 84' lang='grc'>168.</span> <span class='ocrx_word' id='word_1_61' title='bbox 394 669 423 689; x_wconf 85' lang='grc'>1).</span> <span class='ocrx_word' id='word_1_62' title='bbox 448 659 588 687; x_wconf 78' lang='lat' dir='ltr'>veritatem</span> <span class='ocrx_word' id='word_1_63' title='bbox 612 657 769 696; x_wconf 78' lang='lat' dir='ltr'>impugnare</span> <span class='ocrx_word' id='word_1_64' title='bbox 789 664 968 687; x_wconf 84' lang='lat' dir='ltr'>tentaverunt.</span> 
     </span>
     <span class='ocr_line' id='line_1_12' title="bbox 230 700 972 739; baseline -0.004 -7"><span class='ocrx_word' id='word_1_65' title='bbox 230 710 262 732; x_wconf 89' lang='lat' dir='ltr'>II.</span> <span class='ocrx_word' id='word_1_66' title='bbox 279 707 342 731; x_wconf 87' lang='lat'><strong>594.</strong></span> <span class='ocrx_word' id='word_1_67' title='bbox 368 712 393 729; x_wconf 74' lang='grc' dir='ltr'>Β.</span> <span class='ocrx_word' id='word_1_68' title='bbox 421 701 560 730; x_wconf 85' lang='lat' dir='ltr'>Perierunt</span> <span class='ocrx_word' id='word_1_69' title='bbox 579 700 652 739; x_wconf 87' lang='lat' dir='ltr'>quod</span> <span class='ocrx_word' id='word_1_70' title='bbox 668 700 768 728; x_wconf 88' lang='lat' dir='ltr'>tributa</span> <span class='ocrx_word' id='word_1_71' title='bbox 784 701 881 729; x_wconf 76' lang='lat' dir='ltr'>Coesari</span> <span class='ocrx_word' id='word_1_72' title='bbox 908 712 972 739; x_wconf 85' lang='lat' dir='ltr'>pen-</span> 
     </span>
     <span class='ocr_line' id='line_1_13' title="bbox 228 745 970 786; baseline -0.001 -11"><span class='ocrx_word' id='word_1_73' title='bbox 228 747 291 776; x_wconf 87' lang='lat' dir='ltr'>dere</span> <span class='ocrx_word' id='word_1_74' title='bbox 306 745 488 786; x_wconf 77' lang='lat' dir='ltr'><strong>prohiberent.</strong></span> <span class='ocrx_word' id='word_1_75' title='bbox 503 752 560 774; x_wconf 93' lang='lat' dir='ltr'><strong>VII.</strong></span> <span class='ocrx_word' id='word_1_76' title='bbox 579 750 643 773; x_wconf 84' lang='lat'><strong>774.</strong></span> <span class='ocrx_word' id='word_1_77' title='bbox 668 756 691 773; x_wconf 85' lang='grc' dir='ltr'>Λ.</span> <span class='ocrx_word' id='word_1_78' title='bbox 714 746 827 783; x_wconf 80' lang='lat' dir='ltr'>Magnos</span> <span class='ocrx_word' id='word_1_79' title='bbox 843 745 970 774; x_wconf 87' lang='lat' dir='ltr'>habentes</span> 
     </span>
     <span class='ocr_line' id='line_1_14' title="bbox 228 788 969 828; baseline -0.004 -9"><span class='ocrx_word' id='word_1_80' title='bbox 228 791 370 820; x_wconf 88' lang='lat' dir='ltr'>hominum</span> <span class='ocrx_word' id='word_1_81' title='bbox 384 796 483 824; x_wconf 81' lang='lat' dir='ltr'>coetuS,</span> <span class='ocrx_word' id='word_1_82' title='bbox 500 800 561 818; x_wconf 86' lang='lat' dir='ltr'>cum</span> <span class='ocrx_word' id='word_1_83' title='bbox 582 788 724 828; x_wconf 78' lang='lat' dir='ltr'>discipulis</span> <span class='ocrx_word' id='word_1_84' title='bbox 745 789 877 817; x_wconf 77' lang='lat' dir='ltr'>interemti</span> <span class='ocrx_word' id='word_1_85' title='bbox 898 796 969 817; x_wconf 87' lang='lat' dir='ltr'>sunt.</span> 
     </span>
     <span class='ocr_line' id='line_1_15' title="bbox 229 833 969 864; baseline -0.004 0"><span class='ocrx_word' id='word_1_86' title='bbox 229 843 262 864; x_wconf 86' lang='lat' dir='ltr'>X.</span> <span class='ocrx_word' id='word_1_87' title='bbox 278 840 323 864; x_wconf 86' lang='lat'>43.</span> <span class='ocrx_word' id='word_1_88' title='bbox 336 847 361 863; x_wconf 84' lang='lat' dir='ltr'>A.</span> <span class='ocrx_word' id='word_1_89' title='bbox 379 836 456 864; x_wconf 88' lang='lat' dir='ltr'>Juste</span> <span class='ocrx_word' id='word_1_90' title='bbox 469 834 548 862; x_wconf 85' lang='lat' dir='ltr'>occisi</span> <span class='ocrx_word' id='word_1_91' title='bbox 561 840 632 862; x_wconf 89' lang='lat' dir='ltr'>sunt.</span> <span class='ocrx_word' id='word_1_92' title='bbox 651 839 709 861; x_wconf 87' lang='lat' dir='ltr'><strong>VII.</strong></span> <span class='ocrx_word' id='word_1_93' title='bbox 723 837 786 861; x_wconf 81' lang='grc'>562.</span> <span class='ocrx_word' id='word_1_94' title='bbox 804 843 830 863; x_wconf 82' lang='grc' dir='ltr'>Ε.</span> <span class='ocrx_word' id='word_1_95' title='bbox 842 833 969 861; x_wconf 88' lang='lat' dir='ltr'>Theudas</span> 
     </span>
     <span class='ocr_line' id='line_1_16' title="bbox 226 876 968 918; baseline -0.001 -11"><span class='ocrx_word' id='word_1_96' title='bbox 226 879 317 907; x_wconf 87' lang='lat' dir='ltr'>statim</span> <span class='ocrx_word' id='word_1_97' title='bbox 335 879 422 918; x_wconf 86' lang='lat' dir='ltr'>periit.</span> <span class='ocrx_word' id='word_1_98' title='bbox 434 886 504 907; x_wconf 81' lang='lat' dir='ltr'><strong>VIII.</strong></span> <span class='ocrx_word' id='word_1_99' title='bbox 522 883 585 907; x_wconf 82' lang='grc'>192.</span> <span class='ocrx_word' id='word_1_100' title='bbox 598 888 623 905; x_wconf 77' lang='lat' dir='ltr'>r..</span> <span class='ocrx_word' id='word_1_101' title='bbox 638 876 757 905; x_wconf 78' lang='lat' dir='ltr'>Theudae</span> <span class='ocrx_word' id='word_1_102' title='bbox 773 884 796 905; x_wconf 86' lang='lat' dir='ltr'>ct</span> <span class='ocrx_word' id='word_1_103' title='bbox 812 877 888 906; x_wconf 69' lang='lat' dir='ltr'>„Iudae</span> <span class='ocrx_word' id='word_1_104' title='bbox 899 884 968 906; x_wconf 86' lang='lat' dir='ltr'>secta</span> 
     </span>
     <span class='ocr_line' id='line_1_17' title="bbox 226 921 963 960; baseline -0.004 -9"><span class='ocrx_word' id='word_1_105' title='bbox 226 924 317 951; x_wconf 87' lang='lat' dir='ltr'>statim</span> <span class='ocrx_word' id='word_1_106' title='bbox 338 923 466 951; x_wconf 81' lang='lat' dir='ltr'>dissoluta</span> <span class='ocrx_word' id='word_1_107' title='bbox 494 929 549 960; x_wconf 78' lang='lat' dir='ltr'>est,</span> <span class='ocrx_word' id='word_1_108' title='bbox 568 921 630 959; x_wconf 87' lang='lat' dir='ltr'>quia</span> <span class='ocrx_word' id='word_1_109' title='bbox 656 931 707 948; x_wconf 90' lang='lat' dir='ltr'>non</span> <span class='ocrx_word' id='word_1_110' title='bbox 729 931 763 949; x_wconf 75' lang='lat' dir='ltr'>ex</span> <span class='ocrx_word' id='word_1_111' title='bbox 783 922 840 949; x_wconf 91' lang='lat' dir='ltr'>Deo</span> <span class='ocrx_word' id='word_1_112' title='bbox 861 928 925 950; x_wconf 86' lang='lat' dir='ltr'>erat.</span> <span class='ocrx_word' id='word_1_113' title='bbox 944 929 963 949; x_wconf 90' lang='grc' dir='ltr'>Ι.</span> 
     </span>
     <span class='ocr_line' id='line_1_18' title="bbox 227 971 337 996; baseline -0.009 -2"><span class='ocrx_word' id='word_1_114' title='bbox 227 971 293 995; x_wconf 80' lang='grc'>771.</span> <span class='ocrx_word' id='word_1_115' title='bbox 310 979 337 996; x_wconf 85' lang='grc' dir='ltr'>Α.</span> 
     </span>
    </p>

    <p class='ocr_par' dir='ltr' id='par_1_6' title="bbox 267 1009 916 1039">
     <span class='ocr_line' id='line_1_19' title="bbox 267 1009 916 1039; baseline -0.003 0"><span class='ocrx_word' id='word_1_116' title='bbox 267 1012 383 1039; x_wconf 59' lang='lat' dir='ltr'>Tuomst.</span> <span class='ocrx_word' id='word_1_117' title='bbox 397 1010 535 1038; x_wconf 61' lang='lat' dir='ltr'>malleator</span> <span class='ocrx_word' id='word_1_118' title='bbox 547 1010 606 1038; x_wconf 81' lang='lat' dir='ltr'>aeris</span> <span class='ocrx_word' id='word_1_119' title='bbox 617 1015 644 1038; x_wconf 88' lang='lat' dir='ltr'>et</span> <span class='ocrx_word' id='word_1_120' title='bbox 656 1009 730 1037; x_wconf 76' lang='lat' dir='ltr'>sert-i.</span> <span class='ocrx_word' id='word_1_121' title='bbox 750 1016 797 1038; x_wconf 87' lang='lat' dir='ltr'>Iv.</span> <span class='ocrx_word' id='word_1_122' title='bbox 811 1013 875 1039; x_wconf 78' lang='lat'><strong>203.</strong></span> <span class='ocrx_word' id='word_1_123' title='bbox 891 1020 916 1038; x_wconf 85' lang='grc' dir='ltr'>ι).</span> 
     </span>
    </p>

    <p class='ocr_par' dir='ltr' id='par_1_7' title="bbox 223 1053 967 1531">
     <span class='ocr_line' id='line_1_20' title="bbox 266 1053 965 1093; baseline 0 -11"><span class='ocrx_word' id='word_1_124' title='bbox 266 1055 386 1083; x_wconf 72' lang='grc' dir='ltr'>ΤῐιοΜΔε</span> <span class='ocrx_word' id='word_1_125' title='bbox 407 1054 491 1093; x_wconf 81' lang='lat' dir='ltr'>magis</span> <span class='ocrx_word' id='word_1_126' title='bbox 513 1053 668 1082; x_wconf 82' lang='lat' dir='ltr'>incredulus</span> <span class='ocrx_word' id='word_1_127' title='bbox 688 1064 769 1091; x_wconf 90' lang='lat' dir='ltr'>quam</span> <span class='ocrx_word' id='word_1_128' title='bbox 786 1053 874 1081; x_wconf 62' lang='lat' dir='ltr'>caeteri</span> <span class='ocrx_word' id='word_1_129' title='bbox 896 1064 965 1092; x_wconf 91' lang='lat' dir='ltr'>apo-</span> 
     </span>
     <span class='ocr_line' id='line_1_21' title="bbox 226 1097 967 1136; baseline -0.003 -10"><span class='ocrx_word' id='word_1_130' title='bbox 226 1098 298 1126; x_wconf 85' lang='lat' dir='ltr'>stoli.</span> <span class='ocrx_word' id='word_1_131' title='bbox 319 1105 390 1126; x_wconf 94' lang='lat' dir='ltr'><strong>VIII.</strong></span> <span class='ocrx_word' id='word_1_132' title='bbox 406 1103 470 1127; x_wconf 83' lang='grc'>591.</span> <span class='ocrx_word' id='word_1_133' title='bbox 488 1110 512 1126; x_wconf 78' lang='lat' dir='ltr'>n.</span> <span class='ocrx_word' id='word_1_134' title='bbox 527 1108 552 1125; x_wconf 89' lang='lat' dir='ltr'>c.</span> <span class='ocrx_word' id='word_1_135' title='bbox 571 1104 661 1136; x_wconf 82' lang='lat' dir='ltr'>postea</span> <span class='ocrx_word' id='word_1_136' title='bbox 676 1097 784 1125; x_wconf 72' lang='lat' dir='ltr'>effectus</span> <span class='ocrx_word' id='word_1_137' title='bbox 796 1103 833 1125; x_wconf 89' lang='lat' dir='ltr'>est</span> <span class='ocrx_word' id='word_1_138' title='bbox 846 1097 967 1125; x_wconf 88' lang='lat' dir='ltr'>omnium</span> 
     </span>
     <span class='ocr_line' id='line_1_22' title="bbox 224 1141 963 1179; baseline -0.001 -9"><span class='ocrx_word' id='word_1_139' title='bbox 224 1142 395 1171; x_wconf 58' lang='lat' dir='ltr'>tortissimus.</span> <span class='ocrx_word' id='word_1_140' title='bbox 416 1149 485 1172; x_wconf 82' lang='lat' dir='ltr'><strong>VIII.</strong></span> <span class='ocrx_word' id='word_1_141' title='bbox 500 1146 564 1170; x_wconf 67' lang='lat'><strong>425.</strong></span> <span class='ocrx_word' id='word_1_142' title='bbox 582 1151 610 1170; x_wconf 88' lang='lat' dir='ltr'>D.</span> <span class='ocrx_word' id='word_1_143' title='bbox 625 1141 726 1169; x_wconf 82' lang='lat' dir='ltr'>Orbem</span> <span class='ocrx_word' id='word_1_144' title='bbox 744 1141 797 1168; x_wconf 88' lang='lat' dir='ltr'>fere</span> <span class='ocrx_word' id='word_1_145' title='bbox 820 1141 963 1179; x_wconf 79' lang='lat' dir='ltr'>percurrit.</span> 
     </span>
     <span class='ocr_line' id='line_1_23' title="bbox 225 1183 963 1214; baseline -0.001 0"><span class='ocrx_word' id='word_1_146' title='bbox 225 1187 270 1214; x_wconf 75' lang='lat' dir='ltr'><strong>lh.</strong></span> <span class='ocrx_word' id='word_1_147' title='bbox 284 1185 396 1214; x_wconf 78' lang='lat' dir='ltr'>Thomae</span> <span class='ocrx_word' id='word_1_148' title='bbox 413 1185 546 1214; x_wconf 82' lang='lat' dir='ltr'>dubitatio</span> <span class='ocrx_word' id='word_1_149' title='bbox 559 1185 651 1213; x_wconf 81' lang='lat' dir='ltr'>multis</span> <span class='ocrx_word' id='word_1_150' title='bbox 663 1195 741 1212; x_wconf 85' lang='lat' dir='ltr'>causa</span> <span class='ocrx_word' id='word_1_151' title='bbox 761 1183 894 1212; x_wconf 86' lang='lat' dir='ltr'>credendi.</span> <span class='ocrx_word' id='word_1_152' title='bbox 917 1191 963 1213; x_wconf 93' lang='lat' dir='ltr'><strong>III.</strong></span> 
     </span>
     <span class='ocr_line' id='line_1_24' title="bbox 225 1227 965 1268; baseline -0.003 -11"><span class='ocrx_word' id='word_1_153' title='bbox 225 1234 291 1257; x_wconf 85' lang='lat'><strong>919.</strong></span> <span class='ocrx_word' id='word_1_154' title='bbox 310 1239 334 1257; x_wconf 86' lang='lat' dir='ltr'>n.</span> <span class='ocrx_word' id='word_1_155' title='bbox 354 1229 473 1257; x_wconf 79' lang='lat' dir='ltr'>Thomas</span> <span class='ocrx_word' id='word_1_156' title='bbox 484 1239 533 1257; x_wconf 89' lang='lat' dir='ltr'>eur</span> <span class='ocrx_word' id='word_1_157' title='bbox 542 1235 602 1268; x_wconf 89' lang='lat' dir='ltr'>post</span> <span class='ocrx_word' id='word_1_158' title='bbox 616 1235 674 1257; x_wconf 90' lang='lat' dir='ltr'>octo</span> <span class='ocrx_word' id='word_1_159' title='bbox 690 1234 793 1256; x_wconf 86' lang='lat' dir='ltr'>tantum</span> <span class='ocrx_word' id='word_1_160' title='bbox 808 1227 864 1255; x_wconf 87' lang='lat' dir='ltr'>dies</span> <span class='ocrx_word' id='word_1_161' title='bbox 881 1227 965 1255; x_wconf 90' lang='lat' dir='ltr'>Chri-</span> 
     </span>
     <span class='ocr_line' id='line_1_25' title="bbox 224 1271 966 1310; baseline -0.001 -9"><span class='ocrx_word' id='word_1_162' title='bbox 224 1279 296 1301; x_wconf 89' lang='lat' dir='ltr'>stum</span> <span class='ocrx_word' id='word_1_163' title='bbox 312 1272 419 1302; x_wconf 87' lang='lat' dir='ltr'>viderit.</span> <span class='ocrx_word' id='word_1_164' title='bbox 441 1280 510 1301; x_wconf 84' lang='lat' dir='ltr'><strong>VIII.</strong></span> <span class='ocrx_word' id='word_1_165' title='bbox 527 1277 591 1302; x_wconf 82' lang='grc'>592.</span> <span class='ocrx_word' id='word_1_166' title='bbox 610 1272 722 1300; x_wconf 84' lang='lat' dir='ltr'>Thomae</span> <span class='ocrx_word' id='word_1_167' title='bbox 737 1271 892 1310; x_wconf 87' lang='lat' dir='ltr'>sepulerum</span> <span class='ocrx_word' id='word_1_168' title='bbox 914 1282 966 1300; x_wconf 81' lang='lat' dir='ltr'>ma-</span> 
     </span>
     <span class='ocr_line' id='line_1_26' title="bbox 224 1315 965 1355; baseline -0.001 -11"><span class='ocrx_word' id='word_1_169' title='bbox 224 1316 350 1344; x_wconf 84' lang='lat' dir='ltr'>nifestum</span> <span class='ocrx_word' id='word_1_170' title='bbox 373 1323 438 1346; x_wconf 82' lang='lat' dir='ltr'>erat.</span> <span class='ocrx_word' id='word_1_171' title='bbox 466 1323 521 1345; x_wconf 84' lang='lat' dir='ltr'><strong>XII.</strong></span> <span class='ocrx_word' id='word_1_172' title='bbox 549 1321 613 1345; x_wconf 79' lang='lat'><strong>338.</strong></span> <span class='ocrx_word' id='word_1_173' title='bbox 638 1327 662 1344; x_wconf 62' lang='grc' dir='ltr'>ις.</span> <span class='ocrx_word' id='word_1_174' title='bbox 686 1317 803 1344; x_wconf 77' lang='lat' dir='ltr'>leomoe</span> <span class='ocrx_word' id='word_1_175' title='bbox 815 1315 965 1355; x_wconf 75' lang='lat' dir='ltr'>confessio.</span> 
     </span>
     <span class='ocr_line' id='line_1_27' title="bbox 226 1361 966 1398; baseline -0.001 -10"><span class='ocrx_word' id='word_1_176' title='bbox 226 1366 298 1388; x_wconf 87' lang='lat' dir='ltr'><strong>VIII.</strong></span> <span class='ocrx_word' id='word_1_177' title='bbox 315 1365 379 1388; x_wconf 85' lang='grc'>882.</span> <span class='ocrx_word' id='word_1_178' title='bbox 397 1371 422 1389; x_wconf 85' lang='lat' dir='ltr'>c.</span> <span class='ocrx_word' id='word_1_179' title='bbox 445 1361 570 1388; x_wconf 78' lang='lat' dir='ltr'><em>Thomas</em></span> <span class='ocrx_word' id='word_1_180' title='bbox 591 1361 740 1398; x_wconf 80' lang='lat' dir='ltr'>apostolus</span> <span class='ocrx_word' id='word_1_181' title='bbox 763 1362 794 1387; x_wconf 85' lang='lat' dir='ltr'>in</span> <span class='ocrx_word' id='word_1_182' title='bbox 816 1370 966 1398; x_wconf 76' lang='lat' dir='ltr'>magorum</span> 
     </span>
     <span class='ocr_line' id='line_1_28' title="bbox 224 1405 965 1443; baseline 0.001 -11"><span class='ocrx_word' id='word_1_183' title='bbox 224 1406 339 1443; x_wconf 77' lang='lat' dir='ltr'>regione</span> <span class='ocrx_word' id='word_1_184' title='bbox 361 1405 543 1443; x_wconf 77' lang='lat' dir='ltr'>proedt‘cavit.</span> <span class='ocrx_word' id='word_1_185' title='bbox 576 1411 620 1433; x_wconf 74' lang='lat' dir='ltr'>VI.</span> <span class='ocrx_word' id='word_1_186' title='bbox 650 1409 715 1433; x_wconf 80' lang='lat'><strong>759.</strong></span> <span class='ocrx_word' id='word_1_187' title='bbox 748 1415 774 1431; x_wconf 76' lang='grc' dir='ltr'>Α.</span> <span class='ocrx_word' id='word_1_188' title='bbox 814 1405 965 1443; x_wconf 76' lang='lat' dir='ltr'>AEtlziopas</span> 
     </span>
     <span class='ocr_line' id='line_1_29' title="bbox 223 1447 965 1486; baseline -0.001 -10"><span class='ocrx_word' id='word_1_189' title='bbox 223 1449 398 1486; x_wconf 80' lang='lat' dir='ltr'>baptismate</span> <span class='ocrx_word' id='word_1_190' title='bbox 415 1448 571 1476; x_wconf 72' lang='lat' dir='ltr'>dealbavit.</span> <span class='ocrx_word' id='word_1_191' title='bbox 590 1455 658 1476; x_wconf 88' lang='lat' dir='ltr'><strong>VIII.</strong></span> <span class='ocrx_word' id='word_1_192' title='bbox 674 1452 737 1476; x_wconf 80' lang='grc'>622.</span> <span class='ocrx_word' id='word_1_193' title='bbox 756 1458 782 1476; x_wconf 85' lang='lat' dir='ltr'>c.</span> <span class='ocrx_word' id='word_1_194' title='bbox 800 1449 832 1475; x_wconf 83' lang='lat' dir='ltr'>[ll</span> <span class='ocrx_word' id='word_1_195' title='bbox 858 1447 965 1476; x_wconf 80' lang='lat' dir='ltr'>mundo</span> 
     </span>
     <span class='ocr_line' id='line_1_30' title="bbox 225 1492 703 1531; baseline 0 -11"><span class='ocrx_word' id='word_1_196' title='bbox 225 1498 286 1520; x_wconf 83' lang='lat' dir='ltr'>toto</span> <span class='ocrx_word' id='word_1_197' title='bbox 296 1492 418 1520; x_wconf 78' lang='lat' dir='ltr'>celebris</span> <span class='ocrx_word' id='word_1_198' title='bbox 428 1493 498 1531; x_wconf 79' lang='lat' dir='ltr'>fuit.</span> <span class='ocrx_word' id='word_1_199' title='bbox 516 1499 585 1520; x_wconf 77' lang='lat' dir='ltr'><strong>VIII.</strong></span> <span class='ocrx_word' id='word_1_200' title='bbox 600 1497 665 1520; x_wconf 79' lang='grc'>625.</span> <span class='ocrx_word' id='word_1_201' title='bbox 679 1503 703 1519; x_wconf 78' lang='lat'>13.</span> 
     </span>
    </p>

    <p class='ocr_par' dir='ltr' id='par_1_8' title="bbox 223 1535 965 1662">
     <span class='ocr_line' id='line_1_31' title="bbox 265 1535 965 1574; baseline 0 -11"><span class='ocrx_word' id='word_1_202' title='bbox 265 1536 398 1563; x_wconf 70' lang='lat' dir='ltr'>Tur-aens</span> <span class='ocrx_word' id='word_1_203' title='bbox 409 1558 417 1570; x_wconf 83' lang='lat'><em>,</em></span> <span class='ocrx_word' id='word_1_204' title='bbox 437 1536 490 1564; x_wconf 84' lang='lat' dir='ltr'>sera</span> <span class='ocrx_word' id='word_1_205' title='bbox 506 1546 579 1574; x_wconf 80' lang='lat' dir='ltr'>gens.</span> <span class='ocrx_word' id='word_1_206' title='bbox 600 1543 631 1563; x_wconf 90' lang='lat' dir='ltr'>V.</span> <span class='ocrx_word' id='word_1_207' title='bbox 643 1540 689 1564; x_wconf 80' lang='grc'>30.</span> <span class='ocrx_word' id='word_1_208' title='bbox 705 1546 731 1564; x_wconf 87' lang='lat' dir='ltr'>c.</span> <span class='ocrx_word' id='word_1_209' title='bbox 744 1535 777 1564; x_wconf 88' lang='lat' dir='ltr'>ad</span> <span class='ocrx_word' id='word_1_210' title='bbox 788 1535 868 1563; x_wconf 81' lang='lat' dir='ltr'>fidem</span> <span class='ocrx_word' id='word_1_211' title='bbox 878 1546 965 1564; x_wconf 82' lang='lat' dir='ltr'>acces-</span> 
     </span>
     <span class='ocr_line' id='line_1_32' title="bbox 223 1579 965 1618; baseline 0.001 -11"><span class='ocrx_word' id='word_1_212' title='bbox 223 1585 324 1607; x_wconf 80' lang='lat' dir='ltr'>serunt.</span> <span class='ocrx_word' id='word_1_213' title='bbox 349 1586 368 1607; x_wconf 91' lang='lat' dir='ltr'>I.</span> <span class='ocrx_word' id='word_1_214' title='bbox 395 1583 457 1607; x_wconf 75' lang='lat'><strong>692.</strong></span> <span class='ocrx_word' id='word_1_215' title='bbox 478 1590 505 1610; x_wconf 79' lang='lat' dir='ltr'>E,</span> <span class='ocrx_word' id='word_1_216' title='bbox 529 1580 631 1608; x_wconf 89' lang='lat' dir='ltr'>Eorum</span> <span class='ocrx_word' id='word_1_217' title='bbox 659 1579 749 1618; x_wconf 73' lang='lat' dir='ltr'>lingua</span> <span class='ocrx_word' id='word_1_218' title='bbox 786 1579 965 1617; x_wconf 77' lang='lat' dir='ltr'>loquebantur</span> 
     </span>
     <span class='ocr_line' id='line_1_33' title="bbox 225 1622 780 1662; baseline 0.002 -13"><span class='ocrx_word' id='word_1_219' title='bbox 225 1622 339 1661; x_wconf 85' lang='lat' dir='ltr'>apostoli</span> <span class='ocrx_word' id='word_1_220' title='bbox 352 1629 376 1650; x_wconf 87' lang='lat' dir='ltr'>et</span> <span class='ocrx_word' id='word_1_221' title='bbox 391 1622 529 1662; x_wconf 81' lang='lat' dir='ltr'>discipuli.</span> <span class='ocrx_word' id='word_1_222' title='bbox 546 1631 577 1651; x_wconf 91' lang='lat' dir='ltr'>II.</span> <span class='ocrx_word' id='word_1_223' title='bbox 595 1628 659 1652; x_wconf 81' lang='lat'><strong>548.</strong></span> <span class='ocrx_word' id='word_1_224' title='bbox 673 1634 699 1651; x_wconf 89' lang='lat' dir='ltr'>n.</span> <span class='ocrx_word' id='word_1_225' title='bbox 716 1628 780 1652; x_wconf 81' lang='lat'><strong>549.</strong></span> 
     </span>
    </p>

    <p class='ocr_par' dir='ltr' id='par_1_9' title="bbox 225 1667 962 1784">
     <span class='ocr_line' id='line_1_34' title="bbox 262 1667 962 1707; baseline 0 -12"><span class='ocrx_word' id='word_1_226' title='bbox 262 1668 387 1695; x_wconf 46' lang='lat' dir='ltr'>Timici..</span> <span class='ocrx_word' id='word_1_227' title='bbox 404 1674 422 1695; x_wconf 94' lang='lat' dir='ltr'>I.</span> <span class='ocrx_word' id='word_1_228' title='bbox 441 1672 504 1695; x_wconf 75' lang='grc'>559.</span> <span class='ocrx_word' id='word_1_229' title='bbox 519 1678 582 1695; x_wconf 83' lang='lat' dir='ltr'><strong>c.D.</strong></span> <span class='ocrx_word' id='word_1_230' title='bbox 600 1667 842 1706; x_wconf 77' lang='lat' dir='ltr'>deSpiritusancto</span> <span class='ocrx_word' id='word_1_231' title='bbox 854 1668 962 1707; x_wconf 82' lang='lat' dir='ltr'>accepit.</span> 
     </span>
     <span class='ocr_line' id='line_1_35' title="bbox 225 1711 961 1747; baseline 0.004 -10"><span class='ocrx_word' id='word_1_232' title='bbox 225 1718 256 1739; x_wconf 71' lang='lat' dir='ltr'>V.</span> <span class='ocrx_word' id='word_1_233' title='bbox 278 1715 337 1740; x_wconf 72' lang='lat'><strong>195.</strong></span> <span class='ocrx_word' id='word_1_234' title='bbox 352 1722 377 1739; x_wconf 80' lang='lat' dir='ltr'>E.</span> <span class='ocrx_word' id='word_1_235' title='bbox 396 1711 444 1738; x_wconf 82' lang='lat' dir='ltr'>Ab</span> <span class='ocrx_word' id='word_1_236' title='bbox 458 1711 640 1739; x_wconf 71' lang='lat' dir='ltr'>Arianorum</span> <span class='ocrx_word' id='word_1_237' title='bbox 653 1712 813 1747; x_wconf 71' lang='lat' dir='ltr'>tyrannide</span> <span class='ocrx_word' id='word_1_238' title='bbox 826 1711 961 1740; x_wconf 76' lang='lat' dir='ltr'>liberata.</span> 
     </span>
     <span class='ocr_line' id='line_1_36' title="bbox 227 1759 416 1784; baseline 0.005 -3"><span class='ocrx_word' id='word_1_239' title='bbox 227 1759 374 1784; x_wconf 64' lang='lat' dir='ltr'><strong>x‘111.628.</strong></span> <span class='ocrx_word' id='word_1_240' title='bbox 392 1766 416 1782; x_wconf 86' lang='lat' dir='ltr'>n.</span> 
     </span>
    </p>

    <p class='ocr_par' dir='ltr' id='par_1_10' title="bbox 220 1799 962 1926">
     <span class='ocr_line' id='line_1_37' title="bbox 266 1799 962 1839; baseline 0.003 -13"><span class='ocrx_word' id='word_1_241' title='bbox 266 1799 381 1827; x_wconf 72' lang='lat' dir='ltr'>Tnnom</span> <span class='ocrx_word' id='word_1_242' title='bbox 404 1800 557 1839; x_wconf 82' lang='lat' dir='ltr'>incorporea</span> <span class='ocrx_word' id='word_1_243' title='bbox 588 1807 691 1828; x_wconf 85' lang='lat' dir='ltr'>natura.</span> <span class='ocrx_word' id='word_1_244' title='bbox 718 1808 738 1828; x_wconf 75' lang='lat' dir='ltr'>I.</span> <span class='ocrx_word' id='word_1_245' title='bbox 769 1805 832 1829; x_wconf 82' lang='lat'><strong>559.</strong></span> <span class='ocrx_word' id='word_1_246' title='bbox 859 1800 962 1829; x_wconf 90' lang='lat' dir='ltr'>Throni</span> 
     </span>
     <span class='ocr_line' id='line_1_38' title="bbox 220 1843 959 1882; baseline 0.004 -13"><span class='ocrx_word' id='word_1_247' title='bbox 220 1853 301 1881; x_wconf 75' lang='lat' dir='ltr'>super</span> <span class='ocrx_word' id='word_1_248' title='bbox 321 1853 387 1881; x_wconf 81' lang='lat' dir='ltr'>quos</span> <span class='ocrx_word' id='word_1_249' title='bbox 412 1843 541 1871; x_wconf 86' lang='lat' dir='ltr'>sedebunt</span> <span class='ocrx_word' id='word_1_250' title='bbox 575 1843 687 1882; x_wconf 82' lang='lat' dir='ltr'>apostoli</span> <span class='ocrx_word' id='word_1_251' title='bbox 711 1843 777 1881; x_wconf 85' lang='lat' dir='ltr'>quid</span> <span class='ocrx_word' id='word_1_252' title='bbox 797 1844 959 1881; x_wconf 80' lang='lat' dir='ltr'>significent.</span> 
     </span>
     <span class='ocr_line' id='line_1_39' title="bbox 222 1887 899 1926; baseline 0.003 -13"><span class='ocrx_word' id='word_1_253' title='bbox 222 1893 278 1914; x_wconf 72' lang='grc' dir='ltr'>ΠΙ.</span> <span class='ocrx_word' id='word_1_254' title='bbox 291 1891 355 1915; x_wconf 87' lang='grc'>717.</span> <span class='ocrx_word' id='word_1_255' title='bbox 379 1887 506 1915; x_wconf 79' lang='lat' dir='ltr'>Thronus</span> <span class='ocrx_word' id='word_1_256' title='bbox 521 1887 594 1925; x_wconf 79' lang='lat' dir='ltr'>regni</span> <span class='ocrx_word' id='word_1_257' title='bbox 608 1887 725 1926; x_wconf 81' lang='lat' dir='ltr'>signum.</span> <span class='ocrx_word' id='word_1_258' title='bbox 746 1895 775 1915; x_wconf 83' lang='lat' dir='ltr'>V.</span> <span class='ocrx_word' id='word_1_259' title='bbox 793 1892 856 1916; x_wconf 65' lang='lat'><strong>208.</strong></span> <span class='ocrx_word' id='word_1_260' title='bbox 872 1899 899 1915; x_wconf 76' lang='lat' dir='ltr'>n.</span> 
     </span>
    </p>

    <p class='ocr_par' dir='ltr' id='par_1_11' title="bbox 259 1931 739 1969">
     <span class='ocr_line' id='line_1_40' title="bbox 259 1931 739 1969; baseline 0.004 -11"><span class='ocrx_word' id='word_1_261' title='bbox 259 1931 437 1959; x_wconf 72' lang='lat' dir='ltr'>&#39;l&#39;nrcmtms</span> <span class='ocrx_word' id='word_1_262' title='bbox 453 1931 580 1969; x_wconf 82' lang='lat' dir='ltr'>gravitas.</span> <span class='ocrx_word' id='word_1_263' title='bbox 599 1938 620 1959; x_wconf 92' lang='lat' dir='ltr'>I.</span> <span class='ocrx_word' id='word_1_264' title='bbox 634 1937 698 1960; x_wconf 83' lang='lat'><strong>503.</strong></span> <span class='ocrx_word' id='word_1_265' title='bbox 719 1943 739 1960; x_wconf 69' lang='lat' dir='ltr'>I.</span> 
     </span>
    </p>

    <p class='ocr_par' dir='ltr' id='par_1_12' title="bbox 217 1975 960 2135">
     <span class='ocr_line' id='line_1_41' title="bbox 262 1975 960 2015; baseline 0.006 -13"><span class='ocrx_word' id='word_1_266' title='bbox 262 1976 453 2003; x_wconf 60' lang='lat' dir='ltr'>Turmmmrm</span> <span class='ocrx_word' id='word_1_267' title='bbox 474 1975 702 2012; x_wconf 77' lang='lat' dir='ltr'>quemadmodum</span> <span class='ocrx_word' id='word_1_268' title='bbox 717 1984 819 2015; x_wconf 79' lang='lat' dir='ltr'>oportet</span> <span class='ocrx_word' id='word_1_269' title='bbox 832 1978 898 2006; x_wconf 87' lang='lat' dir='ltr'>nihil</span> <span class='ocrx_word' id='word_1_270' title='bbox 912 1978 960 2006; x_wconf 77' lang='lat' dir='ltr'>ha-</span> 
     </span>
     <span class='ocr_line' id='line_1_42' title="bbox 218 2018 958 2060; baseline 0.005 -15"><span class='ocrx_word' id='word_1_271' title='bbox 218 2018 279 2046; x_wconf 70' lang='lat' dir='ltr'>here</span> <span class='ocrx_word' id='word_1_272' title='bbox 291 2018 475 2053; x_wconf 61' lang='lat' dir='ltr'>imunmdxum</span> <span class='ocrx_word' id='word_1_273' title='bbox 491 2018 525 2046; x_wconf 80' lang='lat' dir='ltr'>ita</span> <span class='ocrx_word' id='word_1_274' title='bbox 538 2019 617 2047; x_wconf 83' lang='lat' dir='ltr'>etiam</span> <span class='ocrx_word' id='word_1_275' title='bbox 629 2019 747 2058; x_wconf 82' lang='lat' dir='ltr'>linguam</span> <span class='ocrx_word' id='word_1_276' title='bbox 759 2021 863 2049; x_wconf 87' lang='lat' dir='ltr'>nullum</span> <span class='ocrx_word' id='word_1_277' title='bbox 879 2032 958 2060; x_wconf 87' lang='lat' dir='ltr'>opor-</span> 
     </span>
     <span class='ocr_line' id='line_1_43' title="bbox 218 2062 959 2106; baseline 0.007 -17"><span class='ocrx_word' id='word_1_278' title='bbox 218 2069 252 2089; x_wconf 84' lang='lat' dir='ltr'>tet</span> <span class='ocrx_word' id='word_1_279' title='bbox 264 2062 375 2090; x_wconf 81' lang='lat' dir='ltr'>verbum</span> <span class='ocrx_word' id='word_1_280' title='bbox 387 2063 519 2102; x_wconf 79' lang='lat' dir='ltr'>proferre,</span> <span class='ocrx_word' id='word_1_281' title='bbox 538 2063 609 2100; x_wconf 84' lang='lat' dir='ltr'>quod</span> <span class='ocrx_word' id='word_1_282' title='bbox 625 2064 656 2092; x_wconf 87' lang='lat' dir='ltr'>sit</span> <span class='ocrx_word' id='word_1_283' title='bbox 671 2064 724 2092; x_wconf 87' lang='lat' dir='ltr'>ulla</span> <span class='ocrx_word' id='word_1_284' title='bbox 741 2066 845 2093; x_wconf 80' lang='lat' dir='ltr'>macula</span> <span class='ocrx_word' id='word_1_285' title='bbox 859 2077 959 2106; x_wconf 76' lang='lat' dir='ltr'>resper-</span> 
     </span>
     <span class='ocr_line' id='line_1_44' title="bbox 217 2112 459 2135; baseline 0.004 -2"><span class='ocrx_word' id='word_1_286' title='bbox 217 2117 286 2134; x_wconf 68' lang='lat' dir='ltr'>sntu.</span> <span class='ocrx_word' id='word_1_287' title='bbox 307 2114 336 2135; x_wconf 90' lang='lat' dir='ltr'>V.</span> <span class='ocrx_word' id='word_1_288' title='bbox 357 2112 418 2135; x_wconf 77' lang='lat'><strong>519.</strong></span> <span class='ocrx_word' id='word_1_289' title='bbox 436 2118 459 2135; x_wconf 76' lang='grc' dir='ltr'>Β,</span> 
     </span>
    </p>

    <p class='ocr_par' dir='ltr' id='par_1_13' title="bbox 218 2151 957 2223">
     <span class='ocr_line' id='line_1_45' title="bbox 257 2151 957 2190; baseline 0.009 -13"><span class='ocrx_word' id='word_1_290' title='bbox 257 2153 435 2180; x_wconf 49' lang='lat' dir='ltr'>eumn-trra</span> <span class='ocrx_word' id='word_1_291' title='bbox 475 2151 501 2178; x_wconf 86' lang='lat' dir='ltr'>in</span> <span class='ocrx_word' id='word_1_292' title='bbox 531 2151 648 2179; x_wconf 75' lang='lat' dir='ltr'>Ecclesia</span> <span class='ocrx_word' id='word_1_293' title='bbox 689 2152 864 2190; x_wconf 78' lang='lat' dir='ltr'>ponebantur.</span> <span class='ocrx_word' id='word_1_294' title='bbox 902 2161 957 2183; x_wconf 77' lang='lat' dir='ltr'><strong>VII.</strong></span> 
     </span>
     <span class='ocr_line' id='line_1_46' title="bbox 218 2199 333 2223; baseline 0.009 -1"><span class='ocrx_word' id='word_1_295' title='bbox 218 2199 280 2223; x_wconf 72' lang='lat'><strong>9:33.</strong></span> <span class='ocrx_word' id='word_1_296' title='bbox 306 2206 333 2223; x_wconf 88' lang='lat' dir='ltr'>D.</span> 
     </span>
    </p>

    <p class='ocr_par' dir='ltr' id='par_1_14' title="bbox 257 2239 955 2279">
     <span class='ocr_line' id='line_1_47' title="bbox 257 2239 955 2279; baseline 0.004 -12"><span class='ocrx_word' id='word_1_297' title='bbox 257 2240 384 2267; x_wconf 57' lang='lat' dir='ltr'>Turnat-s</span> <span class='ocrx_word' id='word_1_298' title='bbox 400 2239 424 2266; x_wconf 88' lang='lat' dir='ltr'>in</span> <span class='ocrx_word' id='word_1_299' title='bbox 438 2239 594 2267; x_wconf 81' lang='lat' dir='ltr'>Macedonia</span> <span class='ocrx_word' id='word_1_300' title='bbox 615 2240 766 2279; x_wconf 82' lang='lat' dir='ltr'>episcopus.</span> <span class='ocrx_word' id='word_1_301' title='bbox 784 2248 828 2270; x_wconf 92' lang='lat' dir='ltr'><strong>III.</strong></span> <span class='ocrx_word' id='word_1_302' title='bbox 847 2247 909 2270; x_wconf 64' lang='lat'><strong>8:36.</strong></span> <span class='ocrx_word' id='word_1_303' title='bbox 929 2254 955 2271; x_wconf 75' lang='lat' dir='ltr'>A.</span> 
     </span>
    </p>

    <p class='ocr_par' dir='ltr' id='par_1_15' title="bbox 257 2282 658 2311">
     <span class='ocr_line' id='line_1_48' title="bbox 257 2282 658 2311; baseline 0 -1"><span class='ocrx_word' id='word_1_304' title='bbox 257 2283 345 2310; x_wconf 80' lang='lat' dir='ltr'><strong>TIARI</strong></span> <span class='ocrx_word' id='word_1_305' title='bbox 359 2282 474 2310; x_wconf 76' lang='lat' dir='ltr'>Persica.</span> <span class='ocrx_word' id='word_1_306' title='bbox 492 2290 536 2311; x_wconf 73' lang='grc' dir='ltr'>Π.</span> <span class='ocrx_word' id='word_1_307' title='bbox 556 2288 617 2311; x_wconf 67' lang='lat'><strong>286.</strong></span> <span class='ocrx_word' id='word_1_308' title='bbox 633 2295 658 2310; x_wconf 74' lang='lat' dir='ltr'>A.</span> 
     </span>
    </p>

    <p class='ocr_par' dir='ltr' id='par_1_16' title="bbox 216 2327 955 2586">
     <span class='ocr_line' id='line_1_49' title="bbox 255 2327 953 2368; baseline 0.006 -14"><span class='ocrx_word' id='word_1_309' title='bbox 255 2327 386 2355; x_wconf 72' lang='lat' dir='ltr'>Tinnntrs</span> <span class='ocrx_word' id='word_1_310' title='bbox 408 2327 555 2365; x_wconf 77' lang='lat' dir='ltr'>Imperator</span> <span class='ocrx_word' id='word_1_311' title='bbox 577 2327 723 2355; x_wconf 51' lang='lat' dir='ltr'>Ecclesiam</span> <span class='ocrx_word' id='word_1_312' title='bbox 742 2330 918 2368; x_wconf 72' lang='lat' dir='ltr'>oppugnavit.</span> <span class='ocrx_word' id='word_1_313' title='bbox 933 2337 953 2359; x_wconf 89' lang='lat' dir='ltr'>l.</span> 
     </span>
     <span class='ocr_line' id='line_1_50' title="bbox 216 2370 953 2409; baseline 0.004 -11"><span class='ocrx_word' id='word_1_314' title='bbox 216 2376 280 2399; x_wconf 81' lang='grc'>706.</span> <span class='ocrx_word' id='word_1_315' title='bbox 296 2381 320 2398; x_wconf 86' lang='lat' dir='ltr'>c.</span> <span class='ocrx_word' id='word_1_316' title='bbox 334 2370 372 2398; x_wconf 74' lang='lat' dir='ltr'>Eo</span> <span class='ocrx_word' id='word_1_317' title='bbox 384 2370 530 2409; x_wconf 77' lang='lat' dir='ltr'>imperante</span> <span class='ocrx_word' id='word_1_318' title='bbox 541 2372 664 2400; x_wconf 81' lang='lat' dir='ltr'>Christus</span> <span class='ocrx_word' id='word_1_319' title='bbox 679 2372 824 2400; x_wconf 77' lang='lat' dir='ltr'>crucifixus</span> <span class='ocrx_word' id='word_1_320' title='bbox 842 2379 889 2401; x_wconf 84' lang='lat' dir='ltr'>est.</span> <span class='ocrx_word' id='word_1_321' title='bbox 910 2380 953 2402; x_wconf 87' lang='lat' dir='ltr'><strong>III.</strong></span> 
     </span>
     <span class='ocr_line' id='line_1_51' title="bbox 219 2416 952 2454; baseline 0.005 -12"><span class='ocrx_word' id='word_1_322' title='bbox 219 2421 224 2442; x_wconf 90' lang='grc'>1</span> <span class='ocrx_word' id='word_1_323' title='bbox 239 2420 277 2442; x_wconf 71' lang='lat'><strong>115.</strong></span> <span class='ocrx_word' id='word_1_324' title='bbox 295 2426 319 2442; x_wconf 81' lang='lat' dir='ltr'>c.</span> <span class='ocrx_word' id='word_1_325' title='bbox 338 2416 465 2442; x_wconf 75' lang='lat' dir='ltr'>Tiberius</span> <span class='ocrx_word' id='word_1_326' title='bbox 482 2416 618 2454; x_wconf 74' lang='lat' dir='ltr'>Augusto</span> <span class='ocrx_word' id='word_1_327' title='bbox 640 2417 778 2444; x_wconf 76' lang='lat' dir='ltr'>succedit.</span> <span class='ocrx_word' id='word_1_328' title='bbox 797 2424 828 2445; x_wconf 89' lang='lat' dir='ltr'>II.</span> <span class='ocrx_word' id='word_1_329' title='bbox 848 2422 910 2445; x_wconf 80' lang='grc'>961.</span> <span class='ocrx_word' id='word_1_330' title='bbox 927 2428 952 2446; x_wconf 87' lang='lat' dir='ltr'>c.</span> 
     </span>
     <span class='ocr_line' id='line_1_52' title="bbox 218 2460 954 2498; baseline 0.005 -13"><span class='ocrx_word' id='word_1_331' title='bbox 218 2460 259 2485; x_wconf 70' lang='grc' dir='ltr'>Ιὶο</span> <span class='ocrx_word' id='word_1_332' title='bbox 275 2461 433 2496; x_wconf 67' lang='lat' dir='ltr'>imperante</span> <span class='ocrx_word' id='word_1_333' title='bbox 444 2469 525 2487; x_wconf 76' lang='lat' dir='ltr'>suam</span> <span class='ocrx_word' id='word_1_334' title='bbox 542 2461 620 2498; x_wconf 73' lang='lat' dir='ltr'>apud</span> <span class='ocrx_word' id='word_1_335' title='bbox 635 2461 793 2498; x_wconf 62' lang='lat' dir='ltr'>discipulos</span> <span class='ocrx_word' id='word_1_336' title='bbox 808 2462 954 2489; x_wconf 72' lang='lat' dir='ltr'>divinita—</span> 
     </span>
     <span class='ocr_line' id='line_1_53' title="bbox 216 2503 955 2535; baseline 0.007 -6"><span class='ocrx_word' id='word_1_337' title='bbox 216 2508 302 2530; x_wconf 71' lang='lat' dir='ltr'>tatem</span> <span class='ocrx_word' id='word_1_338' title='bbox 320 2503 482 2531; x_wconf 72' lang='lat' dir='ltr'>declaravit</span> <span class='ocrx_word' id='word_1_339' title='bbox 507 2504 648 2534; x_wconf 72' lang='lat' dir='ltr'>Clu-istus.</span> <span class='ocrx_word' id='word_1_340' title='bbox 677 2512 707 2532; x_wconf 79' lang='lat' dir='ltr'>II.</span> <span class='ocrx_word' id='word_1_341' title='bbox 735 2510 797 2533; x_wconf 80' lang='grc'>962,</span> <span class='ocrx_word' id='word_1_342' title='bbox 826 2507 955 2535; x_wconf 76' lang='lat' dir='ltr'>Tiberius</span> 
     </span>
     <span class='ocr_line' id='line_1_54' title="bbox 219 2546 841 2586; baseline 0.011 -15"><span class='ocrx_word' id='word_1_343' title='bbox 219 2546 380 2573; x_wconf 59' lang='lat' dir='ltr'>Ecclesiam</span> <span class='ocrx_word' id='word_1_344' title='bbox 393 2549 583 2586; x_wconf 69' lang='lat' dir='ltr'>impugnavit.</span> <span class='ocrx_word' id='word_1_345' title='bbox 604 2556 645 2576; x_wconf 87' lang='lat' dir='ltr'><strong>III.</strong></span> <span class='ocrx_word' id='word_1_346' title='bbox 660 2553 723 2577; x_wconf 77' lang='grc'>956.</span> <span class='ocrx_word' id='word_1_347' title='bbox 738 2561 763 2577; x_wconf 72' lang='lat' dir='ltr'>e.</span> <span class='ocrx_word' id='word_1_348' title='bbox 779 2555 841 2578; x_wconf 74' lang='lat'><strong>957.</strong></span> 
     </span>
    </p>

    <p class='ocr_par' dir='ltr' id='par_1_17' title="bbox 248 2590 950 2630">
     <span class='ocr_line' id='line_1_55' title="bbox 248 2590 950 2630; baseline 0.01 -14"><span class='ocrx_word' id='word_1_349' title='bbox 248 2590 395 2618; x_wconf 49' lang='lat' dir='ltr'>&#39;suumn-Es</span> <span class='ocrx_word' id='word_1_350' title='bbox 421 2598 479 2627; x_wconf 59' lang='lat' dir='ltr'>post</span> <span class='ocrx_word' id='word_1_351' title='bbox 502 2592 593 2630; x_wconf 64' lang='lat' dir='ltr'>epulas</span> <span class='ocrx_word' id='word_1_352' title='bbox 616 2593 769 2622; x_wconf 74' lang='lat' dir='ltr'>introducti.</span> <span class='ocrx_word' id='word_1_353' title='bbox 787 2601 830 2622; x_wconf 67' lang='lat' dir='ltr'>IV.</span> <span class='ocrx_word' id='word_1_354' title='bbox 847 2599 910 2623; x_wconf 71' lang='lat'><strong>7925.</strong></span> <span class='ocrx_word' id='word_1_355' title='bbox 928 2606 950 2623; x_wconf 72' lang='grc' dir='ltr'>(ῑ.</span> 
     </span>
    </p>
   </div>
   <div class='ocr_carea' id='block_1_2' title="bbox 868 204 1125 227">
    <p class='ocr_par' dir='ltr' id='par_1_18' title="bbox 868 204 1125 227">
     <span class='ocr_line' id='line_1_56' title="bbox 868 204 1125 227; baseline 0 -2"><span class='ocrx_word' id='word_1_356' title='bbox 868 204 971 227; x_wconf 76' lang='lat' dir='ltr'><strong>INDEX</strong></span> <span class='ocrx_word' id='word_1_357' title='bbox 999 204 1125 226; x_wconf 75' lang='lat' dir='ltr'><strong>RERUM.</strong></span> 
     </span>
    </p>
   </div>
   <div class='ocr_carea' id='block_1_3' title="bbox 1069 263 1758 304">
    <p class='ocr_par' dir='ltr' id='par_1_19' title="bbox 1069 263 1758 304">
     <span class='ocr_line' id='line_1_57' title="bbox 1069 263 1758 304; baseline -0.001 -10"><span class='ocrx_word' id='word_1_358' title='bbox 1069 265 1190 294; x_wconf 64' lang='lat' dir='ltr'>Ticinus</span> <span class='ocrx_word' id='word_1_359' title='bbox 1211 264 1365 304; x_wconf 80' lang='lat' dir='ltr'>presbyter,</span> <span class='ocrx_word' id='word_1_360' title='bbox 1386 263 1695 303; x_wconf 82' lang='lat' dir='ltr'>Chrysostomiamicus.</span> <span class='ocrx_word' id='word_1_361' title='bbox 1715 271 1758 293; x_wconf 92' lang='lat' dir='ltr'><strong>III.</strong></span> 
     </span>
    </p>
   </div>
   <div class='ocr_carea' id='block_1_4' title="bbox 1028 314 1763 381">
    <p class='ocr_par' dir='ltr' id='par_1_20' title="bbox 1028 314 1763 381">
     <span class='ocr_line' id='line_1_58' title="bbox 1028 314 1763 381; baseline 0 -5"><span class='ocrx_word' id='word_1_362' title='bbox 1028 314 1171 376; x_wconf 56' lang='lat' dir='ltr'><strong>UTIMOR</strong></span> <span class='ocrx_word' id='word_1_363' title='bbox 1183 357 1234 376; x_wconf 93' lang='lat' dir='ltr'>non</span> <span class='ocrx_word' id='word_1_364' title='bbox 1249 353 1349 375; x_wconf 79' lang='lat' dir='ltr'>naturae</span> <span class='ocrx_word' id='word_1_365' title='bbox 1360 353 1412 381; x_wconf 65' lang='lat' dir='ltr'>est,</span> <span class='ocrx_word' id='word_1_366' title='bbox 1425 346 1470 375; x_wconf 89' lang='lat' dir='ltr'>sed</span> <span class='ocrx_word' id='word_1_367' title='bbox 1482 347 1638 376; x_wconf 87' lang='lat' dir='ltr'>voluntatis.</span> <span class='ocrx_word' id='word_1_368' title='bbox 1652 355 1684 377; x_wconf 86' lang='lat' dir='ltr'>V.</span> <span class='ocrx_word' id='word_1_369' title='bbox 1701 353 1763 376; x_wconf 79' lang='lat'><strong>112.</strong></span> 
     </span>
    </p>
   </div>
   <div class='ocr_carea' id='block_1_5' title="bbox 1010 391 1764 2629">
    <p class='ocr_par' dir='ltr' id='par_1_21' title="bbox 1020 391 1764 1340">
     <span class='ocr_line' id='line_1_59' title="bbox 1029 391 1764 430; baseline 0 -10"><span class='ocrx_word' id='word_1_370' title='bbox 1029 403 1055 420; x_wconf 65' lang='lat' dir='ltr'>A.</span> <span class='ocrx_word' id='word_1_371' title='bbox 1073 392 1168 420; x_wconf 84' lang='lat' dir='ltr'>Timor</span> <span class='ocrx_word' id='word_1_372' title='bbox 1192 402 1272 430; x_wconf 87' lang='lat' dir='ltr'>quam</span> <span class='ocrx_word' id='word_1_373' title='bbox 1293 391 1466 419; x_wconf 84' lang='lat' dir='ltr'>necessarius.</span> <span class='ocrx_word' id='word_1_374' title='bbox 1489 398 1560 422; x_wconf 85' lang='lat' dir='ltr'><strong>VIII.</strong></span> <span class='ocrx_word' id='word_1_375' title='bbox 1587 396 1649 420; x_wconf 66' lang='grc'>410.</span> <span class='ocrx_word' id='word_1_376' title='bbox 1670 403 1695 419; x_wconf 70' lang='grc' dir='ltr'>Α.</span> <span class='ocrx_word' id='word_1_377' title='bbox 1715 394 1764 421; x_wconf 86' lang='lat' dir='ltr'>Per</span> 
     </span>
     <span class='ocr_line' id='line_1_60' title="bbox 1027 435 1763 474; baseline -0.001 -10"><span class='ocrx_word' id='word_1_378' title='bbox 1027 443 1108 464; x_wconf 84' lang='lat' dir='ltr'>totam</span> <span class='ocrx_word' id='word_1_379' title='bbox 1125 436 1207 463; x_wconf 85' lang='lat' dir='ltr'>vitam</span> <span class='ocrx_word' id='word_1_380' title='bbox 1222 435 1293 464; x_wconf 81' lang='lat' dir='ltr'>adsit</span> <span class='ocrx_word' id='word_1_381' title='bbox 1309 441 1421 474; x_wconf 86' lang='lat' dir='ltr'>oportet.</span> <span class='ocrx_word' id='word_1_382' title='bbox 1451 442 1507 463; x_wconf 79' lang='lat' dir='ltr'><strong>VII.</strong></span> <span class='ocrx_word' id='word_1_383' title='bbox 1529 440 1593 464; x_wconf 79' lang='lat'><strong>613.</strong></span> <span class='ocrx_word' id='word_1_384' title='bbox 1618 446 1641 464; x_wconf 81' lang='lat' dir='ltr'>B.</span> <span class='ocrx_word' id='word_1_385' title='bbox 1667 436 1763 464; x_wconf 82' lang='lat' dir='ltr'>Murus</span> 
     </span>
     <span class='ocr_line' id='line_1_61' title="bbox 1026 478 1762 516; baseline 0.001 -9"><span class='ocrx_word' id='word_1_386' title='bbox 1026 486 1080 515; x_wconf 86' lang='lat' dir='ltr'>cst,</span> <span class='ocrx_word' id='word_1_387' title='bbox 1094 479 1289 508; x_wconf 83' lang='lat' dir='ltr'>munimentum</span> <span class='ocrx_word' id='word_1_388' title='bbox 1302 501 1309 514; x_wconf 90' lang='lat'>‚</span> <span class='ocrx_word' id='word_1_389' title='bbox 1320 478 1402 506; x_wconf 86' lang='lat' dir='ltr'>turris</span> <span class='ocrx_word' id='word_1_390' title='bbox 1412 478 1639 516; x_wconf 80' lang='lat' dir='ltr'>inexpugnabilis.</span> <span class='ocrx_word' id='word_1_391' title='bbox 1653 485 1685 507; x_wconf 92' lang='lat' dir='ltr'>II.</span> <span class='ocrx_word' id='word_1_392' title='bbox 1701 484 1762 508; x_wconf 83' lang='lat'><strong>181.</strong></span> 
     </span>
     <span class='ocr_line' id='line_1_62' title="bbox 1026 523 1759 558; baseline 0.001 -7"><span class='ocrx_word' id='word_1_393' title='bbox 1026 535 1051 551; x_wconf 85' lang='lat' dir='ltr'>B.</span> <span class='ocrx_word' id='word_1_394' title='bbox 1075 523 1182 558; x_wconf 85' lang='lat' dir='ltr'>Quanta</span> <span class='ocrx_word' id='word_1_395' title='bbox 1211 523 1281 551; x_wconf 88' lang='lat' dir='ltr'>bona</span> <span class='ocrx_word' id='word_1_396' title='bbox 1305 523 1447 551; x_wconf 82' lang='lat' dir='ltr'>afferat.1.</span> <span class='ocrx_word' id='word_1_397' title='bbox 1474 528 1537 552; x_wconf 83' lang='lat'><strong>947.</strong></span> <span class='ocrx_word' id='word_1_398' title='bbox 1553 534 1579 551; x_wconf 79' lang='lat' dir='ltr'>r..</span> <span class='ocrx_word' id='word_1_399' title='bbox 1601 535 1626 552; x_wconf 75' lang='grc' dir='ltr'>Α.</span> <span class='ocrx_word' id='word_1_400' title='bbox 1646 530 1680 551; x_wconf 86' lang='lat' dir='ltr'>II.</span> <span class='ocrx_word' id='word_1_401' title='bbox 1698 529 1759 553; x_wconf 89' lang='lat'><strong>179.</strong></span> 
     </span>
     <span class='ocr_line' id='line_1_63' title="bbox 1026 565 1762 605; baseline 0 -11"><span class='ocrx_word' id='word_1_402' title='bbox 1026 567 1160 595; x_wconf 85' lang='lat' dir='ltr'>Omnibus</span> <span class='ocrx_word' id='word_1_403' title='bbox 1177 566 1291 605; x_wconf 79' lang='lat' dir='ltr'>peccatis</span> <span class='ocrx_word' id='word_1_404' title='bbox 1303 565 1411 593; x_wconf 84' lang='lat' dir='ltr'>uberior</span> <span class='ocrx_word' id='word_1_405' title='bbox 1434 566 1574 594; x_wconf 78' lang='lat' dir='ltr'>thesaurus</span> <span class='ocrx_word' id='word_1_406' title='bbox 1595 573 1642 596; x_wconf 91' lang='lat' dir='ltr'>est.</span> <span class='ocrx_word' id='word_1_407' title='bbox 1661 574 1680 594; x_wconf 90' lang='lat' dir='ltr'>I.</span> <span class='ocrx_word' id='word_1_408' title='bbox 1698 571 1762 595; x_wconf 79' lang='lat'><strong>858.</strong></span> 
     </span>
     <span class='ocr_line' id='line_1_64' title="bbox 1025 609 1764 648; baseline -0.001 -9"><span class='ocrx_word' id='word_1_409' title='bbox 1025 622 1051 639; x_wconf 82' lang='lat' dir='ltr'>E.</span> <span class='ocrx_word' id='word_1_410' title='bbox 1066 612 1162 639; x_wconf 89' lang='lat' dir='ltr'>Timor</span> <span class='ocrx_word' id='word_1_411' title='bbox 1176 611 1225 638; x_wconf 66' lang='lat' dir='ltr'>Dei</span> <span class='ocrx_word' id='word_1_412' title='bbox 1241 620 1319 638; x_wconf 88' lang='lat' dir='ltr'>omne</span> <span class='ocrx_word' id='word_1_413' title='bbox 1334 609 1434 637; x_wconf 76' lang='lat' dir='ltr'>malum</span> <span class='ocrx_word' id='word_1_414' title='bbox 1447 610 1604 648; x_wconf 79' lang='lat' dir='ltr'>exstinguit.</span> <span class='ocrx_word' id='word_1_415' title='bbox 1622 615 1764 640; x_wconf 70' lang='lat' dir='ltr'><strong>v.431.1-:.</strong></span> 
     </span>
     <span class='ocr_line' id='line_1_65' title="bbox 1025 653 1762 693; baseline 0 -11"><span class='ocrx_word' id='word_1_416' title='bbox 1025 655 1067 682; x_wconf 84' lang='lat' dir='ltr'>Ad</span> <span class='ocrx_word' id='word_1_417' title='bbox 1084 654 1266 693; x_wconf 83' lang='lat' dir='ltr'>poenitentiam</span> <span class='ocrx_word' id='word_1_418' title='bbox 1281 653 1391 681; x_wconf 82' lang='lat' dir='ltr'>adducit</span> <span class='ocrx_word' id='word_1_419' title='bbox 1405 660 1430 681; x_wconf 88' lang='lat' dir='ltr'>et</span> <span class='ocrx_word' id='word_1_420' title='bbox 1446 653 1569 692; x_wconf 83' lang='lat' dir='ltr'>impellit.</span> <span class='ocrx_word' id='word_1_421' title='bbox 1587 661 1645 682; x_wconf 76' lang='lat' dir='ltr'><strong>VII.</strong></span> <span class='ocrx_word' id='word_1_422' title='bbox 1658 659 1721 682; x_wconf 87' lang='lat'><strong>176.</strong></span> <span class='ocrx_word' id='word_1_423' title='bbox 1737 665 1762 682; x_wconf 76' lang='lat' dir='ltr'>E.</span> 
     </span>
     <span class='ocr_line' id='line_1_66' title="bbox 1024 698 1764 736; baseline 0 -10"><span class='ocrx_word' id='word_1_424' title='bbox 1024 699 1083 726; x_wconf 89' lang='lat' dir='ltr'>Non</span> <span class='ocrx_word' id='word_1_425' title='bbox 1100 705 1201 726; x_wconf 86' lang='lat' dir='ltr'>tantum</span> <span class='ocrx_word' id='word_1_426' title='bbox 1213 698 1317 725; x_wconf 78' lang='lat' dir='ltr'>efficere</span> <span class='ocrx_word' id='word_1_427' title='bbox 1332 703 1417 736; x_wconf 87' lang='lat' dir='ltr'>potest</span> <span class='ocrx_word' id='word_1_428' title='bbox 1432 707 1532 732; x_wconf 87' lang='lat' dir='ltr'>sermo,</span> <span class='ocrx_word' id='word_1_429' title='bbox 1544 704 1673 735; x_wconf 87' lang='lat' dir='ltr'>quantum</span> <span class='ocrx_word' id='word_1_430' title='bbox 1684 698 1764 726; x_wconf 89' lang='lat' dir='ltr'>timor</span> 
     </span>
     <span class='ocr_line' id='line_1_67' title="bbox 1023 741 1763 782; baseline -0.001 -11"><span class='ocrx_word' id='word_1_431' title='bbox 1023 749 1158 782; x_wconf 80' lang='lat' dir='ltr'>operatur.</span> <span class='ocrx_word' id='word_1_432' title='bbox 1179 747 1290 770; x_wconf 77' lang='lat' dir='ltr'><strong>II.178.</strong></span> <span class='ocrx_word' id='word_1_433' title='bbox 1309 752 1333 770; x_wconf 78' lang='grc' dir='ltr'>Ε.</span> <span class='ocrx_word' id='word_1_434' title='bbox 1350 741 1476 769; x_wconf 85' lang='lat' dir='ltr'>Instantis</span> <span class='ocrx_word' id='word_1_435' title='bbox 1499 741 1657 770; x_wconf 79' lang='lat' dir='ltr'>calamitatis</span> <span class='ocrx_word' id='word_1_436' title='bbox 1683 742 1763 770; x_wconf 90' lang='lat' dir='ltr'>timor</span> 
     </span>
     <span class='ocr_line' id='line_1_68' title="bbox 1022 784 1761 826; baseline 0.001 -13"><span class='ocrx_word' id='word_1_437' title='bbox 1022 797 1072 826; x_wconf 82' lang='lat' dir='ltr'>pro</span> <span class='ocrx_word' id='word_1_438' title='bbox 1088 785 1160 814; x_wconf 90' lang='lat' dir='ltr'>omni</span> <span class='ocrx_word' id='word_1_439' title='bbox 1174 785 1355 813; x_wconf 82' lang='lat' dir='ltr'>admonitione</span> <span class='ocrx_word' id='word_1_440' title='bbox 1367 791 1391 812; x_wconf 88' lang='lat' dir='ltr'>et</span> <span class='ocrx_word' id='word_1_441' title='bbox 1402 784 1513 813; x_wconf 84' lang='lat' dir='ltr'>consilio</span> <span class='ocrx_word' id='word_1_442' title='bbox 1529 793 1684 814; x_wconf 84' lang='lat' dir='ltr'>cunctorum</span> <span class='ocrx_word' id='word_1_443' title='bbox 1700 786 1761 814; x_wconf 88' lang='lat' dir='ltr'>ani-</span> 
     </span>
     <span class='ocr_line' id='line_1_69' title="bbox 1022 829 1763 858; baseline 0 0"><span class='ocrx_word' id='word_1_444' title='bbox 1022 841 1078 858; x_wconf 87' lang='lat' dir='ltr'>mas</span> <span class='ocrx_word' id='word_1_445' title='bbox 1093 829 1226 858; x_wconf 84' lang='lat' dir='ltr'>moderari</span> <span class='ocrx_word' id='word_1_446' title='bbox 1246 829 1326 858; x_wconf 86' lang='lat' dir='ltr'>valet.</span> <span class='ocrx_word' id='word_1_447' title='bbox 1342 830 1386 857; x_wconf 79' lang='lat' dir='ltr'>lh.</span> <span class='ocrx_word' id='word_1_448' title='bbox 1403 829 1500 857; x_wconf 89' lang='lat' dir='ltr'>Timor</span> <span class='ocrx_word' id='word_1_449' title='bbox 1519 830 1679 858; x_wconf 78' lang='lat' dir='ltr'>calamitatis</span> <span class='ocrx_word' id='word_1_450' title='bbox 1704 833 1763 858; x_wconf 89' lang='lat' dir='ltr'>An-</span> 
     </span>
     <span class='ocr_line' id='line_1_70' title="bbox 1022 872 1763 912; baseline 0.001 -11"><span class='ocrx_word' id='word_1_451' title='bbox 1022 873 1163 902; x_wconf 88' lang='lat' dir='ltr'>tiochenis.</span> <span class='ocrx_word' id='word_1_452' title='bbox 1177 880 1223 901; x_wconf 81' lang='lat' dir='ltr'>XI.</span> <span class='ocrx_word' id='word_1_453' title='bbox 1239 877 1283 901; x_wconf 85' lang='lat'>91.</span> <span class='ocrx_word' id='word_1_454' title='bbox 1299 883 1327 901; x_wconf 84' lang='lat' dir='ltr'>n.</span> <span class='ocrx_word' id='word_1_455' title='bbox 1342 872 1439 900; x_wconf 89' lang='lat' dir='ltr'>Timor</span> <span class='ocrx_word' id='word_1_456' title='bbox 1449 872 1575 910; x_wconf 85' lang='lat' dir='ltr'>gehennae</span> <span class='ocrx_word' id='word_1_457' title='bbox 1588 874 1664 912; x_wconf 83' lang='lat' dir='ltr'>regni</span> <span class='ocrx_word' id='word_1_458' title='bbox 1687 884 1763 902; x_wconf 88' lang='lat' dir='ltr'>coro-</span> 
     </span>
     <span class='ocr_line' id='line_1_71' title="bbox 1022 917 1763 956; baseline 0.001 -11"><span class='ocrx_word' id='word_1_459' title='bbox 1022 928 1083 945; x_wconf 86' lang='lat' dir='ltr'>nam</span> <span class='ocrx_word' id='word_1_460' title='bbox 1098 917 1182 945; x_wconf 85' lang='lat' dir='ltr'>aft&#39;ert.</span> <span class='ocrx_word' id='word_1_461' title='bbox 1196 923 1228 945; x_wconf 86' lang='lat' dir='ltr'>V.</span> <span class='ocrx_word' id='word_1_462' title='bbox 1246 922 1310 946; x_wconf 83' lang='grc'>179.</span> <span class='ocrx_word' id='word_1_463' title='bbox 1327 927 1350 943; x_wconf 72' lang='grc' dir='ltr'>Β,</span> <span class='ocrx_word' id='word_1_464' title='bbox 1370 917 1484 945; x_wconf 86' lang='lat' dir='ltr'>Timore</span> <span class='ocrx_word' id='word_1_465' title='bbox 1503 917 1588 955; x_wconf 84' lang='lat' dir='ltr'>magis</span> <span class='ocrx_word' id='word_1_466' title='bbox 1600 917 1763 956; x_wconf 83' lang='lat' dir='ltr'>castigantur</span> 
     </span>
     <span class='ocr_line' id='line_1_72' title="bbox 1021 960 1759 998; baseline 0.001 -9"><span class='ocrx_word' id='word_1_467' title='bbox 1021 961 1157 994; x_wconf 84' lang='lat' dir='ltr'>homines,</span> <span class='ocrx_word' id='word_1_468' title='bbox 1172 970 1253 998; x_wconf 86' lang='lat' dir='ltr'>quam</span> <span class='ocrx_word' id='word_1_469' title='bbox 1269 960 1406 988; x_wconf 86' lang='lat' dir='ltr'>beneficiis</span> <span class='ocrx_word' id='word_1_470' title='bbox 1418 960 1586 989; x_wconf 88' lang='lat' dir='ltr'>alliciuntur.</span> <span class='ocrx_word' id='word_1_471' title='bbox 1609 969 1653 990; x_wconf 88' lang='lat' dir='ltr'>IX.</span> <span class='ocrx_word' id='word_1_472' title='bbox 1668 967 1713 990; x_wconf 87' lang='grc'>61.</span> <span class='ocrx_word' id='word_1_473' title='bbox 1733 973 1759 990; x_wconf 79' lang='grc' dir='ltr'>Ε.</span> 
     </span>
     <span class='ocr_line' id='line_1_73' title="bbox 1021 1004 1761 1043; baseline 0.004 -11"><span class='ocrx_word' id='word_1_474' title='bbox 1021 1005 1115 1033; x_wconf 82' lang='lat' dir='ltr'>Timor</span> <span class='ocrx_word' id='word_1_475' title='bbox 1127 1004 1191 1039; x_wconf 84' lang='lat' dir='ltr'>Dei⁷</span> <span class='ocrx_word' id='word_1_476' title='bbox 1207 1014 1310 1032; x_wconf 85' lang='lat' dir='ltr'>summa</span> <span class='ocrx_word' id='word_1_477' title='bbox 1331 1004 1468 1043; x_wconf 85' lang='lat' dir='ltr'>sapientia.</span> <span class='ocrx_word' id='word_1_478' title='bbox 1491 1011 1560 1033; x_wconf 71' lang='lat' dir='ltr'><strong>VIII.</strong></span> <span class='ocrx_word' id='word_1_479' title='bbox 1580 1009 1644 1034; x_wconf 75' lang='lat'><strong>284.</strong></span> <span class='ocrx_word' id='word_1_480' title='bbox 1667 1016 1695 1034; x_wconf 71' lang='lat' dir='ltr'>A.</span> <span class='ocrx_word' id='word_1_481' title='bbox 1720 1007 1761 1035; x_wconf 73' lang='lat' dir='ltr'>Ad</span> 
     </span>
     <span class='ocr_line' id='line_1_74' title="bbox 1021 1047 1761 1079; baseline 0.001 -2"><span class='ocrx_word' id='word_1_482' title='bbox 1021 1059 1127 1077; x_wconf 88' lang='lat' dir='ltr'>omnem</span> <span class='ocrx_word' id='word_1_483' title='bbox 1142 1059 1190 1076; x_wconf 89' lang='lat' dir='ltr'>nos</span> <span class='ocrx_word' id='word_1_484' title='bbox 1201 1048 1329 1076; x_wconf 85' lang='lat' dir='ltr'>virtutem</span> <span class='ocrx_word' id='word_1_485' title='bbox 1344 1047 1463 1076; x_wconf 72' lang='lat' dir='ltr'>deducit.</span> <span class='ocrx_word' id='word_1_486' title='bbox 1493 1055 1526 1079; x_wconf 88' lang='lat' dir='ltr'>II.</span> <span class='ocrx_word' id='word_1_487' title='bbox 1554 1054 1618 1077; x_wconf 88' lang='lat'><strong>181.</strong></span> <span class='ocrx_word' id='word_1_488' title='bbox 1635 1060 1658 1078; x_wconf 75' lang='grc' dir='ltr'>Β.</span> <span class='ocrx_word' id='word_1_489' title='bbox 1685 1050 1761 1078; x_wconf 77' lang='lat' dir='ltr'>Nulli</span> 
     </span>
     <span class='ocr_line' id='line_1_75' title="bbox 1022 1092 1761 1131; baseline 0.003 -11"><span class='ocrx_word' id='word_1_490' title='bbox 1022 1093 1059 1120; x_wconf 90' lang='lat' dir='ltr'>rei</span> <span class='ocrx_word' id='word_1_491' title='bbox 1074 1092 1222 1131; x_wconf 87' lang='lat' dir='ltr'>comparari</span> <span class='ocrx_word' id='word_1_492' title='bbox 1239 1099 1333 1131; x_wconf 86' lang='lat' dir='ltr'>potest.</span> <span class='ocrx_word' id='word_1_493' title='bbox 1352 1099 1398 1121; x_wconf 82' lang='lat' dir='ltr'>XI.</span> <span class='ocrx_word' id='word_1_494' title='bbox 1416 1097 1478 1121; x_wconf 80' lang='grc'>251.</span> <span class='ocrx_word' id='word_1_495' title='bbox 1500 1103 1527 1122; x_wconf 87' lang='lat' dir='ltr'>D.</span> <span class='ocrx_word' id='word_1_496' title='bbox 1544 1093 1655 1122; x_wconf 87' lang='lat' dir='ltr'>Timens</span> <span class='ocrx_word' id='word_1_497' title='bbox 1675 1094 1761 1122; x_wconf 90' lang='lat' dir='ltr'>Deum</span> 
     </span>
     <span class='ocr_line' id='line_1_76' title="bbox 1020 1136 1758 1177; baseline 0.005 -14"><span class='ocrx_word' id='word_1_498' title='bbox 1020 1136 1085 1164; x_wconf 73' lang='lat' dir='ltr'>felix</span> <span class='ocrx_word' id='word_1_499' title='bbox 1096 1143 1144 1164; x_wconf 86' lang='lat' dir='ltr'>est.</span> <span class='ocrx_word' id='word_1_500' title='bbox 1160 1143 1192 1164; x_wconf 82' lang='lat' dir='ltr'>V.</span> <span class='ocrx_word' id='word_1_501' title='bbox 1209 1140 1272 1164; x_wconf 82' lang='lat'><strong>430.</strong></span> <span class='ocrx_word' id='word_1_502' title='bbox 1287 1147 1313 1164; x_wconf 78' lang='lat' dir='ltr'>A.</span> <span class='ocrx_word' id='word_1_503' title='bbox 1331 1136 1427 1164; x_wconf 89' lang='lat' dir='ltr'>Timor</span> <span class='ocrx_word' id='word_1_504' title='bbox 1442 1137 1491 1164; x_wconf 90' lang='lat' dir='ltr'>Dei</span> <span class='ocrx_word' id='word_1_505' title='bbox 1502 1147 1582 1174; x_wconf 88' lang='lat' dir='ltr'>quam</span> <span class='ocrx_word' id='word_1_506' title='bbox 1599 1138 1758 1177; x_wconf 84' lang='lat' dir='ltr'>negligatur.</span> 
     </span>
     <span class='ocr_line' id='line_1_77' title="bbox 1022 1179 1758 1211; baseline 0.004 -3"><span class='ocrx_word' id='word_1_507' title='bbox 1022 1187 1067 1208; x_wconf 80' lang='lat' dir='ltr'>XI.</span> <span class='ocrx_word' id='word_1_508' title='bbox 1086 1184 1150 1207; x_wconf 88' lang='lat'><strong>694.</strong></span> <span class='ocrx_word' id='word_1_509' title='bbox 1172 1190 1199 1209; x_wconf 79' lang='lat' dir='ltr'>A.</span> <span class='ocrx_word' id='word_1_510' title='bbox 1224 1179 1304 1207; x_wconf 86' lang='lat' dir='ltr'>Solus</span> <span class='ocrx_word' id='word_1_511' title='bbox 1330 1179 1364 1207; x_wconf 86' lang='lat' dir='ltr'>ad</span> <span class='ocrx_word' id='word_1_512' title='bbox 1390 1179 1502 1208; x_wconf 83' lang='lat' dir='ltr'>satutem</span> <span class='ocrx_word' id='word_1_513' title='bbox 1527 1190 1580 1208; x_wconf 85' lang='lat' dir='ltr'>non</span> <span class='ocrx_word' id='word_1_514' title='bbox 1598 1182 1707 1210; x_wconf 84' lang='lat' dir='ltr'>sufficit.</span> <span class='ocrx_word' id='word_1_515' title='bbox 1725 1189 1758 1211; x_wconf 89' lang='lat' dir='ltr'>V.</span> 
     </span>
     <span class='ocr_line' id='line_1_78' title="bbox 1020 1221 1758 1263; baseline 0.007 -13"><span class='ocrx_word' id='word_1_516' title='bbox 1020 1227 1085 1252; x_wconf 77' lang='lat'><strong>331.</strong></span> <span class='ocrx_word' id='word_1_517' title='bbox 1099 1234 1114 1250; x_wconf 83' lang='lat' dir='ltr'>B</span> <span class='ocrx_word' id='word_1_518' title='bbox 1138 1227 1202 1252; x_wconf 81' lang='lat'><strong>332.</strong></span> <span class='ocrx_word' id='word_1_519' title='bbox 1222 1222 1318 1251; x_wconf 86' lang='lat' dir='ltr'>Timor</span> <span class='ocrx_word' id='word_1_520' title='bbox 1333 1233 1384 1251; x_wconf 90' lang='lat' dir='ltr'>non</span> <span class='ocrx_word' id='word_1_521' title='bbox 1395 1221 1518 1251; x_wconf 86' lang='lat' dir='ltr'>diuturni</span> <span class='ocrx_word' id='word_1_522' title='bbox 1529 1224 1655 1263; x_wconf 84' lang='lat' dir='ltr'>magister</span> <span class='ocrx_word' id='word_1_523' title='bbox 1665 1225 1758 1255; x_wconf 67' lang='lat' dir='ltr'>officii.</span> 
     </span>
     <span class='ocr_line' id='line_1_79' title="bbox 1020 1266 1758 1299; baseline 0.005 -4"><span class='ocrx_word' id='word_1_524' title='bbox 1020 1274 1078 1295; x_wconf 91' lang='lat' dir='ltr'><strong>VII.</strong></span> <span class='ocrx_word' id='word_1_525' title='bbox 1095 1272 1158 1296; x_wconf 88' lang='lat'><strong>391.</strong></span> <span class='ocrx_word' id='word_1_526' title='bbox 1185 1278 1210 1294; x_wconf 82' lang='lat' dir='ltr'>B.</span> <span class='ocrx_word' id='word_1_527' title='bbox 1234 1266 1304 1295; x_wconf 90' lang='lat' dir='ltr'>Eum</span> <span class='ocrx_word' id='word_1_528' title='bbox 1326 1266 1490 1295; x_wconf 88' lang='lat' dir='ltr'>consuetudo</span> <span class='ocrx_word' id='word_1_529' title='bbox 1508 1268 1586 1297; x_wconf 87' lang='lat' dir='ltr'>facile</span> <span class='ocrx_word' id='word_1_530' title='bbox 1605 1269 1701 1299; x_wconf 84' lang='lat' dir='ltr'>vincit.</span> <span class='ocrx_word' id='word_1_531' title='bbox 1725 1277 1758 1299; x_wconf 87' lang='lat' dir='ltr'>II.</span> 
     </span>
     <span class='ocr_line' id='line_1_80' title="bbox 1021 1316 1137 1340; baseline 0.009 -1"><span class='ocrx_word' id='word_1_532' title='bbox 1021 1316 1085 1340; x_wconf 84' lang='lat'><strong>176.</strong></span> <span class='ocrx_word' id='word_1_533' title='bbox 1112 1323 1137 1340; x_wconf 74' lang='grc' dir='ltr'>Α,</span> 
     </span>
    </p>

    <p class='ocr_par' dir='ltr' id='par_1_22' title="bbox 1019 1355 1762 1482">
     <span class='ocr_line' id='line_1_81' title="bbox 1059 1355 1762 1394; baseline 0.003 -11"><span class='ocrx_word' id='word_1_534' title='bbox 1059 1355 1156 1384; x_wconf 90' lang='lat' dir='ltr'>Timor</span> <span class='ocrx_word' id='word_1_535' title='bbox 1171 1355 1377 1394; x_wconf 83' lang='lat' dir='ltr'>magistratuum</span> <span class='ocrx_word' id='word_1_536' title='bbox 1391 1356 1477 1384; x_wconf 89' lang='lat' dir='ltr'>utilis.</span> <span class='ocrx_word' id='word_1_537' title='bbox 1500 1363 1533 1385; x_wconf 88' lang='lat' dir='ltr'>II.</span> <span class='ocrx_word' id='word_1_538' title='bbox 1557 1361 1603 1386; x_wconf 79' lang='lat'>86.</span> <span class='ocrx_word' id='word_1_539' title='bbox 1624 1367 1650 1384; x_wconf 87' lang='lat' dir='ltr'>c.</span> <span class='ocrx_word' id='word_1_540' title='bbox 1665 1357 1762 1385; x_wconf 90' lang='lat' dir='ltr'>Timor</span> 
     </span>
     <span class='ocr_line' id='line_1_82' title="bbox 1020 1399 1761 1438; baseline 0.004 -12"><span class='ocrx_word' id='word_1_541' title='bbox 1020 1399 1183 1438; x_wconf 83' lang='lat' dir='ltr'>paupertatis</span> <span class='ocrx_word' id='word_1_542' title='bbox 1193 1410 1274 1437; x_wconf 84' lang='lat' dir='ltr'>quam</span> <span class='ocrx_word' id='word_1_543' title='bbox 1285 1399 1381 1428; x_wconf 87' lang='lat' dir='ltr'>futilis.</span> <span class='ocrx_word' id='word_1_544' title='bbox 1397 1407 1443 1429; x_wconf 89' lang='lat' dir='ltr'>XI.</span> <span class='ocrx_word' id='word_1_545' title='bbox 1456 1405 1520 1429; x_wconf 71' lang='grc'>242.</span> <span class='ocrx_word' id='word_1_546' title='bbox 1536 1400 1632 1429; x_wconf 84' lang='lat' dir='ltr'>Timor</span> <span class='ocrx_word' id='word_1_547' title='bbox 1647 1401 1680 1429; x_wconf 90' lang='lat' dir='ltr'>sit</span> <span class='ocrx_word' id='word_1_548' title='bbox 1697 1401 1761 1430; x_wconf 89' lang='lat' dir='ltr'>nul-</span> 
     </span>
     <span class='ocr_line' id='line_1_83' title="bbox 1019 1443 1757 1482; baseline 0.004 -11"><span class='ocrx_word' id='word_1_549' title='bbox 1019 1443 1061 1471; x_wconf 86' lang='lat' dir='ltr'>lus</span> <span class='ocrx_word' id='word_1_550' title='bbox 1081 1454 1115 1471; x_wconf 84' lang='lat' dir='ltr'>ex</span> <span class='ocrx_word' id='word_1_551' title='bbox 1141 1444 1173 1472; x_wconf 87' lang='lat' dir='ltr'>iis</span> <span class='ocrx_word' id='word_1_552' title='bbox 1201 1454 1258 1482; x_wconf 79' lang='lat' dir='ltr'>quae</span> <span class='ocrx_word' id='word_1_553' title='bbox 1277 1454 1291 1471; x_wconf 88' lang='lat' dir='ltr'>a</span> <span class='ocrx_word' id='word_1_554' title='bbox 1309 1450 1404 1472; x_wconf 89' lang='lat' dir='ltr'>natura</span> <span class='ocrx_word' id='word_1_555' title='bbox 1428 1444 1587 1474; x_wconf 82' lang='lat' dir='ltr'>inseruntur.</span> <span class='ocrx_word' id='word_1_556' title='bbox 1610 1452 1642 1474; x_wconf 87' lang='lat' dir='ltr'>It.</span> <span class='ocrx_word' id='word_1_557' title='bbox 1665 1449 1711 1473; x_wconf 78' lang='lat'>92.</span> <span class='ocrx_word' id='word_1_558' title='bbox 1731 1456 1757 1475; x_wconf 74' lang='grc' dir='ltr'>Α.</span> 
     </span>
    </p>

    <p class='ocr_par' dir='ltr' id='par_1_23' title="bbox 1012 1487 1762 2318">
     <span class='ocr_line' id='line_1_84' title="bbox 1059 1487 1762 1526; baseline 0.003 -11"><span class='ocrx_word' id='word_1_559' title='bbox 1059 1488 1227 1517; x_wconf 69' lang='lat' dir='ltr'>Timornnus</span> <span class='ocrx_word' id='word_1_560' title='bbox 1239 1487 1374 1526; x_wconf 87' lang='lat' dir='ltr'>quomodo</span> <span class='ocrx_word' id='word_1_561' title='bbox 1384 1488 1462 1516; x_wconf 89' lang='lat' dir='ltr'>Pauli</span> <span class='ocrx_word' id='word_1_562' title='bbox 1474 1488 1560 1516; x_wconf 85' lang='lat' dir='ltr'>filius.</span> <span class='ocrx_word' id='word_1_563' title='bbox 1576 1496 1607 1517; x_wconf 92' lang='lat' dir='ltr'>II.</span> <span class='ocrx_word' id='word_1_564' title='bbox 1625 1493 1651 1517; x_wconf 85' lang='lat'>5.</span> <span class='ocrx_word' id='word_1_565' title='bbox 1668 1490 1762 1517; x_wconf 78' lang='lat' dir='ltr'>A.Cur</span> 
     </span>
     <span class='ocr_line' id='line_1_85' title="bbox 1019 1531 1760 1560; baseline 0.001 -1"><span class='ocrx_word' id='word_1_566' title='bbox 1019 1531 1192 1559; x_wconf 80' lang='lat' dir='ltr'>circumcisus</span> <span class='ocrx_word' id='word_1_567' title='bbox 1206 1531 1256 1559; x_wconf 86' lang='lat' dir='ltr'>fuit</span> <span class='ocrx_word' id='word_1_568' title='bbox 1271 1542 1284 1559; x_wconf 88' lang='lat' dir='ltr'>a</span> <span class='ocrx_word' id='word_1_569' title='bbox 1301 1531 1397 1560; x_wconf 90' lang='lat' dir='ltr'>Paulo.</span> <span class='ocrx_word' id='word_1_570' title='bbox 1414 1539 1459 1560; x_wconf 87' lang='lat' dir='ltr'>Ix.</span> <span class='ocrx_word' id='word_1_571' title='bbox 1475 1536 1539 1560; x_wconf 86' lang='grc'>291.</span> <span class='ocrx_word' id='word_1_572' title='bbox 1557 1543 1582 1560; x_wconf 76' lang='grc' dir='ltr'>Β.</span> <span class='ocrx_word' id='word_1_573' title='bbox 1599 1531 1686 1560; x_wconf 88' lang='lat' dir='ltr'>Multa</span> <span class='ocrx_word' id='word_1_574' title='bbox 1702 1538 1760 1560; x_wconf 87' lang='lat' dir='ltr'>ter-</span> 
     </span>
     <span class='ocr_line' id='line_1_86' title="bbox 1019 1575 1756 1614; baseline 0.004 -12"><span class='ocrx_word' id='word_1_575' title='bbox 1019 1585 1108 1603; x_wconf 87' lang='lat' dir='ltr'>rarum</span> <span class='ocrx_word' id='word_1_576' title='bbox 1124 1575 1208 1614; x_wconf 84' lang='lat' dir='ltr'>spatia</span> <span class='ocrx_word' id='word_1_577' title='bbox 1224 1585 1272 1614; x_wconf 84' lang='lat' dir='ltr'>pro</span> <span class='ocrx_word' id='word_1_578' title='bbox 1296 1575 1404 1603; x_wconf 88' lang='lat' dir='ltr'>Christo</span> <span class='ocrx_word' id='word_1_579' title='bbox 1423 1585 1544 1603; x_wconf 85' lang='lat' dir='ltr'>emensus</span> <span class='ocrx_word' id='word_1_580' title='bbox 1565 1582 1612 1604; x_wconf 86' lang='lat' dir='ltr'>est.</span> <span class='ocrx_word' id='word_1_581' title='bbox 1635 1583 1668 1605; x_wconf 90' lang='lat' dir='ltr'>II.</span> <span class='ocrx_word' id='word_1_582' title='bbox 1685 1581 1713 1605; x_wconf 87' lang='lat'>7.</span> <span class='ocrx_word' id='word_1_583' title='bbox 1729 1587 1756 1605; x_wconf 89' lang='lat' dir='ltr'>e.</span> 
     </span>
     <span class='ocr_line' id='line_1_87' title="bbox 1019 1619 1758 1650; baseline 0.003 -4"><span class='ocrx_word' id='word_1_584' title='bbox 1019 1619 1059 1647; x_wconf 84' lang='lat' dir='ltr'>Ad</span> <span class='ocrx_word' id='word_1_585' title='bbox 1074 1619 1229 1648; x_wconf 88' lang='lat' dir='ltr'>Corinthios</span> <span class='ocrx_word' id='word_1_586' title='bbox 1244 1631 1258 1647; x_wconf 87' lang='lat' dir='ltr'>a</span> <span class='ocrx_word' id='word_1_587' title='bbox 1277 1619 1362 1648; x_wconf 88' lang='lat' dir='ltr'>Paulo</span> <span class='ocrx_word' id='word_1_588' title='bbox 1384 1619 1481 1648; x_wconf 90' lang='lat' dir='ltr'>missus</span> <span class='ocrx_word' id='word_1_589' title='bbox 1498 1626 1544 1647; x_wconf 90' lang='lat' dir='ltr'>est.</span> <span class='ocrx_word' id='word_1_590' title='bbox 1563 1627 1597 1650; x_wconf 80' lang='lat' dir='ltr'>x.</span> <span class='ocrx_word' id='word_1_591' title='bbox 1615 1625 1641 1648; x_wconf 90' lang='grc'>3.</span> <span class='ocrx_word' id='word_1_592' title='bbox 1659 1630 1686 1648; x_wconf 82' lang='grc' dir='ltr'>Α.</span> <span class='ocrx_word' id='word_1_593' title='bbox 1704 1620 1758 1648; x_wconf 87' lang='lat' dir='ltr'>Ti-</span> 
     </span>
     <span class='ocr_line' id='line_1_88' title="bbox 1019 1662 1759 1702; baseline 0.003 -12"><span class='ocrx_word' id='word_1_594' title='bbox 1019 1663 1153 1699; x_wconf 81' lang='lat' dir='ltr'>motheus,</span> <span class='ocrx_word' id='word_1_595' title='bbox 1166 1662 1273 1702; x_wconf 86' lang='lat' dir='ltr'>adjutor</span> <span class='ocrx_word' id='word_1_596' title='bbox 1286 1663 1376 1697; x_wconf 85' lang='lat' dir='ltr'>Pauli,</span> <span class='ocrx_word' id='word_1_597' title='bbox 1389 1663 1415 1691; x_wconf 89' lang='lat' dir='ltr'>in</span> <span class='ocrx_word' id='word_1_598' title='bbox 1430 1663 1541 1702; x_wconf 86' lang='lat' dir='ltr'>epistola</span> <span class='ocrx_word' id='word_1_599' title='bbox 1554 1664 1610 1702; x_wconf 84' lang='lat' dir='ltr'>ejus</span> <span class='ocrx_word' id='word_1_600' title='bbox 1625 1664 1759 1692; x_wconf 85' lang='lat' dir='ltr'>Romanos</span> 
     </span>
     <span class='ocr_line' id='line_1_89' title="bbox 1018 1706 1759 1746; baseline 0.001 -11"><span class='ocrx_word' id='word_1_601' title='bbox 1018 1707 1126 1735; x_wconf 80' lang='lat' dir='ltr'>salutat.</span> <span class='ocrx_word' id='word_1_602' title='bbox 1150 1714 1196 1735; x_wconf 74' lang='grc' dir='ltr'>[Χ.</span> <span class='ocrx_word' id='word_1_603' title='bbox 1221 1712 1284 1735; x_wconf 89' lang='grc'>833.</span> <span class='ocrx_word' id='word_1_604' title='bbox 1307 1718 1333 1734; x_wconf 80' lang='grc' dir='ltr'>Λ.</span> <span class='ocrx_word' id='word_1_605' title='bbox 1352 1706 1525 1735; x_wconf 86' lang='lat' dir='ltr'>Timotheum</span> <span class='ocrx_word' id='word_1_606' title='bbox 1544 1707 1644 1736; x_wconf 87' lang='lat' dir='ltr'>Paulus</span> <span class='ocrx_word' id='word_1_607' title='bbox 1658 1707 1759 1746; x_wconf 83' lang='lat' dir='ltr'>Ephesi</span> 
     </span>
     <span class='ocr_line' id='line_1_90' title="bbox 1019 1750 1759 1790; baseline 0.001 -12"><span class='ocrx_word' id='word_1_608' title='bbox 1019 1750 1138 1789; x_wconf 86' lang='lat' dir='ltr'>reliquit.</span> <span class='ocrx_word' id='word_1_609' title='bbox 1163 1758 1210 1779; x_wconf 84' lang='lat' dir='ltr'>XI.</span> <span class='ocrx_word' id='word_1_610' title='bbox 1236 1756 1262 1779; x_wconf 94' lang='lat'>1.</span> <span class='ocrx_word' id='word_1_611' title='bbox 1281 1761 1307 1778; x_wconf 72' lang='grc' dir='ltr'>Λ.</span> <span class='ocrx_word' id='word_1_612' title='bbox 1329 1755 1356 1780; x_wconf 88' lang='grc'>2.</span> <span class='ocrx_word' id='word_1_613' title='bbox 1374 1762 1397 1779; x_wconf 80' lang='grc' dir='ltr'>Β.</span> <span class='ocrx_word' id='word_1_614' title='bbox 1413 1751 1572 1780; x_wconf 85' lang='lat' dir='ltr'>Timotheus</span> <span class='ocrx_word' id='word_1_615' title='bbox 1590 1752 1699 1790; x_wconf 73' lang='lat' dir='ltr'>juvenis</span> <span class='ocrx_word' id='word_1_616' title='bbox 1714 1762 1759 1780; x_wconf 86' lang='lat' dir='ltr'>sa-</span> 
     </span>
     <span class='ocr_line' id='line_1_91' title="bbox 1018 1793 1759 1834; baseline 0.001 -12"><span class='ocrx_word' id='word_1_617' title='bbox 1018 1795 1120 1834; x_wconf 85' lang='lat' dir='ltr'>pienter</span> <span class='ocrx_word' id='word_1_618' title='bbox 1136 1794 1268 1823; x_wconf 79' lang='lat' dir='ltr'>Ecelesias</span> <span class='ocrx_word' id='word_1_619' title='bbox 1283 1793 1493 1823; x_wconf 83' lang='lat' dir='ltr'>administravit.</span> <span class='ocrx_word' id='word_1_620' title='bbox 1507 1802 1552 1823; x_wconf 84' lang='lat' dir='ltr'>VI.</span> <span class='ocrx_word' id='word_1_621' title='bbox 1570 1800 1615 1824; x_wconf 76' lang='lat'>41.</span> <span class='ocrx_word' id='word_1_622' title='bbox 1629 1796 1695 1834; x_wconf 85' lang='lat' dir='ltr'>Ejus</span> <span class='ocrx_word' id='word_1_623' title='bbox 1710 1805 1759 1823; x_wconf 89' lang='lat' dir='ltr'>en-</span> 
     </span>
     <span class='ocr_line' id='line_1_92' title="bbox 1019 1839 1755 1869; baseline 0.001 -2"><span class='ocrx_word' id='word_1_624' title='bbox 1019 1840 1114 1869; x_wconf 75' lang='lat' dir='ltr'>comia.</span> <span class='ocrx_word' id='word_1_625' title='bbox 1134 1845 1180 1868; x_wconf 76' lang='lat' dir='ltr'>XI.</span> <span class='ocrx_word' id='word_1_626' title='bbox 1207 1843 1271 1867; x_wconf 87' lang='lat'><strong>304.</strong></span> <span class='ocrx_word' id='word_1_627' title='bbox 1298 1849 1319 1867; x_wconf 78' lang='lat' dir='ltr'>n.</span> <span class='ocrx_word' id='word_1_628' title='bbox 1342 1850 1368 1869; x_wconf 77' lang='lat' dir='ltr'>r.</span> <span class='ocrx_word' id='word_1_629' title='bbox 1387 1839 1481 1868; x_wconf 88' lang='lat' dir='ltr'>virtus.</span> <span class='ocrx_word' id='word_1_630' title='bbox 1499 1846 1533 1869; x_wconf 92' lang='lat'>11.</span> <span class='ocrx_word' id='word_1_631' title='bbox 1550 1845 1575 1868; x_wconf 84' lang='lat'>4.</span> <span class='ocrx_word' id='word_1_632' title='bbox 1594 1851 1622 1868; x_wconf 81' lang='lat' dir='ltr'>E.</span> <span class='ocrx_word' id='word_1_633' title='bbox 1639 1847 1672 1868; x_wconf 84' lang='lat' dir='ltr'>X.</span> <span class='ocrx_word' id='word_1_634' title='bbox 1690 1844 1755 1869; x_wconf 80' lang='lat'><strong>473.</strong></span> 
     </span>
     <span class='ocr_line' id='line_1_93' title="bbox 1018 1882 1756 1922; baseline 0.001 -12"><span class='ocrx_word' id='word_1_635' title='bbox 1018 1894 1044 1912; x_wconf 87' lang='lat' dir='ltr'>D.</span> <span class='ocrx_word' id='word_1_636' title='bbox 1061 1894 1086 1911; x_wconf 81' lang='lat' dir='ltr'>E.</span> <span class='ocrx_word' id='word_1_637' title='bbox 1102 1882 1284 1922; x_wconf 85' lang='lat' dir='ltr'>philosophia.</span> <span class='ocrx_word' id='word_1_638' title='bbox 1302 1891 1335 1911; x_wconf 92' lang='lat' dir='ltr'>II.</span> <span class='ocrx_word' id='word_1_639' title='bbox 1350 1887 1377 1912; x_wconf 88' lang='lat'>5.</span> <span class='ocrx_word' id='word_1_640' title='bbox 1392 1893 1418 1911; x_wconf 74' lang='grc' dir='ltr'>Ε.</span> <span class='ocrx_word' id='word_1_641' title='bbox 1435 1883 1521 1911; x_wconf 89' lang='lat' dir='ltr'>victus</span> <span class='ocrx_word' id='word_1_642' title='bbox 1536 1883 1664 1922; x_wconf 87' lang='lat' dir='ltr'>asperitas</span> <span class='ocrx_word' id='word_1_643' title='bbox 1675 1894 1756 1921; x_wconf 91' lang='lat' dir='ltr'>quan-</span> 
     </span>
     <span class='ocr_line' id='line_1_94' title="bbox 1017 1927 1757 1966; baseline 0.001 -11"><span class='ocrx_word' id='word_1_644' title='bbox 1017 1934 1052 1955; x_wconf 76' lang='lat' dir='ltr'>ta.</span> <span class='ocrx_word' id='word_1_645' title='bbox 1074 1935 1105 1956; x_wconf 87' lang='lat' dir='ltr'>II.</span> <span class='ocrx_word' id='word_1_646' title='bbox 1126 1933 1152 1958; x_wconf 84' lang='grc'>5,</span> <span class='ocrx_word' id='word_1_647' title='bbox 1177 1938 1203 1955; x_wconf 82' lang='lat' dir='ltr'>n.</span> <span class='ocrx_word' id='word_1_648' title='bbox 1227 1932 1255 1955; x_wconf 85' lang='grc'>7.</span> <span class='ocrx_word' id='word_1_649' title='bbox 1278 1939 1300 1956; x_wconf 82' lang='lat' dir='ltr'>B.</span> <span class='ocrx_word' id='word_1_650' title='bbox 1318 1927 1478 1956; x_wconf 88' lang='lat' dir='ltr'>Timotheus</span> <span class='ocrx_word' id='word_1_651' title='bbox 1492 1934 1591 1965; x_wconf 87' lang='lat' dir='ltr'>quanto</span> <span class='ocrx_word' id='word_1_652' title='bbox 1610 1927 1757 1966; x_wconf 85' lang='lat' dir='ltr'>majoribus</span> 
     </span>
     <span class='ocr_line' id='line_1_95' title="bbox 1015 1971 1754 2009; baseline 0.003 -11"><span class='ocrx_word' id='word_1_653' title='bbox 1015 1972 1142 2000; x_wconf 81' lang='lat' dir='ltr'>affluebat</span> <span class='ocrx_word' id='word_1_654' title='bbox 1164 1971 1274 2007; x_wconf 82' lang='lat' dir='ltr'>meritis,</span> <span class='ocrx_word' id='word_1_655' title='bbox 1295 1978 1367 1999; x_wconf 88' lang='lat' dir='ltr'>tanto</span> <span class='ocrx_word' id='word_1_656' title='bbox 1389 1971 1474 2009; x_wconf 78' lang='lat' dir='ltr'>magis</span> <span class='ocrx_word' id='word_1_657' title='bbox 1489 1972 1609 2000; x_wconf 81' lang='lat' dir='ltr'>timebat.</span> <span class='ocrx_word' id='word_1_658' title='bbox 1632 1979 1665 2000; x_wconf 92' lang='lat' dir='ltr'>II.</span> <span class='ocrx_word' id='word_1_659' title='bbox 1682 1976 1707 2000; x_wconf 93' lang='lat'>6.</span> <span class='ocrx_word' id='word_1_660' title='bbox 1729 1982 1754 1999; x_wconf 89' lang='lat' dir='ltr'>e.</span> 
     </span>
     <span class='ocr_line' id='line_1_96' title="bbox 1016 2016 1754 2055; baseline 0.001 -12"><span class='ocrx_word' id='word_1_661' title='bbox 1016 2016 1174 2044; x_wconf 84' lang='lat' dir='ltr'>Timotheus</span> <span class='ocrx_word' id='word_1_662' title='bbox 1189 2016 1250 2055; x_wconf 87' lang='lat' dir='ltr'>pius</span> <span class='ocrx_word' id='word_1_663' title='bbox 1262 2038 1269 2050; x_wconf 87' lang='lat'>‚</span> <span class='ocrx_word' id='word_1_664' title='bbox 1289 2016 1371 2054; x_wconf 83' lang='lat' dir='ltr'>impio</span> <span class='ocrx_word' id='word_1_665' title='bbox 1387 2022 1462 2054; x_wconf 83' lang='lat' dir='ltr'>patre</span> <span class='ocrx_word' id='word_1_666' title='bbox 1477 2023 1564 2044; x_wconf 83' lang='lat' dir='ltr'>natus.</span> <span class='ocrx_word' id='word_1_667' title='bbox 1582 2022 1627 2044; x_wconf 89' lang='lat' dir='ltr'>IV.</span> <span class='ocrx_word' id='word_1_668' title='bbox 1643 2020 1708 2044; x_wconf 83' lang='lat'><strong>805.</strong></span> <span class='ocrx_word' id='word_1_669' title='bbox 1724 2025 1754 2044; x_wconf 85' lang='lat' dir='ltr'>n.</span> 
     </span>
     <span class='ocr_line' id='line_1_97' title="bbox 1015 2059 1755 2098; baseline -0.001 -11"><span class='ocrx_word' id='word_1_670' title='bbox 1015 2060 1212 2098; x_wconf 81' lang='lat' dir='ltr'>Fiequentibus</span> <span class='ocrx_word' id='word_1_671' title='bbox 1228 2060 1328 2088; x_wconf 83' lang='lat' dir='ltr'>morbis</span> <span class='ocrx_word' id='word_1_672' title='bbox 1343 2059 1503 2098; x_wconf 80' lang='lat' dir='ltr'>agitabatur.</span> <span class='ocrx_word' id='word_1_673' title='bbox 1520 2067 1551 2088; x_wconf 88' lang='lat' dir='ltr'>II.</span> <span class='ocrx_word' id='word_1_674' title='bbox 1571 2064 1597 2088; x_wconf 88' lang='lat'>3.</span> <span class='ocrx_word' id='word_1_675' title='bbox 1612 2070 1640 2088; x_wconf 86' lang='lat' dir='ltr'>D.</span> <span class='ocrx_word' id='word_1_676' title='bbox 1656 2059 1755 2087; x_wconf 89' lang='lat' dir='ltr'>Timo-</span> 
     </span>
     <span class='ocr_line' id='line_1_98' title="bbox 1015 2102 1751 2142; baseline -0.001 -11"><span class='ocrx_word' id='word_1_677' title='bbox 1015 2103 1105 2132; x_wconf 82' lang='lat' dir='ltr'>theum</span> <span class='ocrx_word' id='word_1_678' title='bbox 1122 2114 1169 2132; x_wconf 91' lang='lat' dir='ltr'>eur</span> <span class='ocrx_word' id='word_1_679' title='bbox 1183 2105 1256 2131; x_wconf 87' lang='lat' dir='ltr'>Deus</span> <span class='ocrx_word' id='word_1_680' title='bbox 1277 2103 1302 2131; x_wconf 90' lang='lat' dir='ltr'>in</span> <span class='ocrx_word' id='word_1_681' title='bbox 1319 2103 1443 2132; x_wconf 87' lang='lat' dir='ltr'>morbum</span> <span class='ocrx_word' id='word_1_682' title='bbox 1459 2103 1575 2131; x_wconf 89' lang='lat' dir='ltr'>incidere</span> <span class='ocrx_word' id='word_1_683' title='bbox 1591 2102 1751 2142; x_wconf 84' lang='lat' dir='ltr'>permiserit.</span> 
     </span>
     <span class='ocr_line' id='line_1_99' title="bbox 1014 2147 1754 2186; baseline -0.003 -10"><span class='ocrx_word' id='word_1_684' title='bbox 1014 2155 1046 2176; x_wconf 90' lang='lat' dir='ltr'>II.</span> <span class='ocrx_word' id='word_1_685' title='bbox 1064 2153 1090 2175; x_wconf 88' lang='lat'>9.</span> <span class='ocrx_word' id='word_1_686' title='bbox 1107 2159 1130 2178; x_wconf 81' lang='lat' dir='ltr'>n.</span> <span class='ocrx_word' id='word_1_687' title='bbox 1148 2149 1262 2186; x_wconf 79' lang='lat' dir='ltr'>AEgrum</span> <span class='ocrx_word' id='word_1_688' title='bbox 1277 2158 1324 2175; x_wconf 88' lang='lat' dir='ltr'>eur</span> <span class='ocrx_word' id='word_1_689' title='bbox 1337 2148 1435 2175; x_wconf 82' lang='lat' dir='ltr'>Paulus</span> <span class='ocrx_word' id='word_1_690' title='bbox 1451 2157 1500 2175; x_wconf 87' lang='lat' dir='ltr'>non</span> <span class='ocrx_word' id='word_1_691' title='bbox 1517 2147 1659 2176; x_wconf 83' lang='lat' dir='ltr'>curaverit.</span> <span class='ocrx_word' id='word_1_692' title='bbox 1676 2154 1710 2175; x_wconf 91' lang='lat' dir='ltr'>II.</span> <span class='ocrx_word' id='word_1_693' title='bbox 1727 2152 1754 2175; x_wconf 77' lang='lat'>4.</span> 
     </span>
     <span class='ocr_line' id='line_1_100' title="bbox 1013 2191 1752 2220; baseline 0.001 -1"><span class='ocrx_word' id='word_1_694' title='bbox 1013 2192 1200 2220; x_wconf 52' lang='lat' dir='ltr'>&amp;Timotheus</span> <span class='ocrx_word' id='word_1_695' title='bbox 1214 2203 1228 2220; x_wconf 88' lang='lat' dir='ltr'>a</span> <span class='ocrx_word' id='word_1_696' title='bbox 1245 2191 1337 2219; x_wconf 89' lang='lat' dir='ltr'>morbo</span> <span class='ocrx_word' id='word_1_697' title='bbox 1352 2191 1468 2219; x_wconf 88' lang='lat' dir='ltr'>multum</span> <span class='ocrx_word' id='word_1_698' title='bbox 1490 2191 1557 2219; x_wconf 87' lang='lat' dir='ltr'>lucri</span> <span class='ocrx_word' id='word_1_699' title='bbox 1580 2191 1681 2219; x_wconf 85' lang='lat' dir='ltr'>retulit.</span> <span class='ocrx_word' id='word_1_700' title='bbox 1706 2198 1752 2220; x_wconf 88' lang='lat' dir='ltr'><strong>III.</strong></span> 
     </span>
     <span class='ocr_line' id='line_1_101' title="bbox 1012 2234 1751 2266; baseline -0.001 -3"><span class='ocrx_word' id='word_1_701' title='bbox 1012 2240 1075 2264; x_wconf 83' lang='lat'><strong>691.</strong></span> <span class='ocrx_word' id='word_1_702' title='bbox 1094 2247 1119 2266; x_wconf 64' lang='grc' dir='ltr'>ις,</span> <span class='ocrx_word' id='word_1_703' title='bbox 1142 2236 1174 2264; x_wconf 82' lang='grc' dir='ltr'>Εἰ</span> <span class='ocrx_word' id='word_1_704' title='bbox 1192 2236 1217 2264; x_wconf 90' lang='lat' dir='ltr'>in</span> <span class='ocrx_word' id='word_1_705' title='bbox 1233 2235 1359 2263; x_wconf 79' lang='lat' dir='ltr'>aerumnis</span> <span class='ocrx_word' id='word_1_706' title='bbox 1376 2234 1490 2263; x_wconf 81' lang='lat' dir='ltr'>versanti</span> <span class='ocrx_word' id='word_1_707' title='bbox 1505 2235 1573 2262; x_wconf 88' lang='lat' dir='ltr'>nihil</span> <span class='ocrx_word' id='word_1_708' title='bbox 1589 2235 1704 2263; x_wconf 82' lang='lat' dir='ltr'>beatius.</span> <span class='ocrx_word' id='word_1_709' title='bbox 1719 2242 1751 2265; x_wconf 84' lang='lat' dir='ltr'>V.</span> 
     </span>
     <span class='ocr_line' id='line_1_102' title="bbox 1012 2279 1710 2318; baseline -0.001 -10"><span class='ocrx_word' id='word_1_710' title='bbox 1012 2285 1074 2308; x_wconf 70' lang='lat'><strong>4:32.</strong></span> <span class='ocrx_word' id='word_1_711' title='bbox 1092 2280 1158 2318; x_wconf 79' lang='lat' dir='ltr'>Ejus</span> <span class='ocrx_word' id='word_1_712' title='bbox 1173 2290 1230 2308; x_wconf 87' lang='lat' dir='ltr'>ossa</span> <span class='ocrx_word' id='word_1_713' title='bbox 1247 2279 1380 2307; x_wconf 75' lang='lat' dir='ltr'>daemonas</span> <span class='ocrx_word' id='word_1_714' title='bbox 1396 2279 1572 2317; x_wconf 76' lang='lat' dir='ltr'>expellebant.</span> <span class='ocrx_word' id='word_1_715' title='bbox 1592 2287 1625 2308; x_wconf 88' lang='lat'>11.</span> <span class='ocrx_word' id='word_1_716' title='bbox 1641 2284 1668 2307; x_wconf 90' lang='lat'>3.</span> <span class='ocrx_word' id='word_1_717' title='bbox 1685 2290 1710 2307; x_wconf 76' lang='lat' dir='ltr'>c.</span> 
     </span>
    </p>

    <p class='ocr_par' dir='ltr' id='par_1_24' title="bbox 1010 2323 1754 2407">
     <span class='ocr_line' id='line_1_103' title="bbox 1051 2323 1754 2362; baseline 0 -11"><span class='ocrx_word' id='word_1_718' title='bbox 1051 2324 1221 2352; x_wconf 57' lang='lat' dir='ltr'>&#39;l&#39;ixtorunus</span> <span class='ocrx_word' id='word_1_719' title='bbox 1246 2323 1386 2362; x_wconf 81' lang='lat' dir='ltr'>presbyter</span> <span class='ocrx_word' id='word_1_720' title='bbox 1411 2334 1424 2351; x_wconf 85' lang='lat' dir='ltr'>a</span> <span class='ocrx_word' id='word_1_721' title='bbox 1444 2323 1638 2362; x_wconf 80' lang='lat' dir='ltr'>Chrysostomo</span> <span class='ocrx_word' id='word_1_722' title='bbox 1652 2323 1754 2362; x_wconf 88' lang='lat' dir='ltr'>episto-</span> 
     </span>
     <span class='ocr_line' id='line_1_104' title="bbox 1010 2368 1377 2407; baseline 0 -12"><span class='ocrx_word' id='word_1_723' title='bbox 1010 2368 1062 2396; x_wconf 74' lang='lat' dir='ltr'>lant</span> <span class='ocrx_word' id='word_1_724' title='bbox 1078 2368 1185 2407; x_wconf 76' lang='lat' dir='ltr'>arripit.</span> <span class='ocrx_word' id='word_1_725' title='bbox 1206 2376 1251 2396; x_wconf 93' lang='lat' dir='ltr'><strong>III.</strong></span> <span class='ocrx_word' id='word_1_726' title='bbox 1267 2372 1332 2395; x_wconf 74' lang='lat'><strong>805.</strong></span> <span class='ocrx_word' id='word_1_727' title='bbox 1352 2379 1377 2396; x_wconf 84' lang='lat' dir='ltr'>e.</span> 
     </span>
    </p>

    <p class='ocr_par' dir='ltr' id='par_1_25' title="bbox 1010 2411 1750 2485">
     <span class='ocr_line' id='line_1_105' title="bbox 1051 2411 1750 2450; baseline -0.003 -10"><span class='ocrx_word' id='word_1_728' title='bbox 1051 2414 1178 2441; x_wconf 63' lang='lat' dir='ltr'>&#39;lftrxxizs</span> <span class='ocrx_word' id='word_1_729' title='bbox 1194 2413 1264 2441; x_wconf 88' lang='lat' dir='ltr'>serro</span> <span class='ocrx_word' id='word_1_730' title='bbox 1286 2412 1419 2447; x_wconf 74' lang='lat' dir='ltr'>instructi,</span> <span class='ocrx_word' id='word_1_731' title='bbox 1439 2411 1545 2450; x_wconf 80' lang='lat' dir='ltr'>signum</span> <span class='ocrx_word' id='word_1_732' title='bbox 1562 2411 1685 2439; x_wconf 68' lang='lat' dir='ltr'>vesaniae.</span> <span class='ocrx_word' id='word_1_733' title='bbox 1704 2417 1750 2439; x_wconf 80' lang='lat' dir='ltr'>XI.</span> 
     </span>
     <span class='ocr_line' id='line_1_106' title="bbox 1010 2463 1074 2485; baseline -0.016 0"><span class='ocrx_word' id='word_1_734' title='bbox 1010 2463 1059 2485; x_wconf 73' lang='grc'>701</span> <span class='ocrx_word' id='word_1_735' title='bbox 1069 2479 1074 2484; x_wconf 94' lang='lat'>.</span> 
     </span>
    </p>

    <p class='ocr_par' dir='ltr' id='par_1_26' title="bbox 1010 2501 1748 2575">
     <span class='ocr_line' id='line_1_107' title="bbox 1050 2501 1748 2532; baseline -0.003 -1"><span class='ocrx_word' id='word_1_736' title='bbox 1050 2504 1175 2532; x_wconf 71' lang='lat' dir='ltr'><strong>TITULL‘S</strong></span> <span class='ocrx_word' id='word_1_737' title='bbox 1195 2503 1280 2532; x_wconf 89' lang='lat' dir='ltr'>crucis</span> <span class='ocrx_word' id='word_1_738' title='bbox 1302 2502 1403 2531; x_wconf 83' lang='lat' dir='ltr'>Christi</span> <span class='ocrx_word' id='word_1_739' title='bbox 1425 2502 1466 2530; x_wconf 90' lang='lat' dir='ltr'>cui</span> <span class='ocrx_word' id='word_1_740' title='bbox 1490 2502 1549 2529; x_wconf 87' lang='lat' dir='ltr'>usui</span> <span class='ocrx_word' id='word_1_741' title='bbox 1569 2501 1658 2530; x_wconf 86' lang='lat' dir='ltr'>suerit.</span> <span class='ocrx_word' id='word_1_742' title='bbox 1679 2507 1748 2530; x_wconf 85' lang='lat' dir='ltr'><strong>VIII.</strong></span> 
     </span>
     <span class='ocr_line' id='line_1_108' title="bbox 1010 2552 1117 2575; baseline -0.009 0"><span class='ocrx_word' id='word_1_743' title='bbox 1010 2552 1074 2575; x_wconf 70' lang='lat'><strong>5725.</strong></span> <span class='ocrx_word' id='word_1_744' title='bbox 1092 2558 1117 2575; x_wconf 73' lang='lat' dir='ltr'>vI.</span> 
     </span>
    </p>

    <p class='ocr_par' dir='ltr' id='par_1_27' title="bbox 1049 2588 1746 2629">
     <span class='ocr_line' id='line_1_109' title="bbox 1049 2588 1746 2629; baseline -0.007 -8"><span class='ocrx_word' id='word_1_745' title='bbox 1049 2594 1148 2629; x_wconf 53' lang='lat' dir='ltr'>turns,</span> <span class='ocrx_word' id='word_1_746' title='bbox 1160 2592 1272 2621; x_wconf 69' lang='lat' dir='ltr'>dilectus</span> <span class='ocrx_word' id='word_1_747' title='bbox 1289 2590 1363 2620; x_wconf 81' lang='lat' dir='ltr'>Pauli</span> <span class='ocrx_word' id='word_1_748' title='bbox 1380 2591 1477 2627; x_wconf 69' lang='lat' dir='ltr'>socius,</span> <span class='ocrx_word' id='word_1_749' title='bbox 1489 2597 1541 2618; x_wconf 85' lang='lat' dir='ltr'>crat</span> <span class='ocrx_word' id='word_1_750' title='bbox 1560 2588 1600 2617; x_wconf 75' lang='lat' dir='ltr'>vir</span> <span class='ocrx_word' id='word_1_751' title='bbox 1609 2589 1746 2627; x_wconf 77' lang='lat' dir='ltr'>probatus.</span> 
     </span>
    </p>
   </div>
  </div>
 </body>
</html>
