1884 2922
994 226 1012 246 2

284 291 360 321 1'01n
376 290 481 320 Indice
497 289 636 319 locorum
658 285 824 324 Scripturae
840 292 936 315 sacrae
950 293 1059 316 omnes
1074 286 1156 315 locos
1169 285 1329 324 attigimus
1353 286 1404 324 qui
1423 296 1440 316 a
1465 287 1495 316 S.
1517 287 1651 318 Doctore
1675 290 1774 327 expli-

243 344 363 378 cantur,
379 342 428 372 vel
443 340 535 371 modo
548 339 729 377 allegantur.
749 337 795 366 De
809 336 971 374 diligentia
982 335 1096 367 laboris
1112 336 1210 367 nostri
1227 336 1257 367 in
1273 337 1331 367 hac
1346 338 1430 375 parte
1445 337 1520 367 satis
1537 337 1653 376 patebit
1673 339 1775 369 consi-

241 393 358 423 deranti
373 391 514 422 Iudicem
532 391 673 420 nostrum
688 388 783 419 veteri
794 388 902 418 saltem
915 388 1007 427 duplo
1024 387 1226 426 copiosiorem
1246 396 1324 418 esse.

282 473 313 500 2⁰
322 471 438 500 Rerum
455 468 591 498 Indicem
611 467 653 497 ita
670 466 829 497 texuimus
842 468 876 496 ut
895 474 1102 504 quaecumque
1128 465 1161 496 in
1180 466 1278 496 veteri
1292 467 1362 504 apta
1386 468 1489 496 essent
1505 474 1710 503 servaremus,
1736 467 1776 497 de

245 530 324 552 novo
338 520 460 556 additis,
474 518 613 555 mutatis,
630 517 831 548 elucidatisve
844 517 966 548 duobus
980 516 1119 548 millibus
1129 517 1305 557 etamplius
1323 517 1474 547 locorum.

280 600 311 627 50
326 599 363 628 1n
379 597 489 628 eodem
503 596 604 627 indice
618 604 687 626 eam
701 595 802 632 legem
813 594 911 625 secuti
926 602 1033 625 sumus
1048 603 1142 633 quam
1157 603 1207 625 res
1220 595 1285 634 ipsa
1307 594 1497 634 postulabat,
1518 596 1578 625 hoc
1600 595 1693 626 unice
1717 603 1775 625 cu-

242 650 357 685 rantes,
375 651 408 679 ut
429 656 551 679 summa
575 646 725 678 doctrinae
748 647 778 677 S.
796 646 924 677 Joannis
946 646 1158 685 chrysostomi
1178 646 1209 677 in
1229 655 1430 685 quacumque
1444 648 1530 685 parte
1542 647 1693 678 lectorum
1706 655 1776 677 ocu-

241 701 279 731 lis
294 700 430 731 breviter
442 699 584 738 exposita
596 699 770 738 appareret.
780 697 862 728 Hinc
871 697 974 737 potius
984 698 1172 729 attendimus
1182 698 1323 729 animum
1337 699 1420 737 iusto
1431 697 1658 729 sententiarum
1675 698 1775 729 ordini

242 751 442 789 instituendo,
455 759 550 790 quam
568 752 721 781 tomorum
740 750 960 788 paginarumve
981 749 1121 780 numeris
1134 758 1174 781 ex
1196 750 1277 781 serie
1289 750 1471 781 indicandis.

282 829 314 857 4⁰
329 829 489 859 Interdum
517 828 660 867 quaedam
687 828 860 858 memoratu
881 826 976 865 digna
1001 835 1042 859 ex
1059 828 1173 868 spuriis
1193 828 1341 866 operibus
1360 828 1473 858 selecta
1496 828 1528 858 in
1544 836 1649 858 rerum
1670 828 1775 859 Indice

242 882 480 912 collocavimus:
495 890 565 920 quae
577 882 611 911 ut
623 880 744 911 facilius
758 879 1021 915 discernerentur,
1037 879 1139 910 italico
1163 879 1345 909 charactere
1362 878 1517 917 descripta
1531 880 1614 909 sunt.

282 960 315 989 5⁰
328 959 474 989 Pluribus
484 959 517 989 in
530 959 604 989 locis
612 958 747 989 auctoris
758 957 928 988 doctrinam
938 956 1175 992 vindicavimus,
1195 956 1367 995 praesertim
1380 956 1411 986 in
1422 955 1515 986 rebus
1528 956 1567 985 ad
1587 955 1775 986 catholicum

242 1010 354 1049 dogma
368 1010 581 1050 spectantibus
593 1019 669 1049 quas
684 1012 775 1041 vetus
788 1009 883 1040 index
903 1010 1052 1039 tacuerat.
1066 1008 1121 1038 His
1135 1008 1305 1039 delectetur
1319 1009 1415 1038 lector
1427 1008 1601 1046 theologus,
1616 1008 1663 1039 vel
1677 1016 1769 1038 cano-

245 1061 332 1092 nista.

281 1140 317 1169 6ο
329 1137 444 1168 Modus
463 1145 526 1176 quo
541 1136 637 1167 nostri
649 1136 773 1166 Indices
788 1136 872 1165 locos
887 1135 1098 1173 chrysostomi
1113 1135 1270 1173 indicant⁷
1299 1136 1350 1166 hic
1369 1138 1425 1167 est.
1444 1136 1603 1167 Numerus
1620 1137 1674 1175 qui
1689 1144 1777 1167 voca-

244 1193 295 1221 tur
314 1191 476 1220 Romanus
502 1191 621 1219 tomum
644 1189 738 1227 hujus
750 1186 894 1217 editionis
923 1186 1077 1225 significat
1092 1199 1098 1217 z
1113 1188 1257 1218 arabicus
1280 1188 1447 1226 paginam:
1474 1189 1563 1219 litera
1584 1197 1658 1220 vero
1673 1189 1776 1219 locum

243 1242 379 1281 paginae,
410 1241 462 1271 ubi
487 1249 537 1271 res
567 1240 703 1270 indicata
730 1238 924 1278 potissimum
949 1240 1108 1269 tractatur.
1137 1239 1219 1270 Nam
1247 1242 1437 1271 curaverunt
1463 1240 1614 1279 editores,
1640 1243 1675 1272 ut
1695 1241 1778 1272 inter

243 1294 349 1325 ambas
370 1294 476 1324 textus
487 1293 649 1323 columnas
668 1290 790 1322 numeri
800 1290 986 1329 paginarum
1001 1291 1216 1322 Montfauconi
1228 1293 1259 1322 et
1273 1291 1369 1322 literae
1383 1291 1481 1331 spatia
1495 1301 1604 1324 earum
1617 1293 1778 1332 aequaliter

244 1345 418 1378 dividentes
436 1346 649 1376 insererentur
665 1358 673 1374 :
690 1344 745 1374 sed
763 1343 912 1382 quoniam
926 1342 1001 1373 hinc
1015 1342 1149 1381 accidit,
1166 1345 1202 1375 ut
1222 1344 1315 1383 hujus
1333 1344 1474 1376 editionis
1490 1345 1674 1385 paginarum
1691 1353 1778 1376 sum-

245 1399 366 1430 mitates
379 1406 615 1437 nonnumquam
628 1397 724 1428 literis
739 1397 896 1433 vacarent,
913 1395 990 1425 tales
999 1395 1083 1426 locos
1098 1404 1230 1428 numero
1238 1397 1323 1429 nude
1334 1398 1433 1437 posito
1446 1397 1628 1430 indicamus.
1645 1399 1690 1429 De
1709 1398 1779 1437 qui-

245 1453 304 1483 bus
317 1453 347 1482 te
362 1452 508 1483 lectorem
518 1450 705 1482 benevolum
715 1448 888 1481 admouisse
904 1447 1043 1479 sussiciat.
1058 1449 1144 1480 Vale.
