1884 2922
694 198 799 222 INDEX
826 198 952 222 RERUM.

59 265 142 289 87.n.
164 269 226 288 cum
250 258 384 288 thesauro.
404 266 447 290 tv.
462 265 506 290 18.
524 272 551 289 A.
570 262 705 297 Quantam
730 272 797 291 con-

62 303 219 331 solationem
245 303 349 331 afferat.
376 311 422 336 IV,
443 309 508 333 326.
532 315 559 333 E.
583 305 708 334 Lectione
731 315 804 333 sacra

60 347 128 375 nihil
145 346 304 386 jucundius.
322 354 368 375 tv.
384 353 448 376 791.
471 350 552 377 Lecto
567 348 724 386 jucundior.
743 355 801 377 vn.

62 395 125 419 422.
150 401 177 418 n.
204 390 346 424 Quomodo
371 391 521 430 peragenda
548 392 593 420 sit.
617 399 663 423 111.
690 396 751 420 132.
777 403 803 420 A.

62 434 154 462 Lectio
177 444 231 462 non
254 445 301 473 per
322 445 349 462 se
372 436 427 463 sola
452 435 562 470 sufficit,
586 435 632 464 sed
658 435 804 473 requiritur

62 477 141 505 etiam
157 485 278 506 accurata
291 479 416 517 cognitio.
431 486 490 508 vu.
509 484 574 508 299.

98 521 190 550 Lectio
213 522 359 561 Scripturae
375 523 402 551 in
429 524 613 552 ecetesia.111.
645 527 688 551 64.
711 533 737 551 c.
755 528 801 553 65.

60 566 201 595 Lectiones
222 577 302 595 sacrae
317 567 463 607 Seriptnrae
481 568 508 596 in
521 567 629 596 ecelesia
648 567 740 596 variae.
757 574 802 595 Π.

63 614 128 639 171.
151 621 175 638 n.
192 611 253 645 Quo
269 611 323 639 ritu
340 611 445 640 fiebant.
460 619 529 641 viu.
547 616 611 640 360.
626 621 651 639 Ε.
675 613 742 639 Ante
761 611 803 639 le-

64 653 178 682 ctionem
192 665 289 683 manus
300 655 488 684 abluebantur.
505 663 574 684 VIII.
594 660 658 684 360.
676 665 703 684 E.

99 697 190 726 Lectio
216 698 342 727 Hebraiei
375 706 473 729 textus.
498 706 530 727 V.
558 703 621 728 126.
649 710 676 727 A.
704 699 802 727 Lectio

64 741 185 780 Aquilae
205 749 232 770 el
249 743 426 780 Symmachi.
439 750 471 771 v.
485 748 549 773 924.
563 753 587 771 c.
604 744 702 771 lectio
717 743 804 778 Sym-

63 786 171 819 machi,
199 787 317 823 Quintte
339 793 367 815 et
389 787 494 815 δελ-(ιε.
511 794 544 816 V.
567 791 632 815 976.
654 798 678 815 n.
706 787 803 815 Lectio

65 829 179 866 Quintae
193 836 221 857 et
235 830 330 858 Serta?
345 831 515 859 editionum.
529 837 563 858 V.
578 835 642 858 981.
660 842 689 858 A.
707 831 805 859 Lectio

59 872 235 910 reliquorum
253 875 457 910 Inter-pretam.
476 880 510 902 v.
527 877 592 902 952.
623 885 649 902 n.
678 877 743 903 969.
770 883 800 902 D.

64 920 129 944 974.
145 927 173 946 n.
192 922 258 946 979.
275 928 299 946 c.
313 923 376 946 984.
394 929 419 946 13.

98 961 186 989 [ΕΟ-τι
196 961 324 998 argentei.
339 967 385 989 III.
399 964 463 988 463.
478 970 506 989 D.
516 959 572 988 sive
583 966 692 997 argento
703 960 800 988 ornati.

60 1011 105 1032 ΙΙΙ.
115 1008 179 1032 214.
198 1004 272 1032 Lecti
284 1010 394 1042 argento
406 1003 478 1039 nexi,
491 1013 609 1040 auroque
618 1003 758 1042 fulgentes.
769 1011 801 1032 v.

59 1052 124 1076 627.
150 1058 178 1075 Ε.
203 1048 326 1086 Argentei
352 1046 473 1075 divitum
500 1047 737 1075 Antioelienorum.
767 1054 801 1076 X.

60 1096 123 1120 221.
151 1102 174 1119 c.
201 1093 297 1120 Lectus
319 1091 462 1119 eburneus.
485 1097 507 1119 1.
528 1095 593 1119 878.
618 1102 644 1121 c.
670 1092 746 1121 Lecti
770 1102 803 1119 ex

58 1135 137 1163 ebore
157 1142 203 1163 aut
228 1145 262 1163 ex
281 1142 390 1173 argento
410 1144 477 1172 puro
499 1133 629 1163 adornati.
649 1142 681 1163 11.
699 1140 762 1163 929.
776 1146 800 1164 ε.

58 1179 132 1207 Lecti
152 1185 308 1218 apparatus.
334 1186 356 1208 Ι.
382 1182 448 1206 295.
467 1188 497 1206 D.
521 1188 545 1206 E.
570 1179 642 1207 Lecti
668 1178 802 1217 splendidi

58 1221 127 1250 nihil
143 1229 258 1261 prosunt
276 1221 311 1250 ad
327 1231 463 1250 somnum.
476 1228 495 1249 1.
512 1226 576 1249 878.
594 1232 621 1249 c.
635 1223 731 1250 Lectus
747 1223 804 1250 Da-

58 1265 129 1294 vidis
142 1265 269 1305 lacrymis
287 1272 442 1294 exornatus.
459 1271 481 1293 1.
496 1269 561 1292 879.
575 1275 602 1292 Ε.

98 1310 237 1338 anroms
254 1319 351 1338 munus
366 1309 393 1337 in
413 1309 532 1336 ecclesia.
555 1315 600 1337 XI.
615 1313 679 1338 610.
694 1319 722 1337 n.
742 1316 802 1338 XII.

62 1357 126 1381 129.
144 1364 167 1382 B.

100 1398 228 1425 LEGALIA
243 1395 278 1424 ad
292 1396 419 1424 virtutem
430 1406 482 1425 non
504 1396 651 1425 conserunt.
668 1404 702 1426 x.
716 1401 760 1425 66.
777 1407 802 1425 n.

100 1441 329 1469 LEGisLiToamt
344 1440 473 1469 officium.
489 1447 510 1469 1.
527 1445 590 1469 134.
605 1452 634 1468 A.

101 1483 250 1522 Legislator
274 1483 368 1511 unicus
380 1483 497 1512 duorum
509 1484 752 1512 Testamentorum.
768 1491 801 1512 II.

62 1531 124 1555 381.
151 1538 179 1556 n.
203 1531 266 1555 382.
293 1537 319 1554 c.
346 1534 391 1555 111.
410 1532 475 1556 325.
492 1538 521 1556 13.
539 1527 687 1566 Legislator
709 1526 805 1555 veteris

62 1570 134 1599 Idem
150 1577 189 1599 est
201 1570 248 1608 qui
263 1580 338 1599 novae
354 1570 431 1609 legis.
450 1578 508 1600 VII.
526 1576 588 1600 223.
609 1583 632 1600 Β.
646 1578 676 1599 v.
693 1575 758 1599 234.
775 1581 802 1598 A.

104 1618 276 1651 LeccmsA,
293 1626 351 1644 esca
361 1617 506 1645 monachis.
523 1624 544 1645 1.
562 1621 624 1647 162.
643 1627 669 1645 n.

101 1665 226 1693 Luxu-AS
242 1673 341 1699 rerum,
353 1674 434 1701 quam
449 1664 603 1699 verborum,
622 1664 725 1692 melior.
744 1670 802 1692 vlt.

62 1712 125 1737 428.
140 1719 167 1737 A.
185 1706 306 1736 Lenitate
322 1717 389 1746 opus
400 1714 438 1735 est
451 1706 567 1744 doctori,
581 1718 632 1736 non
646 1707 804 1735 auctoritate

61 1759 176 1780 tantum.
196 1758 241 1780 XI.
260 1756 324 1780 696.
339 1761 365 1779 c.

103 1797 216 1825 Leones
239 1795 400 1833 mitigantur
420 1802 445 1823 et
463 1795 617 1824 tractabiles
641 1794 801 1824 redduntur.

64 1846 110 1869 111.
130 1844 175 1868 36.
195 1851 220 1868 A.
237 1846 284 1869 lv,
305 1843 483 1868 760.n.894.
501 1839 804 1867 a.x·.c109.1³erf0rum

64 1883 240 1911 ducebantur.
254 1889 299 1911 IV.
315 1887 360 1910 82.
374 1894 401 1911 A.
417 1887 482 1910 760.
496 1893 520 1912 c.
546 1890 590 1911 lx.
605 1888 669 1912 255.
684 1894 711 1911 E.

103 1928 232 1956 Lmen-io
245 1926 358 1965 epistola
368 1925 561 1965 Chrysostomi.
577 1934 624 1955 111.
636 1932 700 1955 767.
716 1938 743 1956 c.

103 1972 224 1999 Levoius
235 1971 318 1998 vitam
330 1980 415 2008 agere,
427 1981 530 2009 semper
542 1971 683 2001 timere.v.
694 1975 757 1999 430.
768 1982 798 2001 n.

104 2015 211 2043 LEPRAE
229 2024 312 2052 genus
326 2013 464 2051 quoddam
476 2014 647 2043 immundum
664 2015 804 2045 reddebat.

65 2065 111 2088 XI.
130 2063 194 2086 811.
210 2068 238 2086 D.

105 2103 226 2131 Leimon
241 2101 304 2130 olim
319 2108 394 2129 extra
410 2101 488 2129 urbes
502 2102 576 2130 sedes
591 2102 737 2131 habebant.
756 2110 802 2132 VI.

66 2150 130 2174 149.
146 2156 173 2174 ε.

105 2190 182 2218 Ltvr
203 2189 290 2218 tribus
308 2189 364 2217 sola
377 2189 506 2218 honorata
523 2190 680 2220 sacerdotio.
698 2198 718 2220 I.
736 2196 802 2221 817.

66 2245 91 2261 A.
105 2244 128 2261 B.
141 2233 352 2261 Solisacerdotio
364 2233 487 2263 vacabat.
504 2241 524 2262 Ι.
539 2239 604 2262 817.
618 2245 642 2262 Β.

106 2277 242 2305 Levium
258 2276 326 2304 liber
341 2286 387 2305 cur
401 2277 438 2305 sic
448 2283 566 2305 vocetur.
587 2284 630 2306 VI.
645 2282 708 2308 387.

105 2322 168 2350 Lu
192 2319 346 2358 multiplex.
370 2328 416 2350 lx.
440 2326 503 2349 519.
530 2321 559 2348 Iu
592 2322 731 2360 Scriptura
759 2333 805 2361 per

66 2375 155 2403 sepem
176 2363 353 2402 significatur.
375 2371 433 2393 VII.
460 2369 505 2393 43.
531 2376 557 2392 A.
582 2369 626 2394 44.
651 2366 709 2393 Lex
722 2376 805 2405 sepes,

67 2408 129 2445 quia
143 2406 303 2444 circumdat,
318 2413 343 2435 et
355 2418 370 2435 a
385 2407 517 2435 malorum
531 2408 663 2436 consortio
675 2416 755 2438 arcet.
770 2416 799 2437 v.

68 2457 130 2480 502.
147 2462 172 2481 Β.

106 2497 164 2524 Lex
179 2495 307 2523 naturalis
319 2495 353 2523 ab
367 2494 444 2523 initio
459 2495 561 2523 homini
577 2495 670 2524 indita.
688 2503 720 2526 tt.
740 2500 802 2525 150.

69 2550 94 2568 ε.
120 2538 192 2575 Quid
203 2539 236 2567 sit
251 2538 310 2568 ista.
329 2546 361 2567 11.
380 2543 442 2567 150.
459 2549 485 2566 ε.
514 2539 647 2567 Omnibus
661 2547 699 2568 est
714 2540 803 2568 insita.

72 2590 102 2611 Υ.
119 2587 180 2611 586.
193 2594 218 2611 c.
244 2590 287 2611 tx.
301 2587 363 2611 607.
380 2593 405 2610 c,
429 2586 451 2610 A
466 2583 623 2612 couscientia
639 2583 724 2612 edocti
741 2594 804 2621 gen-

1526 190 1586 224 301

856 261 915 289 tiles
928 261 998 299 leges
1013 271 1073 290 suas
1087 266 1244 290 statuerunt.
1261 266 1294 288 tt.
1316 263 1376 288 152.
1394 269 1418 288 E.
1454 262 1509 289 Lex
1525 272 1592 290 cou-

855 304 972 332 scientia?
986 304 1132 333 sufficiens.
1158 311 1189 332 v.
1205 308 1268 332 586.
1285 314 1311 331 ε.

895 349 953 377 Lex
967 355 1005 376 est
1017 349 1102 377 Vetus
1119 349 1319 377 Testamentum
1341 354 1435 377 totum.
1451 355 1508 377 VII.
1527 354 1594 379 790.

856 401 886 419 A.
903 391 1019 427 Quando
1034 398 1059 419 et
1073 391 1207 429 quomodo
1233 391 1295 419 data
1309 391 1353 419 sit.
1371 398 1430 420 ΥΙΙ.
1447 395 1473 419 3.
1496 403 1520 420 c.
1541 394 1597 422 Cur

855 435 999 473 aliquando
1023 446 1068 474 per
1093 437 1224 474 Moysen,
1249 435 1392 473 aliquando
1414 446 1462 475 per
1489 437 1596 475 angelos

855 479 916 507 data
928 478 1043 508 dicatur.
1058 487 1117 508 XII.
1131 484 1176 508 45.
1195 491 1220 507 A.
1234 479 1262 506 lu
1275 479 1331 517 lege
1346 480 1429 507 veteri
1442 480 1529 509 virtus
1544 480 1594 508 dif-

855 523 964 551 fieilior.
982 530 1028 552 IV.
1047 528 1111 552 894.
1129 534 1156 551 r..
1174 525 1272 561 Legem
1287 522 1375 552 Judaei
1396 534 1443 552 nec
1468 531 1596 553 noverant

856 577 903 595 nee
917 567 1070 596 servabant.
1090 575 1158 596 VIII.
1173 572 1237 595 350.
1255 578 1280 596 B.
1298 569 1354 596 Lex
1369 568 1492 596 morbum
1508 569 1595 602 auxit,

855 610 998 648 quomodo.
1014 618 1060 639 IX.
1085 615 1149 639 575.
1176 623 1201 638 A.
1225 610 1367 646 Quomodo
1387 618 1499 639 mortem
1523 618 1595 640 attu-

855 654 926 682 lerit.
946 661 978 682 X.
994 659 1058 682 562.
1073 664 1099 682 e.
1114 655 1172 682 Non
1186 663 1281 692 parum
1303 653 1415 681 contulit
1434 653 1467 681 ad
1493 665 1596 693 coguo-

856 696 983 725 scendum
998 704 1178 736 peceatum‚et
1194 696 1229 724 ad
1245 696 1399 735 augendum
1414 698 1592 736 supplicium.

856 747 891 770 X.
908 745 972 769 463.
985 751 1014 770 Ε.
1032 742 1090 769 Lex
1105 747 1182 768 vetus
1199 750 1247 768 eur
1260 740 1379 768 severius
1394 742 1501 779 puniret
1515 753 1596 780 quam

857 794 933 812 nova.
951 791 985 812 X.
1008 789 1072 812 159.
1095 796 1121 813 A.
1139 785 1195 812 Lex
1215 794 1247 811 an
1267 784 1301 811 sit
1323 794 1401 812 eausa
1422 786 1535 822 peceati.
1552 794 1598 815 IV.

857 833 922 857 792.
948 839 972 856 B.
997 829 1056 857 Non
1082 827 1231 856 accusanda
1257 834 1306 856 est.
1330 834 1373 856 lv.
1404 832 1467 856 792,
1491 840 1516 858 n.
1541 831 1598 859 Lex

857 873 975 900 Mosaica
992 879 1091 900 saneta.
1111 879 1157 901 IX.
1174 876 1238 900 607.
1256 882 1283 900 Ε.
1303 872 1361 900 Lex
1376 871 1434 899 fons
1450 873 1596 911 sapientire.

857 922 903 943 lv.
919 920 984 945 793.
1002 927 1025 944 e.
1041 915 1197 954 Spiritualis
1219 925 1249 943 ac
1262 914 1357 943 divina
1378 922 1445 945 erat.
1465 923 1511 944 IV.
1529 921 1596 945 79'0.

856 969 882 987 e.
900 960 958 987 Lex
972 966 1047 988 vetus
1069 970 1149 997 quam
1169 959 1315 987 necessaria
1339 959 1431 988 suerit.
1454 967 1510 988 vlt.
1531 965 1595 989 2103.

855 1003 886 1030 In
907 1003 1059 1032 subsidium
1078 1003 1139 1031 data
1159 1009 1207 1031 est.
1230 1010 1276 1032 IV.
1293 1007 1358 1032 792.
1381 1014 1407 1031 Β.
1432 1005 1490 1032 Lex
1505 1004 1595 1039 utilis,

856 1045 928 1084 quod
939 1047 972 1075 ad
985 1047 1123 1075 Christum
1135 1046 1259 1076 deducat.
1274 1053 1295 1075 1.
1305 1051 1371 1074 737.
1384 1058 1411 1074 c.
1428 1047 1511 1076 Utilis
1522 1047 1597 1084 olim,

856 1100 926 1119 nune
937 1091 1059 1120 cessavit.
1074 1099 1094 1119 1.
1112 1096 1176 1119 735.
1190 1091 1245 1118 Lex
1258 1090 1411 1129 imperfecta
1426 1101 1478 1119 nou
1493 1102 1540 1119 sua
1552 1102 1596 1120 na-

856 1140 926 1168 tura,
938 1135 983 1163 sed
998 1136 1100 1163 ratione
1115 1135 1241 1174 temporis
1257 1145 1310 1172 quo
1324 1134 1385 1163 data
1398 1142 1446 1164 est.
1462 1142 1482 1163 1.
1496 1140 1594 1165 652.c.

856 1181 924 1207 Data
936 1186 972 1207 est
982 1186 1009 1207 ut
1019 1180 1113 1207 umbra
1125 1191 1130 1206 :
1144 1190 1194 1207 non
1210 1185 1318 1217 peccata
1327 1178 1408 1214 tollit,
1419 1178 1465 1207 sed
1478 1178 1597 1208 demon-

856 1229 929 1250 strat.
945 1229 991 1250 IV.
1013 1228 1077 1251 688.
1099 1235 1124 1250 A.
1141 1224 1197 1251 Lex
1215 1222 1310 1250 umbra
1328 1229 1394 1252 erat.
1413 1229 1471 1251 XII.
1488 1227 1553 1251 238.
1568 1236 1597 1252 A.

857 1265 886 1292 In
902 1265 959 1303 lege
978 1267 1066 1294 omnia
1084 1265 1178 1294 umbra
1195 1272 1280 1301 erant,
1296 1265 1475 1302 circumcisio,
1490 1266 1597 1295 saci-ifi—

857 1309 908 1343 cia,
932 1308 1085 1337 sabbatum.
1113 1316 1170 1337 XII.
1197 1313 1261 1336 188.
1285 1310 1342 1337 Lex
1366 1308 1465 1347 scripta
1490 1311 1596 1339 nonnisi

856 1351 958 1381 Judaeis
982 1352 1053 1381 data.
1084 1360 1116 1381 V.
1143 1357 1206 1381 586.
1231 1363 1259 1380 n.
1286 1352 1366 1390 Legis
1390 1361 1519 1392 praecepta
1545 1365 1597 1383 nou

857 1395 1040 1434 principaliter
1059 1396 1131 1424 data.
1148 1403 1181 1424 v.
1200 1400 1261 1424 179.
1277 1397 1334 1424 Lex
1356 1396 1383 1424 in
1404 1397 1502 1434 angulo
1519 1397 1598 1436 data,

857 1439 1009 1478 evangelica
1032 1439 1187 1479 praedicatio
1212 1449 1258 1478 per
1277 1439 1370 1468 orbem
1393 1446 1536 1469 terrarum.
1560 1449 1596 1470 V.

857 1488 921 1512 243.
937 1494 962 1512 c.
980 1485 1078 1522 Legem
1098 1490 1173 1512 extra
1186 1483 1382 1522 jerosolymam
1394 1484 1483 1522 legere
1497 1485 1599 1514 Judaeis

858 1537 909 1555 non
923 1527 1028 1555 licebat.
1045 1534 1064 1555 t.
1081 1532 1145 1555 810.
1165 1538 1191 1556 A.
1212 1527 1291 1564 Legis
1312 1535 1443 1566 praeeepta
1458 1528 1599 1558 „Iudaicam

859 1571 987 1599 vilitatem
1008 1577 1138 1609 spectant.
1154 1577 1199 1598 IV.
1220 1576 1283 1598 100.
1299 1581 1328 1600 Ι).
1351 1573 1408 1600 Lex
1429 1572 1516 1600 soluta
1538 1573 1599 1602 fuit.

858 1621 905 1642 tx.
916 1619 980 1644 293.
994 1614 1106 1643 Sublata
1122 1613 1182 1650 fuit,
1197 1624 1248 1642 non
1263 1614 1297 1642 ob
1311 1622 1417 1653 peecata
1426 1615 1595 1653 Judaeorum,

857 1658 902 1686 sed
913 1658 986 1696 quod
997 1659 1150 1697 imperfecta
1167 1664 1241 1686 esset.
1259 1665 1280 1686 Ι.
1299 1663 1362 1687 816.

897 1708 976 1745 Legis
993 1706 1205 1734 observationem
1220 1706 1320 1734 Paulus
1335 1706 1517 1746 abrogandam
1537 1719 1598 1737 sua-

859 1750 910 1779 det.
928 1758 948 1779 1.
966 1754 1030 1778 743.
1049 1756 1095 1777 IX.
1116 1754 1179 1777 606.
1200 1759 1225 1779 e,
1249 1756 1274 1776 et
1304 1751 1399 1779 Petrus
1421 1750 1522 1779 docuit.
1548 1759 1595 1780 tx.

858 1793 1034 1832 282.A.Legis
1049 1799 1148 1821 metum
1161 1793 1240 1821 solvit
1256 1793 1518 1823 Paulus.1x.774.A.
1530 1795 1596 1834 Ejus

857 1838 1015 1875 dignitatem
1030 1836 1129 1865 Paulus
1142 1846 1194 1864 uon
1207 1836 1285 1865 tollit.
1302 1844 1348 1866 IX.
1371 1842 1436 1866 600.
1454 1849 1479 1867 n.
1497 1839 1597 1877 Legem

858 1881 937 1910 modo
953 1881 1094 1910 servabant
1116 1880 1241 1909 Christus
1263 1887 1288 1908 et
1308 1881 1432 1919 apostoli,
1448 1882 1527 1910 modo
1543 1893 1595 1911 non

857 1925 1009 1955 servabant.
1035 1932 1091 1953 VII.
1107 1929 1170 1953 350.
1189 1935 1213 1952 13.
1234 1926 1333 1962 Legem
1357 1935 1525 1962 veneramur,
1551 1927 1597 1955 sed

857 1970 991 2007 quiescere
1025 1969 1148 1998 sinimus.
1172 1976 1191 1997 Ι.
1217 1973 1281 1998 810.
1309 1969 1389 2007 Legis
1417 1969 1596 1999 sacerdotium

855 2014 910 2051 jam
930 2014 1044 2052 ejectum
1066 2018 1104 2040 est
1124 2019 1148 2040 et
1169 2012 1292 2040 cessavit.
1315 2019 1376 2040 xn.
1399 2017 1464 2043 204.
1483 2025 1508 2042 A.
1538 2015 1596 2043 Lex

857 2056 982 2095 abrogata
997 2066 1044 2093 per
1063 2065 1163 2083 novum
1181 2055 1319 2093 populum.
1335 2062 1392 2084 ΠΙ.
1413 2061 1457 2085 44.
1476 2067 1501 2085 13.
1518 2059 1597 2097 Legis

857 2102 942 2141 gloria
963 2109 1008 2136 est,
1032 2108 1060 2130 ut
1080 2101 1174 2129 docere
1198 2100 1281 2139 possit
1300 2101 1415 2139 seipsam
1436 2102 1463 2130 in
1490 2103 1596 2133 Christo

857 2147 992 2175 evacuari.
1014 2153 1058 2174 Vt.
1076 2149 1140 2174 206.
1163 2156 1186 2172 A.
1204 2145 1235 2172 In
1250 2144 1300 2172 hoc
1320 2145 1370 2172 sita
1395 2152 1443 2181 est,
1469 2147 1541 2184 quod
1563 2148 1599 2177 ad

859 2189 997 2218 Christum
1012 2189 1113 2217 animos
1129 2195 1273 2217 convertat.
1296 2195 1329 2216 x.
1348 2193 1412 2217 565.
1426 2201 1451 2218 A.
1470 2191 1528 2218 Lex
1542 2201 1596 2220 non

859 2240 897 2262 est
907 2233 1013 2262 Christo
1027 2232 1169 2261 contraria.
1190 2239 1208 2259 I.
1220 2236 1285 2259 736.
1305 2243 1332 2260 A.
1356 2232 1481 2261 Christus
1495 2233 1522 2262 in
1539 2235 1596 2273 ejus

858 2277 991 2306 auxilium
1014 2277 1095 2305 venit.
1112 2283 1158 2304 IX.
1178 2280 1240 2304 621.
1257 2287 1281 2303 Α.
1296 2276 1345 2304 Est
1368 2276 1444 2314 quasi
1467 2277 1596 2317 paedago-

858 2332 918 2359 gus.
934 2328 954 2349 Ι.
971 2325 1036 2349 736.
1054 2332 1078 2348 A.
1093 2318 1134 2347 Ad
1147 2319 1275 2357 majorem
1292 2319 1493 2358 philosophiam
1508 2323 1596 2350 susci-

858 2365 982 2404 piendam
994 2370 1064 2403 apta.
1081 2370 1102 2391 I.
1114 2368 1178 2391 737.
1192 2374 1215 2390 n.
1243 2364 1299 2391 Lex
1322 2363 1402 2391 finem
1424 2365 1526 2404 accepit
1547 2376 1595 2404 per

857 2409 1003 2437 Christum.
1020 2414 1054 2437 X.
1070 2411 1133 2435 566.
1148 2417 1176 2434 D.
1194 2406 1239 2443 qui
1253 2406 1382 2444 paulatim
1393 2417 1451 2436 eam
1461 2408 1592 2437 solvebat.

858 2459 928 2481 VIII.
946 2456 1010 2480 286.
1023 2461 1051 2479 D.
1066 2452 1162 2489 Legem
1177 2450 1300 2479 Christus
1315 2461 1366 2479 non
1385 2451 1592 2490 transgreditur,

857 2496 902 2524 sed
913 2494 1124 2534 supergreditur.
1146 2501 1214 2523 vttt.
1239 2499 1303 2524 246.
1321 2506 1343 2523 Β.
1362 2495 1440 2533 Legis
1451 2495 1590 2534 plenitudo

858 2539 992 2573 Christus,
1004 2546 1029 2567 et
1043 2538 1104 2566 sinis
1117 2538 1181 2576 legis
1194 2538 1327 2567 Christus.
1346 2546 1391 2567 Xt.
1412 2544 1475 2568 327.
1493 2551 1520 2568 L.
1544 2542 1595 2569 Le-

858 2594 915 2622 gem
931 2590 1044 2613 veterem
1056 2593 1107 2611 nou
1119 2582 1258 2620 abrogavit
1273 2582 1407 2620 Christus,
1417 2583 1460 2612 sed
1476 2584 1594 2623 perfecit.
