1950 2922
115 465 198 486 Paitoi.
217 475 237 495 p.

100 502 137 525 7⁴)-
152 497 190 518 b'o.

134 1123 234 1151 Synmlus

95 1156 224 1181 (ltin-Jsrxsiu<

92 1193 172 1206 11111111.1
183 1186 233 1205 sede

95 1217 221 1243 pellendum

95 1258 98 1265 1
120 1257 139 1267 sc
161 1255 213 1274 PFU-

92 1280 185 1299 nuntiat,

111 1746 171 1765 Suu-r.
183 1744 199 1764 1.
211 1745 233 1765 (i.

113 1817 233 1847 'UH-”bist

97 1848 135 1870 82.
150 1848 187 1869 b3.

279 207 298 227 Q

258 219 320 238 ls.1()
735 218 763 239 S.

254 289 313 306 rum
331 289 384 306 esse
403 289 408 304 t
425 278 560 317 episcopos
582 277 652 306 enim
670 277 818 305 Antiochiae
844 286 990 314 congrega-

253 330 293 351 tos
311 324 345 351 ad
364 324 532 352 evertendam
554 321 793 351 Consubstantialis
814 321 910 357 Iidem,
929 332 991 349 eum

253 368 314 397 odio
328 370 468 406 flagrarent
486 368 614 397 adversus
628 366 814 403 Athanasium,
825 367 896 395 hunc
908 377 990 395 cano-

252 426 311 443 nem
323 415 448 443 emisisse.

292 461 411 494 Aeacius,
428 459 585 495 Antiochus,
603 459 734 498 Cyrinus,
749 459 910 488 Severianus
930 469 990 487 cum

253 506 393 534 Ammonio
405 513 428 533 ct.
442 506 551 533 Leontio
566 506 755 544 Imperatorem
766 505 900 539 adierunt,
915 505 990 533 dixe-

251 559 313 580 runt
327 551 475 580 evocandos
487 561 542 579 esse
558 562 590 579 ex
606 558 681 590 parte
695 551 806 580 Joannis
821 551 913 580 decem
928 552 989 590 epi-

250 608 353 636 scopos,
369 597 404 625 ad
419 597 613 625 conciliandam
629 598 776 626 canonibus
790 597 987 626 auctoritatem.

249 643 363 681 Ingressi
383 650 471 672 autem
491 643 617 682 Elpidins
635 651 658 672 et
681 643 869 681 Tranquillus,
889 644 988 672 suade-

250 689 312 717 bant
323 689 479 729 Imperatori
493 711 500 725 ,
517 699 567 717 non
586 697 707 728 oportere
722 689 823 718 indicta
838 700 916 718 causa
929 690 989 729 ejici

248 737 387 765 joannem.
410 736 478 763 Cum
498 742 586 763 autem
611 736 721 765 Joannis
742 735 887 765 adversarii
909 735 988 763 alter-

249 789 386 817 carcntnr;
399 781 526 821 Elpidius
540 781 696 821 Imperatori
713 782 864 820 proposuit,
882 788 911 809 ut
924 783 988 809 Aca-

248 828 304 855 cius
320 835 344 856 et
367 828 514 856 Antiochus
535 828 734 856 subscriberent
750 838 777 856 se
796 827 915 867 ejusdem
934 838 989 856 esse

249 873 311 901 fidei
329 880 408 912 atque
426 884 469 902 eos
490 873 536 911 qui
557 884 669 902 canones
685 873 842 909 ediderunt,
863 885 929 912 quos
946 874 988 902 illi

247 920 404 949 orthodoxis
427 920 618 959 proponebant.
640 921 788 958 Imperator
811 930 873 948 vero
895 920 988 948 subri-

245 965 311 994 dens
325 966 396 994 dixit
411 966 558 995 Antiocho:
578 966 655 994 Nihil
675 965 743 994 mihi
759 965 853 994 utilius
869 966 985 995 videtur.

245 1012 288 1040 Illi
304 1023 368 1041 vero
383 1022 428 1040 ceu
445 1012 576 1050 vertigine
591 1011 671 1051 capti,
688 1022 715 1040 se
730 1012 928 1051 subscripturos
941 1013 983 1041 di-

245 1068 320 1095 xere,
341 1068 426 1096 neque
443 1065 528 1086 tamen
548 1065 637 1097 postea
654 1058 844 1097 subscripsere.
860 1059 984 1088 Interim—

245 1115 296 1142 que
316 1105 430 1134 ,Ioannes
451 1115 512 1133 cum
528 1103 709 1142 quadraginta
728 1104 835 1132 duobus
855 1105 986 1144 episcopis

246 1151 394 1188 frequcnter
408 1149 582 1178 conveniebat
596 1156 621 1177 ct
635 1149 767 1187 colloquia
782 1149 925 1186 miscebat,
939 1162 985 1189 po—

246 1197 362 1236 puloque
378 1206 426 1224 suo
441 1206 531 1223 sanam
546 1195 696 1223 doctrinam
713 1195 858 1234 praedicare
873 1207 924 1224 non
939 1197 987 1225 dc-

245 1243 363 1271 sistebat.
381 1241 453 1276 Quid
474 1248 564 1269 antem
582 1241 628 1269 illa
648 1240 872 1280 Pseudosynodus
896 1249 986 1270 contra

246 1288 468 1326 Chrysostomnm
486 1286 682 1325 pronuntiarit,
703 1297 755 1314 non
776 1287 900 1316 convenit
918 1288 987 1317 inter

246 1334 387 1373 scriptores
401 1344 406 1360 :
419 1339 573 1371 certumque
591 1339 678 1361 tamen
698 1332 805 1362 videtur
826 1334 897 1373 ipsos
919 1335 987 1363 hanc

246 1380 388 1419 protulisse
403 1378 570 1414 sententiam,
582 1389 597 1406 a
608 1378 668 1406 sede
681 1378 834 1417 pellendum
849 1390 904 1408 esse
915 1390 986 1416 eum,

246 1427 291 1463 qui
303 1437 317 1454 a
332 1425 439 1465 Synodo
454 1425 597 1453 damnatus
608 1431 632 1453 et
643 1424 793 1463 depositus,
809 1425 898 1454 sedem
911 1437 986 1454 suam

247 1472 395 1511 repetierat.

289 1518 393 1547 Deinde
411 1529 473 1546 vero
494 1517 639 1546 Antiochus
660 1519 817 1558 Imperatori
840 1519 923 1547 suasit
944 1527 985 1558 ut,

248 1575 308 1592 cum
326 1565 383 1603 jain
405 1564 505 1592 Pascha
529 1564 695 1599 immineret,
715 1565 822 1603 juberet
838 1565 987 1604 Imperator

247 1612 375 1640 Ioannem
397 1621 429 1638 ex
452 1609 570 1639 Ecclesia
592 1610 690 1648 egredi.
713 1611 756 1638 Illi
776 1621 875 1639 morem
895 1622 987 1650 gerens

248 1657 388 1692 Arcadius,
410 1655 506 1685 Joanni
526 1655 664 1684 mandavit
687 1662 716 1684 ut
736 1656 855 1684 Ecclesia
873 1657 987 1686 excede-

247 1710 296 1731 ret.
315 1702 463 1741 Respondit
478 1702 605 1738 Joannes,
624 1712 650 1729 se
669 1712 683 1730 a
703 1703 759 1730 Deo
778 1702 926 1732 Ecclesiam
941 1714 986 1732 ac-

248 1749 348 1789 cepisse
367 1756 392 1777 et
410 1749 443 1777 ab
464 1748 511 1776 illo
527 1748 583 1776 solo
602 1747 662 1786 ejici
678 1758 762 1786 posse.
781 1748 826 1776 Ait
843 1759 923 1787 porro
938 1750 988 1778 So-

248 1802 331 1824 crates
352 1796 480 1824 Joannem
503 1794 682 1831 obsequutum
705 1804 761 1822 esse
783 1795 908 1824 mandato
930 1797 987 1824 Im-

248 1841 387 1880 peratoris.
403 1841 501 1868 Contra
523 1850 585 1868 vero
606 1838 745 1868 Palladius
765 1847 856 1869 narrat
876 1841 988 1870 sabbato

247 1893 337 1915 sancto
357 1896 418 1914 cnm
439 1885 490 1924 ipsi
510 1884 665 1913 mandatum
686 1887 719 1913 ab
741 1888 903 1925 Imperatore
922 1888 985 1916 mis-

249 1944 308 1962 sum
327 1933 434 1967 suisset,
455 1933 584 1961 Joannem
600 1930 692 1959 eadem
707 1942 766 1970 quae
782 1938 859 1961 antea
877 1943 987 1972 respon-

248 1980 326 2008 disse.

289 2026 427 2055 Instabam
439 2035 543 2064 semper
560 2023 671 2052 Aeacius
686 2030 710 2052 et
724 2024 883 2061 Antiochus,
899 2031 924 2053 et
936 2024 992 2053 de-

251 2073 311 2112 poni
327 2073 456 2101 Joanncm
468 2071 581 2110 ejicique
595 2070 775 2109 postulabant.
793 2071 914 2109 Cumque
927 2071 986 2099 lm-

250 2126 354 2157 pcrator
372 2119 483 2146 haererct
498 2128 527 2145 ac
545 2123 693 2152 vereretur,
708 2123 766 2145 tum
786 2116 841 2145 diei
859 2117 987 2146 sanctita-

249 2171 313 2199 tem,
336 2171 393 2192 tum
416 2175 447 2192 ne
472 2170 559 2191 motus
581 2163 675 2202 populi
697 2163 873 2199 excitaretur,
895 2163 988 2192 dixere

250 2211 363 2239 Aeacius
375 2217 399 2239 et
413 2210 560 2238 Antiochus
572 2222 577 2237 τ
590 2210 620 2237 111
633 2216 712 2248 caput
728 2216 848 2238 nostrum
860 2210 893 2238 sit
905 2211 986 2239 Joan-

249 2257 290 2285 nis
303 2256 442 2295 depositio.
460 2257 531 2284 Tum
546 2255 723 2293 quadraginta
741 2255 781 2283 illi
796 2256 925 2295 episcopi,
938 2257 985 2294 qui

249 2313 309 2331 eum
320 2304 421 2331 ,Ioanne
434 2301 639 2335 consentiebant,
655 2302 844 2340 Imperatorem
855 2310 879 2331 et
893 2304 985 2341 Augu-

250 2357 317 2378 stam
338 2348 477 2381 adierunt,
499 2347 545 2384 qui
567 2354 623 2375 tum
645 2342 773 2386 martyria
792 2359 837 2376 seu
863 2349 985 2378 ecclesias

250 2402 398 2432 martyrum
423 2393 590 2427 invisebant,
617 2393 767 2431 obnixeque
790 2395 889 2432 precati
912 2402 985 2430 sunt,

249 2448 278 2468 111
297 2439 442 2468 Ecclesiam
462 2438 512 2466 Dei
528 2439 553 2465 iu
572 2449 637 2477 pace
650 2438 839 2476 relinquerent,
856 2441 986 2469 maxime-

247 2497 299 2525 que
310 2493 418 2525 propter
428 2484 528 2513 Pascha
543 2491 566 2511 ct
580 2491 687 2522 propter
696 2495 739 2513 eos
751 2485 797 2523 qui
811 2488 985 2524 regenerandi

249 2540 332 2561 (rant.
355 2534 392 2559 Ac
410 2541 470 2559 cum
493 2530 561 2558 nihil
579 2530 720 2569 impetrare
742 2533 985 2569 possent,Paulus,

247 2579 386 2617 episcopus
397 2577 503 2609 (siratizc,
518 2575 651 2604 clamavit:
665 2576 798 2611 Eudoxia,
813 2578 899 2607 Deum
913 2579 986 2615 time,

248 2633 352 2652 tuorum
368 2623 511 2651 libs-rorum
527 2621 663 2651 miserere:
676 2633 759 2660 neque
774 2623 854 2652 violes
868 2632 982 2653 sanctam

794 216 931 240 'onmis
957 215 1189 240 cuuYSOSTOMt
1217 217 1314 248 VtTA,

1045 277 1143 305 Christi
1158 277 1351 306 solemnitatem
1361 278 1497 317 sanguinis
1509 279 1645 309 effusione.
1658 280 1730 309 Tum
1742 279 1782 309 illi

1043 322 1220 361 quadraginta
1235 324 1352 363 episcopi
1368 325 1455 353 moesti
1468 325 1502 353 ad
1522 324 1668 354 diversoria
1687 338 1715 355 se
1736 338 1782 355 re-

1044 378 1134 406 cepere
1148 380 1206 397 sua.

1085 415 1266 454 Primipilares
1277 426 1339 444 vero
1351 416 1536 455 Chrysostomi
1551 417 1638 446 hostes
1649 417 1727 446 illum
1738 417 1782 446 dc-

1044 460 1152 488 truderc
1172 460 1331 499 cogitantes,
1355 472 1416 490 cum
1440 462 1612 500 Imperatoris
1635 463 1722 501 copias
1747 464 1780 491 ad

1044 517 1152 534 manum
1165 507 1303 543 haberent,
1315 507 1452 535 collectam
1466 507 1584 536 militum
1600 514 1715 536 turmam
1727 509 1782 536 mi-

1044 559 1142 580 serunt.
1163 553 1194 581 In
1218 553 1275 592 ipso
1295 553 1406 581 sabbato
1432 560 1521 582 sancto
1542 553 1577 582 ad
1596 564 1734 593 vesperam
1754 555 1783 583 in

1041 598 1166 626 ecclesias
1179 598 1289 637 ingressi
1304 599 1413 634 milites,
1427 600 1534 628 Clerum
1546 610 1651 628 omnem
1664 600 1708 638 qui
1721 611 1782 629 cum

1042 644 1145 673 Joanne
1161 652 1216 673 erat
1233 645 1375 684 ejecerunt,
1397 652 1422 673 et
1438 645 1521 674 armis
1539 646 1720 674 sanctuarium
1734 657 1782 675 un-

1043 689 1125 728 dique
1153 690 1323 720 obsederunt.
1353 691 1480 720 Mulieres
1513 702 1617 730 quoque
1645 702 1782 721 sacrarum

1044 736 1141 764 aedium
1152 759 1159 770 ,
1178 747 1236 774 quae
1252 747 1279 765 se
1293 744 1421 765 exuerant
1435 744 1463 765 ut
1477 737 1695 776 baptizarentur,
1710 745 1783 767 metu

1043 783 1201 821 perterritae,
1218 783 1296 811 nudae
1311 784 1491 821 aufugerunt,
1509 794 1593 821 neque
1604 783 1675 812 enim
1690 794 1782 812 conce-

1043 828 1156 857 debatur
1173 829 1226 857 illis
1246 835 1275 856 ut
1297 840 1323 857 se
1343 829 1478 864 velarent,
1496 829 1564 858 sicut
1586 830 1708 858 mulieres
1728 830 1781 859 ho·-

1042 881 1128 902 nestas
1150 874 1234 903 decet.
1262 875 1356 903 Multa}
1381 874 1461 903 etiam
1485 875 1599 914 acceptis
1622 875 1782 904 vulneribus

1041 920 1231 959 ejiciebantur,
1254 927 1279 948 et
1304 920 1432 958 sanguine
1455 920 1636 960 implebantur
1657 921 1782 960 piscinae,

1041 977 1188 1004 cruoreque
1212 967 1279 995 sacri
1305 966 1396 995 latices
1418 967 1601 997 rubescebant.
1624 968 1716 1006 Neque
1737 968 1782 997 liic

1041 1023 1131 1040 rerum
1150 1012 1214 1041 finis
1231 1013 1282 1041 fuit
1299 1025 1305 1040 :
1321 1013 1347 1040 in
1364 1013 1452 1041 locum
1467 1013 1547 1042 etiam
1568 1014 1595 1041 in
1618 1024 1671 1052 quo
1692 1021 1782 1043 saneta

1041 1057 1147 1086 condita
1166 1058 1343 1087 servabantur
1366 1058 1476 1097 ingressi
1497 1066 1559 1087 sunt
1581 1059 1694 1096 milites,
1716 1071 1782 1098 quo-

1041 1115 1102 1132 rum
1119 1105 1221 1142 aliquot
1233 1105 1316 1133 nullis
1331 1105 1428 1133 initiati
1443 1112 1516 1133 erant
1531 1105 1666 1145 mysteriis
1678 1128 1685 1141 ,
1700 1106 1780 1135 vide-

1041 1158 1157 1189 runtque
1180 1158 1266 1179 tamen
1289 1151 1377 1179 omnia
1400 1162 1459 1189 qum
1486 1151 1557 1179 intus
1581 1151 1776 1180 servabantur:

1040 1197 1105 1235 quin
1117 1204 1141 1225 01
1152 1196 1334 1225 sanctissimus
1350 1196 1451 1225 Christi
1463 1196 1570 1235 sanguis
1580 1220 1587 1233 ,
1600 1197 1666 1225 utin
1678 1197 1725 1226 tali
1740 1204 1782 1226 tu-

1041 1242 1128 1270 multu
1143 1242 1262 1270 aceiderc
1277 1249 1391 1281 poterat,
1407 1242 1434 1270 111
1449 1242 1568 1270 militum
1584 1249 1670 1271 vestes
1681 1243 1782 1272 effusus

1040 1295 1088 1317 est.
1104 1289 1182 1316 Tunc.
1198 1287 1288 1316 omnia
1309 1298 1357 1316 ceu
1374 1288 1399 1316 in
1415 1288 1557 1316 barbarica
1573 1288 1722 1327 irruptione
1732 1300 1781 1328 pa-

1041 1341 1109 1362 trata
1125 1334 1239 1363 vidisses
1257 1345 1262 1361 :
1279 1333 1376 1372 vulgus
1392 1333 1418 1362 in
1433 1333 1605 1362 solitudinem
1621 1334 1781 1372 fugabatur;

1042 1380 1189 1409 multitudo
1221 1381 1307 1408 omnis
1334 1387 1408 1408 extra
1443 1379 1589 1408 civitatem,
1611 1380 1781 1417 versabatur;

1041 1433 1168 1464 erantque
1183 1426 1299 1455 ecclesiae
1314 1426 1340 1454 in
1357 1433 1428 1454 tanta
1446 1426 1588 1454 festivitate
1601 1426 1710 1455 omnino
1731 1437 1782 1456 va-

1041 1483 1106 1500 cuae.
1120 1473 1245 1511 Episcopi
1258 1472 1318 1511 plus
1333 1471 1521 1510 quadraginta,
1533 1473 1579 1510 qui
1592 1472 1702 1501 Joannis
1715 1483 1781 1501 con—

1042 1518 1122 1546 sortio
1134 1518 1302 1554 fruebantur,
1316 1528 1375 1546 cum
1391 1518 1467 1546 Clero
1483 1524 1507 1545 et
1521 1518 1620 1556 populo
1635 1518 1692 1547 sine
1703 1529 1781 1548 causa

1041 1563 1068 1591 in
1081 1564 1173 1602 sugam
1185 1564 1253 1592 versi
1265 1571 1335 1592 suut.
1347 1563 1493 1592 Horrendis
1504 1564 1659 1603 hujusmodi
1672 1565 1782 1603 flagitiis

1041 1611 1128 1638 onmia
1147 1610 1231 1638 mixta
1249 1610 1409 1647 turbataque
1424 1616 1499 1638 erant
1513 1620 1520 1637 :
1538 1610 1638 1647 ubique
1652 1621 1699 1649 per
1711 1611 1778 1646 sora,

1041 1667 1087 1695 per
1107 1656 1212 1692 domos,
1238 1667 1283 1696 per
1299 1655 1467 1693 solitudines,
1488 1666 1535 1694 pcr
1553 1666 1644 1684 omnes
1664 1656 1780 1686 civitatis

1041 1709 1145 1741 partes,
1171 1702 1259 1731 omnia
1280 1701 1419 1737 lamentis,
1440 1701 1598 1740 ejulatibus,
1617 1707 1642 1729 01
1662 1701 1780 1730 fontibus

1040 1748 1221 1788 lacrymarum
1234 1748 1331 1787 plena5
1347 1754 1375 1776 111
1390 1758 1442 1775 11011
1458 1747 1537 1775 modo
1552 1747 1597 1784 qui
1611 1746 1637 1775 111
1652 1748 1779 1777 aerumnis

1042 1795 1232 1831 versabantur,
1258 1793 1304 1822 sed
1323 1800 1348 1822 et
1365 1793 1411 1832 qui
1435 1793 1501 1821 nihil
1525 1793 1576 1821 tale
1595 1792 1780 1831 patiebantur,

1041 1851 1093 1870 non
1116 1840 1247 1869 Catholici
1263 1839 1357 1875 modo,
1372 1839 1418 1868 sed
1432 1839 1512 1867 etiam
1526 1839 1659 1875 haeretici,
1675 1839 1780 1875 Judaei,

1041 1886 1187 1915 idololatra:
1205 1896 1266 1914 cum
1282 1885 1427 1914 Catholicis
1441 1885 1560 1913 dolerent
1574 1896 1580 1913 z
1592 1891 1617 1913 et
1636 1885 1712 1923 quasi
1730 1896 1780 1914 ex-

1042 1940 1158 1972 pugnata
1173 1933 1207 1961 ab
1228 1932 1349 1961 hostibus
1364 1931 1486 1967 civitate,
1506 1931 1623 1959 tumultu
1635 1953 1642 1967 ,
1659 1931 1781 1970 trepida-

1041 1979 1113 2007 tione
1126 1986 1151 2007 et
1167 1979 1275 2018 planctu
1287 1978 1364 2017 plena
1380 1984 1454 2006 erant
1468 1977 1565 2005 omnia.

1080 2025 1163 2054 Addit
1179 2035 1240 2054 vero
1261 2025 1468 2063 Chrysostomus
1484 2023 1548 2052 talia
1567 2033 1644 2052 ausos
1660 2034 1714 2052 esse
1729 2024 1780 2052 ini-

1041 2071 1124 2100 micos
1149 2078 1246 2110 praeter
1268 2070 1425 2099 sententiam
1451 2069 1565 2108 piissimi
1593 2071 1774 2108 Imperatoris,

1040 2117 1177 2146 Nimirum
1197 2117 1283 2145 bonus
1304 2126 1334 2144 ac
1353 2116 1426 2144 mitis
1448 2115 1595 2151 Arcadius,
1614 2116 1659 2153 qui
1677 2116 1710 2144 ab
1735 2116 1780 2144 ad-

1040 2163 1166 2193 versariis
1181 2161 1367 2202 Chrysostomi
1383 2161 1523 2200 deceptus,
1534 2161 1689 2200 pellendum
1701 2162 1779 2191 illum

1040 2221 1095 2239 esse
1109 2216 1260 2245 censuerat,
1280 2219 1331 2236 non
1347 2208 1458 2246 putabat.
1475 2217 1590 2245 eousque
1610 2218 1778 2246 processuros

1040 2267 1095 2286 0550
1107 2255 1309 2285 consceleratos.
1332 2254 1363 2282 111
1382 2260 1458 2282 110010
1479 2253 1575 2287 multa,
1594 2253 1681 2291 inquit
1701 2255 1779 2283 Joan-

1040 2314 1096 2339 nes,
1116 2303 1214 2332 factum
1233 2308 1282 2339 est,
1306 2300 1436 2339 episcopis
1453 2299 1508 2328 haee
1530 2299 1734 2333 instruentibus,
1754 2307 1779 2328 ct

1040 2349 1132 2378 multis
1153 2349 1179 2377 iu
1196 2348 1260 2376 locis
1282 2347 1389 2375 ordines
1410 2345 1569 2374 ducentibus
1583 2367 1590 2379 ‚
1613 2355 1660 2373 nec
1683 2345 1777 2373 erube-

1039 2395 1171 2433 centibus,
1191 2393 1262 2432 quod
1276 2404 1323 2432 pro
1338 2392 1457 2422 diaconis
1472 2391 1684 2431 campiductores
1697 2391 1777 2420 habe—

1039 2448 1096 2470 rent
1110 2447 1263 2480 praeeuntes.

1081 2487 1143 2515 Haec
1163 2486 1381 2525 Chrysostomus,
1400 2484 1446 2512 nbi
1463 2484 1588 2513 advertas
1603 2484 1691 2523 ipsum
1707 2484 1777 2513 dice-

1039 2543 1067 2561 re
1082 2533 1169 2569 primo
1185 2532 1240 2560 lnce
1254 2531 1280 2559 in
1296 2542 1405 2570 vespera
1421 2531 1523 2559 sabbati
1541 2531 1624 2559 sancti
1640 2537 1723 2569 coepta
1734 2553 1741 2567 ,
1751 2538 1777 2560 et

1040 2570 1161 2617 quaedam
1175 2578 1258 2607 multa
1271 2577 1419 2606 noctesacta
1430 2600 1437 2613 ,
1451 2577 1476 2605 in
1488 2577 1604 2605 ecclesiis
1617 2583 1705 2605 autem
1718 2577 1775 2614 qui-

1040 2625 1152 2654 busdam
1174 2625 1228 2654 hoec
1246 2631 1347 2663 patrata
1365 2623 1446 2652 fuisse
1464 2623 1538 2651 dicit.
1561 2625 1626 2651 Cum
1644 2633 1723 2662 porro
1743 2633 1774 2651 cx

1821 417 1933 446 Chrysost.

1795 452 1809 468 t.
1822 447 1934 476 3.p.518.

1794 478 1848 508 5¹9.

1852 605 1935 626 manes
1949 602 1950 606 ’

1793 636 1907 656 ecclesiam

1794 668 1910 688 invadunt.
