1950 2922
98 278 112 297 :X
124 286 158 299 vno
179 278 231 306 337.

192 788 225 807 1113

254 203 316 236 118

245 276 326 304 fuisse
346 275 489 314 probatur:
506 286 606 304 necnon
626 274 768 303 mittendos
783 275 837 302 l'ore
850 271 982 311 evangelii

246 332 396 360 praecones,
410 322 455 359 qui
471 328 554 350 totum
576 328 705 349 terrarum
725 320 818 348 orbem
838 317 982 357 disciplina

247 367 346 395 Christi
369 367 508 405 replerent.
531 367 683 404 Probatque
705 366 813 393 Petrum
827 371 853 393 et
867 364 983 392 Paulum

245 413 353 451 regibus
374 421 399 442 ct
417 412 624 452 Imperatoribus
638 412 751 450 majores
773 410 984 450 potentioresque

245 459 327 488 fuisse
336 482 343 496 ‚
357 459 403 497 qui
413 460 483 497 leges
494 468 585 487 eorum
596 457 786 496 abrogaverint
798 479 806 492 ,
820 456 895 495 queis
906 455 983 484 Chri-

246 505 279 533 sti
311 511 442 544 praecepta
475 504 678 532 substituerunt.
703 503 848 532 Judaicum
880 501 983 531 cultum

245 549 428 588 abrogandum
442 549 498 577 fore
512 560 526 577 a
541 548 679 588 prophetis
694 548 901 587 praenuntiatum
915 546 981 574 fuis-

244 606 271 623 se
291 595 589 634 pi·obat‚futurumque
608 595 681 623 orbis
700 594 819 622 universi
837 592 981 632 judicium.

244 642 360 668 Demum
381 641 468 669 crucis
493 640 594 669 Christi
611 640 795 679 praestantiam
809 646 834 668 et
857 639 983 667 honorem

244 687 366 726 pluribus
378 687 487 715 indicat.
501 699 515 713 ιι
526 687 702 726 Imperatores
715 685 796 721 enim,
808 685 904 723 inquit,
913 685 982 724 posi-

243 740 270 762 to
280 733 441 767 diademate,
455 744 561 762 crucem
575 731 902 772 suscipiunt,symbolum
915 741 984 759 mor-

243 781 276 809 tis
287 780 361 808 illius
375 792 380 807 :
394 780 421 808 in
432 790 553 819 purpura
565 790 647 815 crux,
661 779 688 807 in
697 778 847 806 diademate
859 787 926 805 crux
936 799 944 813 ‚
957 777 983 805 in

243 825 367 865 precibus
378 836 446 854 crux
455 848 463 862 ,
477 826 504 854 in
518 825 600 854 armis
610 835 691 860 crux3
705 831 730 853 ct
742 824 840 862 ubique
852 830 984 852 terrarum

247 882 314 900 crux
326 871 385 910 plus
397 882 477 910 quam
493 871 533 899 sol
547 871 671 910 refulget.
684 870 796 908 »Pergit
809 880 873 898 vcro
882 869 916 898 de
927 880 986 897 cru-

244 928 274 945 ce
292 917 403 956 loquens
415 929 422 954 ;
436 917 503 946 dicit
517 917 651 957 principes
665 923 690 945 et
702 916 825 945 subditos
836 938 843 951 ,
857 916 983 944 mulieres

242 970 267 991 et
281 963 353 992 viros
362 986 369 999 ‚
385 963 504 1002 virgines
519 971 544 992 et
558 970 655 1002 nuptas
664 985 672 999 ,
684 973 773 991 servos
789 969 813 991 ct
831 962 930 991 liberos
942 962 982 990 si-

241 1019 324 1047 gnum
337 1010 424 1038 crucis
434 1010 566 1038 frontibus
578 1010 731 1048 imprimere
743 1031 751 1045 ,
759 1020 790 1038 ac
799 1009 872 1038 viros
884 1009 981 1038 mulie-

240 1065 335 1093 resque
360 1066 430 1085 verae
451 1056 536 1084 crucis
550 1056 711 1094 particulam
726 1066 791 1084 auro
815 1056 944 1084 inclusam
965 1066 980 1084 a

241 1101 310 1129 collo
329 1102 497 1140 suspendere.
508 1103 676 1139 Demumque
695 1108 786 1129 narrat
805 1101 981 1138 Judaeos,sa-

240 1154 319 1175 vente
335 1147 386 1175 sihi
403 1147 584 1186 Imperatore,
603 1147 648 1185 qui
669 1157 760 1175 omnes
778 1147 914 1186 impietate
936 1158 980 1176 su-

240 1193 366 1231 perabat,
382 1203 476 1232 nempe
494 1193 603 1222 Juliano
627 1195 753 1231 Apostata
765 1213 772 1226 ,
785 1193 914 1231 templum
938 1203 981 1222 re--

240 1245 358 1267 staurare
371 1240 468 1267 frustra
484 1239 638 1267 tentavisse.

281 1285 407 1323 Quinque
420 1295 484 1314 vero
498 1292 634 1323 sequentes
655 1291 745 1313 contra
767 1285 980 1314 Judzcosfhomi-

239 1331 289 1360 lias
300 1331 348 1359 diu
360 1337 420 1370 post
431 1331 610 1359 intermissam
623 1337 715 1359 contra
726 1330 833 1358 eosdem
848 1339 981 1359 concerta-

240 1379 339 1406 tionem
354 1377 460 1405 habitas
476 1377 557 1406 fuisse
575 1377 729 1405 subindicat
748 1377 805 1416 ipsc
819 1377 982 1416 Chrysosto-

241 1435 301 1453 mus
316 1424 393 1452 initio
413 1430 530 1461 quartae,
550 1424 593 1452 his
607 1423 697 1452 verbis
714 1436 720 1452 :
737 1436 751 1450 «
764 1425 867 1452 Rursus
889 1424 983 1452 infeli-

240 1481 283 1499 ces
298 1470 338 1498 illi
354 1470 562 1508 mortaliumque
576 1469 719 1498 miserrimi
734 1470 822 1499 Judaei
833 1469 982 1509 jejunaturi

241 1522 303 1544 sunt
322 1527 328 1543 x
349 1526 441 1544 rursus
460 1515 561 1543 Christi
580 1525 688 1553 gregem
707 1515 860 1543 muniamus
879 1526 982 1545 necesse

240 1568 287 1589 est.
305 1573 318 1587 »
333 1561 385 1590 Sed
399 1568 488 1600 aperte
505 1561 622 1589 declarat
637 1561 748 1589 homilia
758 1568 831 1589 sexta
848 1572 924 1590 num.
941 1564 978 1592 6:

241 1620 254 1633 ε(
271 1607 347 1644 Quid
371 1614 460 1636 autem
481 1607 576 1645 loquor
595 1607 630 1635 de
650 1607 842 1646 praedonibus?
863 1609 979 1646 profecto

241 1652 315 1681 scitis
326 1663 416 1682 omncs
427 1663 457 1681 ac
468 1652 626 1681 meministis
635 1674 643 1688 ,
659 1652 766 1690 quando
776 1653 849 1692 apud
861 1664 908 1682 nos
918 1665 978 1683 sce-

240 1699 317 1727 lerati
338 1699 449 1737 quidam
466 1707 491 1728 et
509 1699 713 1738 praestigiatores
734 1705 834 1727 statuas
849 1699 978 1738 principis

239 1743 406 1784 dejecerunt,
416 1756 468 1783 quo
478 1752 556 1784 pacto
566 1755 617 1773 non
629 1744 669 1772 illi
681 1751 784 1773 tantum
792 1765 799 1778 ‚
819 1745 866 1782 qui
877 1746 978 1776 facinus

240 1791 298 1820 ausi
312 1792 433 1828 fucrant,
456 1791 503 1820 sed
517 1797 647 1829 quotquot
662 1790 820 1828 simpliciter
838 1800 978 1829 praesentes

241 1837 373 1877 conspecti
383 1837 487 1865 fuerant
497 1859 504 1873 ‚
515 1836 643 1875 quoniam
654 1835 815 1864 videbantur
825 1836 881 1866 illis
888 1847 978 1866 assen-

240 1883 305 1917 tiri,
331 1883 358 1911 in
381 1882 516 1922 judicium
540 1882 643 1921 abrepti
656 1905 664 1918 ,
687 1882 820 1920 simulque
839 1893 901 1911 cum
924 1883 978 1912 illis

240 1928 369 1965 abducti,
392 1935 511 1958 extremo
534 1928 668 1967 supplicio
690 1934 751 1956 sum
772 1927 872 1957 affecti.
892 1941 906 1955 ν
927 1929 978 1958 Hic

242 1981 415 2004 memoratam
428 1974 555 2003 videmus
570 1974 644 2002 illam
666 1973 823 2012 tragoediam
834 1996 842 2009 ,
858 1985 916 2012 quse
932 1986 977 2014 per

241 2028 324 2049 totam
337 2020 577 2059 Quadragesimam
591 2019 654 2048 anni
668 2019 736 2054 587,
754 2020 889 2049 occasione
901 2020 977 2060 deje-

240 2074 343 2095 ctarum
355 2073 519 2103 statuarum,
534 2065 681 2094 Antiochia:
697 2066 850 2105 spectaculo
863 2067 929 2103 fuit,
945 2068 978 2096 de

241 2122 294 2150 qua
312 2113 436 2151 pluribus
451 2123 498 2141 suo
517 2112 585 2141 loco.
606 2111 670 2140 Hzrc
684 2122 765 2151 porro
778 2119 853 2141 sexta
866 2113 978 2142 homilia

240 2157 333 2186 hahita
353 2165 391 2186 est
414 2159 472 2197 ipso
491 2158 588 2197 jejunii
611 2157 767 2188 Judaeorum
789 2158 849 2195 die,
869 2166 899 2188 ut
921 2160 978 2200 ipse

242 2203 449 2243 Chrysostomus
460 2203 526 2232 dicit
537 2204 562 2232 in
575 2204 628 2232 sine
644 2214 650 2231 :
667 2211 759 2242 quarta
771 2204 863 2233 decem
873 2206 979 2235 circiter

241 2249 337 2278 diebus
349 2256 409 2278 ante
421 2250 554 2288 jejunium
570 2262 575 2277 :
595 2250 687 2288 quinta
708 2250 867 2280 intermedio
878 2274 885 2288 ‚
901 2260 931 2281 ut
944 2264 978 2281 ex

241 2295 360 2324 ordiendi
373 2295 452 2324 modo
462 2295 559 2333 liquet,
572 2303 689 2335 tempore
701 2308 707 2324 :
721 2298 832 2336 septima
842 2321 848 2333 ,
860 2299 977 2328 nondum

241 2342 364 2370 absoluto
378 2341 534 2371 Judaeorum
549 2342 614 2370 sesto
629 2355 635 2370 :
650 2350 758 2378 octava,
772 2351 833 2383 post
844 2345 977 2384 jejunium

240 2394 266 2415 et
279 2387 395 2424 festum;
406 2387 443 2415 ita
457 2394 485 2415 ut
498 2398 531 2416 ex
544 2387 729 2427 Chrysostomi
743 2390 831 2418 verbis
843 2391 913 2420 clare
923 2392 978 2420 col-

239 2434 341 2472 ligatur
361 2443 422 2462 eum
437 2433 525 2462 minus
547 2444 627 2471 quam
648 2434 744 2472 viginti
763 2435 869 2464 dicrum
890 2438 976 2476 spatio

241 2479 357 2518 quinque
368 2487 514 2519 postremas
529 2486 618 2507 contra
631 2479 737 2508 Judaeos
751 2480 876 2511 homilias
888 2494 976 2513 mense

240 2525 391 2564 Septembri
405 2524 559 2553 absolvisse.
575 2525 631 2553 Hac
646 2524 680 2553 dc
697 2536 725 2554 re
741 2526 886 2557 difficultas
901 2530 973 2559 nulla

238 2571 353 2599 suboriri
373 2577 469 2611 potest.
491 2572 589 2600 Utrum
603 2577 690 2599 autem
708 2582 777 2601 anno
787 2573 861 2610 587,
879 2575 972 2605 codem

238 2624 389 2648 recurrente
401 2617 520 2656 jejunio,
538 2617 612 2656 cujus
623 2627 700 2647 causa
713 2625 764 2647 tres
775 2619 875 2658 priores
886 2621 972 2651 homi-

716 213 744 236 S.
772 212 912 236 JOANMS
939 209 1167 232 CHRYSOSTOMI
1193 209 1286 239 viTA,

1037 271 1087 299 lias
1106 281 1175 299 anno
1193 272 1317 310 proximo
1336 271 1481 310 habuerat,
1501 271 1548 301 has
1566 273 1684 311 quinque
1706 282 1773 302 con·
1790 279 1854 301 Anno
1870 279 1927 309 387.

1039 316 1126 345 ciones
1148 317 1376 356 pronuntiaverit,
1397 318 1446 347 etsi
1468 327 1520 347 non
1540 318 1651 358 perinde
1672 326 1773 348 certum

1038 362 1153 391 habetur
1162 385 1171 400 ,
1186 363 1293 392 omnino
1307 370 1396 392 tamen
1410 363 1550 403 probabile
1568 371 1617 394 est.
1632 366 1662 394 In
1677 365 1775 394 harum

1039 415 1109 437 certe
1129 408 1303 438 homiliarum
1325 409 1439 439 decursu
1459 417 1609 450 martyrum
1633 413 1775 441 memorias

1039 464 1178 483 occurrere
1189 454 1257 483 dicit
1271 462 1377 485 sanctus
1389 455 1497 492 doctor,
1511 457 1736 494 quemadmodum
1750 466 1775 487 et

1038 499 1066 527 in
1087 500 1223 538 prioribus
1242 501 1296 529 illis
1319 502 1493 531 concionibus
1514 503 1576 531 anni
1599 502 1658 532 '586
1680 515 1686 531 :
1709 515 1776 542 quas

1040 555 1129 574 mense
1146 546 1296 585 Septembri
1312 557 1340 575 se
1357 547 1482 576 habuisse
1501 548 1666 578 testificatur.
1687 549 1777 579 Vide-

1041 598 1136 629 turque
1151 592 1358 632 Chrysostomus
1377 593 1520 623 Judaicum
1534 595 1678 630 morbum,
1692 595 1777 624 Chri-

1039 638 1187 667 stianorum
1201 639 1381 678 quorumdam
1397 640 1493 669 animis
1512 640 1600 670 adhuc
1618 641 1776 679 haerentem,

1040 685 1083 713 cui
1099 685 1230 715 medicam
1242 697 1352 714 manum
1371 697 1440 715 anno
1454 686 1513 716 586
1524 686 1693 724 admoverat,
1707 698 1777 716 anno

1039 732 1120 760 etiam
1134 732 1282 770 insequenti
1296 733 1402 772 penitus
1416 743 1509 762 curare
1523 733 1639 762 voluisse
1651 745 1657 761 :
1673 734 1778 773 ipsum—

1039 788 1091 815 que
1112 777 1231 806 homiliae
1253 785 1352 816 quartae
1374 777 1532 814 exordium,
1556 780 1665 808 Rursus
1679 780 1778 808 Judoei

1036 825 1198 863 jejunaturi
1213 831 1280 852 sunt
1292 846 1300 860 ‚
1315 823 1434 853 eamdem
1455 825 1578 864 proxime
1597 833 1778 855 recurrentem

1040 870 1102 898 anni
1117 877 1299 909 tempestatem
1311 881 1420 909 prorsus
1434 871 1585 910 significare
1596 871 1715 902 videtur,

1079 917 1145 950 Quae
1163 923 1253 945 contra
1270 918 1410 945 Anomoeos
1429 923 1454 945 et
1470 923 1560 945 contra
1578 917 1686 947 Judaeos
1699 917 1778 946 annis

1037 961 1098 991 586
1114 968 1138 989 et
1158 963 1216 991 587
1230 962 1300 990 dixit
1311 984 1319 997 ‚
1339 969 1364 990 et
1377 961 1486 1000 quidem
1506 973 1559 991 non
1573 963 1654 992 semel
1667 963 1778 993 alternis

1036 1007 1142 1036 vicibus
1158 1007 1293 1036 interdum
1304 1007 1338 1036 de
1349 1017 1402 1036 uno
1412 1030 1420 1045 ‚
1436 1008 1572 1036 interdum
1583 1008 1617 1037 de
1631 1009 1683 1038 alio
1695 1019 1776 1048 argu-

1036 1059 1124 1081 mento
1136 1075 1143 1089 ,
1163 1053 1326 1082 continenter
1346 1061 1371 1082 et
1392 1064 1445 1082 una
1467 1053 1534 1082 serie
1555 1054 1709 1091 referenda,
1727 1065 1777 1083 nec

1036 1098 1229 1137 intercipienda
1244 1099 1375 1128 duximus
1387 1122 1394 1135 ‚
1409 1099 1498 1128 missis
1511 1100 1571 1129 aliis
1581 1100 1680 1130 diversi
1693 1112 1774 1141 argu-

1036 1145 1117 1173 menti
1132 1145 1251 1173 homiliis
1261 1168 1268 1179 ‚
1284 1156 1350 1183 quas
1365 1156 1412 1184 per
1426 1145 1495 1174 illud
1510 1147 1636 1185 temporis
1657 1148 1776 1186 spatium

1036 1191 1071 1219 ad
1089 1192 1220 1230 populum
1240 1192 1349 1226 habuit,
1363 1203 1396 1220 ne
1413 1192 1451 1220 rei
1462 1215 1471 1229 ⁷
1487 1203 1545 1230 quae
1558 1192 1676 1231 ejusdem
1693 1204 1777 1233 argu-

1037 1238 1119 1265 menti
1133 1245 1204 1273 erat,
1220 1248 1329 1265 cursum
1341 1237 1579 1276 interpellaremus.
1591 1239 1775 1275 Quamobrem

1037 1283 1180 1322 repetenda
1195 1290 1258 1312 sunt
1271 1294 1300 1312 ea
1310 1305 1318 1321 ‚
1338 1294 1397 1321 quae
1411 1294 1459 1323 per
1472 1283 1540 1312 illud
1551 1285 1679 1324 temporis
1689 1285 1776 1315 inter-

1037 1329 1142 1357 stitium
1156 1330 1280 1359 tractavit
1292 1353 1299 1366 ‚
1315 1340 1429 1368 quorum
1441 1330 1569 1359 nonnulla
1580 1341 1633 1360 non
1647 1331 1775 1369 minoris,

1036 1374 1090 1403 imo
1105 1375 1215 1415 majoris
1226 1376 1353 1404 momenti
1366 1386 1422 1405 esse
1434 1383 1573 1416 putantur.

1078 1422 1167 1450 Primo
1182 1429 1271 1451 autem
1282 1423 1398 1451 occurrit
1407 1422 1525 1451 Humilia
1538 1422 1575 1451 de
1584 1423 1774 1462 Anathemate,

1037 1559 1140 1589 Monito
1156 1560 1343 1599 probavimus3
1353 1567 1383 1588 ut
1393 1570 1487 1599 nempe
1496 1561 1600 1590 sedaret
1611 1562 1773 1593 simultatem

1035 1607 1170 1635 subortam
1189 1607 1254 1636 olim
1277 1607 1346 1635 inter
1370 1608 1528 1636 Meletianos
1553 1615 1578 1636 et
1603 1609 1774 1640 Paulinianos

1035 1660 1162 1691 utrosque
1174 1653 1325 1682 catholicos
1334 1676 1341 1689 ‚
1353 1664 1412 1691 quae
1423 1652 1557 1682 discordia
1567 1654 1618 1682 sub
1626 1654 1771 1692 Flaviano,

1035 1707 1059 1728 et
1070 1699 1105 1728 ad
1119 1699 1229 1737 longum
1242 1706 1332 1738 postea
1347 1706 1453 1738 tempus
1468 1706 1585 1727 extracta
1599 1706 1649 1730 est.
1668 1700 1723 1730 Sed
1737 1701 1772 1730 ad

1034 1744 1140 1773 lectoris
1162 1744 1332 1774 commodum
1353 1755 1394 1772 res
1415 1744 1450 1772 ab
1470 1744 1548 1773 initio
1566 1745 1673 1774 dissidii
1691 1757 1772 1786 repe-

1034 1791 1111 1820 tenda
1121 1797 1168 1820 est.

1074 1837 1234 1867 Eustathius
1250 1836 1447 1872 Antiochianus,
1461 1836 1504 1865 vir
1517 1843 1623 1866 sanctus
1635 1844 1660 1866 et
1673 1839 1773 1868 Catho-

1034 1885 1101 1915 licus
1112 1907 1119 1917 ‚
1135 1883 1248 1920 ideoque
1261 1883 1369 1912 Arianis
1385 1883 1505 1919 invisus,
1519 1883 1639 1922 ipsorum
1653 1894 1733 1922 opera
1748 1892 1774 1913 et

1034 1930 1176 1960 calumniis
1193 1929 1329 1968 depositus
1347 1929 1374 1957 in
1391 1929 1570 1967 exsiliumque
1581 1936 1655 1958 actus
1667 1930 1772 1967 fuerat,

1033 1987 1102 2006 anno
1121 1976 1225 2004 circiter
1239 1977 1318 2010 550;
1334 1975 1361 2003 in
1377 1976 1485 2015 ejusque
1506 1975 1596 2004 locum
1611 1975 1775 2005 substitutus

1034 2023 1119 2051 fuerat
1133 2022 1202 2050 alius
1216 2021 1356 2061 episcopus
1369 2022 1482 2050 Arianus
1498 2033 1504 2049 :
1518 2021 1695 2061 deincepsque
1704 2033 1771 2051 con-

1033 2068 1137 2097 tinuata
1151 2068 1316 2097 successione
1334 2067 1454 2105 ejusdem
1473 2074 1547 2095 sectae
1571 2067 1690 2106 episcopi
1711 2070 1770 2097 An—

1033 2114 1183 2144 tiochenam
1195 2121 1301 2143 tenuere
1312 2114 1401 2142 sedem
1409 2136 1416 2150 ‚
1430 2113 1575 2142 Catholicis
1589 2113 1696 2142 interim
1709 2124 1773 2143 cum

1034 2160 1211 2190 Eustathiano
1234 2159 1304 2188 clero
1329 2159 1438 2187 seorsim
1461 2158 1583 2187 collectas
1608 2159 1749 2197 agentibus
1761 2182 1770 2198 ‚

1033 2206 1118 2235 donec
1133 2206 1224 2234 Ariani
1241 2205 1396 2239 Molestum,
1419 2215 1498 2242 quem
1512 2204 1607 2234 haeresi
1623 2215 1676 2233 suae
1690 2204 1773 2234 addi-

1034 2259 1105 2281 ctum
1121 2252 1265 2291 putabant,
1282 2251 1309 2279 in
1324 2251 1478 2290 episcopum
1490 2250 1659 2279 ordinarunt.
1674 2251 1773 2291 Perop-

1033 2306 1146 2338 portune
1159 2308 1222 2326 vero
1234 2297 1329 2326 cecidit
1340 2304 1367 2325 ut
1381 2297 1438 2336 ipse
1449 2307 1501 2325 non
1511 2297 1666 2326 catholicus
1675 2298 1756 2327 modo
1764 2322 1773 2335 ,

1034 2345 1080 2374 sed
1100 2344 1178 2372 etiam
1193 2354 1228 2372 ex
1247 2343 1455 2372 ferventioribus
1475 2343 1620 2372 Catholicis
1641 2350 1717 2373 esset.
1736 2347 1772 2373 At

1033 2401 1093 2419 cum
1106 2397 1194 2430 postea
1206 2389 1394 2428 comperissent
1407 2389 1494 2428 ipsum
1507 2389 1652 2419 Catholicae
1664 2391 1702 2419 rei
1712 2390 1771 2420 vin-

1031 2436 1118 2465 dicem
1127 2459 1135 2473 ,
1149 2435 1307 2474 Arianisque
1321 2435 1452 2463 infensum
1467 2446 1538 2471 esse,
1551 2435 1642 2464 virum
1655 2435 1683 2464 in
1694 2437 1769 2465 exsi-

1031 2483 1099 2511 lium
1123 2482 1186 2522 pelli
1211 2488 1322 2516 curant,
1346 2482 1373 2510 in
1395 2482 1504 2521 ejusque
1523 2481 1612 2510 locum
1634 2481 1770 2512 Euzoium

1031 2529 1158 2557 Aricinum
1181 2528 1352 2557 substituunt.
1375 2528 1454 2556 Tunc
1475 2538 1538 2557 vero
1558 2535 1610 2557 tres
1628 2528 1657 2556 in
1678 2535 1767 2567 partes

1029 2577 1154 2605 distracta
1164 2576 1259 2605 civitas
1267 2575 1317 2604 fuit
1330 2588 1336 2604 z
1349 2575 1435 2614 prima
1446 2582 1501 2604 crat
1513 2575 1749 2605 Eustathianorum
1757 2599 1764 2611 ,

1028 2624 1085 2652 sive
1097 2634 1188 2653 corum
1201 2623 1245 2661 qui
1258 2623 1287 2654 S.
1302 2622 1442 2652 liustathio
1454 2621 1554 2651 addicti
1567 2629 1650 2661 erant,
1665 2622 1767 2661 quique

1037 1479 1117 1506 quam
1134 1475 1192 1508 post
1203 1469 1308 1497 tertiam
1320 1475 1411 1497 contra
1426 1470 1568 1497 Anomoeos
1580 1479 1608 1498 se
1618 1471 1775 1509 pronuntia·
1786 1455 1919 1508 :Etiamne-

1036 1515 1125 1551 vissc‚
1146 1525 1194 1543 nec.
1214 1515 1328 1543 obscure
1344 1514 1462 1542 declarat
1481 1514 1509 1542 in
1527 1515 1682 1554 principio,
1696 1523 1726 1546 ut
1745 1517 1773 1546 in
1785 1524 1915 1555 T.1.p.689

1829 1425 1919 1446 Humili«
