1910 2907
671 225 759 247 NUNC
787 225 917 248 PRIMEM
947 225 1054 247 ADORN
1067 226 1139 247 xTA.

0 294 112 318 Cnrvsosx
125 286 274 315 Homssiam
287 297 350 315 xero
367 286 411 315 his
429 285 518 315 verbis
537 285 707 325 incipientem
727 286 754 314 in
770 293 864 315 octavo

1 326 60 362 32⁵⁰
87 333 211 386 PTemo
226 332 294 360 inter
309 332 414 371 spurias
433 331 568 360 edidimus
584 343 612 371 p
636 335 662 360 1.
682 333 760 360 Putat
776 340 865 361 autem

0 366 52 380 um
87 365 243 408 P'Savilius
259 379 414 407 Graeculum
431 378 584 417 quempiam
606 379 725 417 ineptum
742 385 766 406 et
784 377 865 406 iudo-

125 431 208 459 ctum,
235 434 296 452 cum
318 424 390 463 apud
410 425 546 453 Socratem
568 429 593 452 et
616 424 792 452 sozomenum
817 423 867 451 hoc

124 470 260 499 concionis
281 470 447 509 principium
469 469 591 506 vidisset,

125 515 320 555 ineptissimam
337 515 473 554 praemisso
489 515 644 553 hujusmodi
660 515 794 554 principio
808 515 868 543 edi-

124 561 205 589 disse.
227 564 261 589 At
281 571 343 589 cum
364 560 521 599 hujusmodi
540 560 662 599 opusculi
682 567 775 588 auctor
793 560 867 588 anti-

623 469 690 497 hanc
715 469 867 498 concionem

123 608 271 646 quissimus
289 608 412 643 simmam
428 608 462 635 ab
478 607 614 635 Anastasio
628 607 730 636 Sinaita
744 608 867 643 citatur)⁷

124 654 252 682 libentius
273 653 407 682 crederem
434 654 484 682 hoc
509 655 670 693 opusculum
697 665 712 683 a
742 655 868 683 Graeculo

123 701 252 739 quodam,
275 708 419 739 antequam
441 702 562 730 Socrates
579 708 603 730 et
619 703 780 731 Sozomenus
799 701 868 729 scri-

124 747 233 781 berent,
253 747 414 775 adornatum
431 748 522 775 fuisse.
546 748 605 775 Non
629 758 711 786 pauca
732 747 801 775 enim
818 747 869 775 ha·-

123 792 219 820 bemus
237 792 378 831 opuscula,
395 793 476 820 etiam
491 792 677 831 Chrysostomi
695 799 771 820 aetate
788 792 868 828 edita,

126 839 183 876 ejus
195 838 304 866 nomine
316 838 461 877 publicata.

166 884 204 912 Ut
217 891 298 912 utres
309 891 358 920 est,
371 884 482 914 ,Ioannis
496 884 607 919 inimici,
622 894 677 912 rem
691 884 743 912 sibi
758 894 792 912 ex
805 891 869 912 voto

127 930 220 960 cedere
245 931 365 960 videntes
375 954 382 966 ,
407 932 441 960 ad
466 931 651 971 Theophilum
677 931 870 960 Alexandriam

127 976 256 1013 mittunt,
282 977 417 1005 hortantes
441 984 471 1005 ut
486 977 736 1016 Constantinopolin
754 978 867 1012 veniret,

126 1029 187 1057 aut,
197 1023 218 1051 si
234 1023 339 1062 plebem
352 1023 555 1058 reformidaret,
570 1024 607 1052 rei
621 1023 742 1062 gerendae
758 1024 869 1052 modum

128 1069 181 1097 sibi
196 1069 387 1108 praescriberet.
408 1070 577 1110 Theophilus
595 1081 659 1099 vero
678 1081 780 1099 memor
798 1071 870 1100 haud

125 1115 163 1143 ita
175 1114 281 1154 pridem
294 1116 419 1144 transacti
433 1116 557 1155 periculi,
567 1116 656 1145 denuo
672 1117 740 1145 istuc
752 1118 801 1145 iter
810 1128 871 1146 sus-

127 1161 216 1199 cipere
234 1171 285 1189 non
307 1172 388 1191 ausus
408 1170 446 1190 est
461 1174 469 1199 ;
483 1163 530 1191 sed
550 1163 624 1191 misit
638 1170 691 1192 tres
711 1164 868 1203 episcopos,

128 1207 260 1242 Paulum,
284 1209 435 1236 Poemenem
451 1216 476 1237 et
493 1209 577 1238 aliurn
592 1219 682 1238 recens
701 1210 870 1246 ordinatum;

129 1253 203 1281 misit
214 1253 294 1281 etiam
309 1254 439 1291 quosdam
451 1265 574 1286 canones.
588 1266 653 1293 quos
667 1255 796 1284 adversus
812 1257 872 1284 bea-

130 1305 187 1327 tum
200 1299 381 1328 Athanasium
398 1301 489 1329 Ariani
506 1301 632 1336 fecerant,
647 1309 675 1330 ut
685 1301 718 1330 iis
735 1309 872 1330 uterentur

130 1345 259 1374 adversus
275 1347 414 1375 Joannem.
437 1347 471 1374 Hi
484 1354 573 1375 autem
590 1358 702 1376 canones
726 1348 753 1376 in
775 1349 872 1376 Antio-

131 1390 214 1418 cheno
229 1391 343 1419 concilio
359 1392 421 1419 anni
437 1393 489 1420 5kt
511 1392 642 1431 publicati
661 1393 775 1421 fuerant.
792 1394 822 1421 In
841 1394 872 1421 iis

129 1446 193 1464 vero
207 1437 390 1473 statuebatur,
409 1444 437 1466 ut
455 1439 477 1466 si
494 1438 554 1476 quis
569 1439 709 1477 episeopus
725 1450 739 1467 a
759 1440 872 1468 concilio

130 1483 249 1521 quodam
271 1482 407 1522 depositus
432 1485 475 1513 vel
495 1495 528 1513 ex
550 1495 588 1522 se,
617 1486 661 1513 rel
682 1496 715 1514 ex
736 1486 872 1525 Imperiali

129 1529 291 1557 auctoritate
311 1529 400 1558 sedem
418 1541 494 1558 suam
508 1538 647 1569 repeteret,
667 1531 694 1559 in
715 1539 872 1571 perpetuum

125 1575 182 1614 jam
203 1575 340 1614 depositus
363 1584 490 1609 maneret,
515 1588 562 1605 nec
584 1584 671 1616 posset
691 1589 818 1616 umquam
837 1579 872 1607 ad

127 1630 239 1648 causam
253 1620 395 1649 dicendam
409 1621 525 1650 admitti.
542 1623 596 1651 Nec
612 1623 797 1662 Theophilum
820 1635 872 1663 pn-

128 1667 192 1695 ‹luit
205 1667 364 1696 Arianorum
376 1679 487 1697 canones
500 1691 508 1703 ,
531 1669 565 1697 ad
580 1670 734 1709 pellendum
750 1678 872 1700 sanctum

132 1713 308 1742 Athanasium
324 1715 464 1751 conflatos,
480 1715 514 1743 ad
528 1716 634 1744 beatum
644 1717 774 1745 Joanncm
786 1729 800 1745 e
810 1718 871 1746 sede

127 1759 304 1798 rejiciendum
315 1760 453 1790 adhihere.

169 1807 284 1835 Joannes
299 1817 362 1835 vero
378 1808 412 1835 ad
424 1808 565 1847 Synodum
577 1819 604 1837 se
619 1816 762 1838 venturum
775 1817 801 1839 et
813 1820 872 1838 cau-

124 1862 185 1880 sam
207 1852 344 1881 dicturum
364 1864 420 1882 esse
441 1855 578 1892 pollicitus
599 1855 707 1884 suerat:
723 1856 870 1884 dummodo

128 1899 157 1934 ii,
170 1899 217 1937 qui
232 1906 322 1938 aperte
332 1900 434 1928 inimici
449 1902 501 1929 sihi
516 1909 601 1937 eraut,
617 1903 784 1941 exjudicum
799 1903 871 1932 sedi-

128 1945 179 1973 bus
193 1953 393 1974 removerentur
411 1959 417 1974 :
436 1957 487 1975 non
502 1947 611 1976 auditus
627 1955 714 1977 tamen
727 1948 870 1977 damnatus

127 1991 221 2018 fuerat.
244 1991 311 2019 Tale
332 2002 396 2020 vero
417 1993 520 2032 Synodi
540 2004 622 2032 genus
637 1994 687 2023 hoc
702 1996 810 2024 nomine
822 2007 869 2035 ap-

127 2036 286 2075 pellandum
304 2047 356 2065 non
381 2048 436 2066 esse
458 2041 633 2079 conspicuum
660 2048 708 2071 est.
737 2042 792 2070 Nec
819 2043 870 2071 nisi

129 2083 384 2122 Imperatorisjussu
396 2095 410 2112 a
420 2085 481 2113 sede
495 2087 598 2125 pulsus,
614 2086 867 2125 ejusdemquejussu

129 2128 157 2155 in
179 2128 269 2156 sedem
292 2139 414 2157 reversus
433 2131 528 2161 suerat.
545 2132 589 2160 Ab
605 2132 736 2171 episcopis
754 2143 868 2171 congre-

127 2173 210 2210 gatis,
225 2174 326 2212 majore
343 2185 453 2204 numero
467 2187 547 2215 quam
566 2178 601 2212 ii,
617 2179 662 2216 qui
678 2179 819 2218 Synodum
833 2180 868 2209 ad

128 2219 264 2252 Quercum
279 2221 485 2257 constituebant,
501 2234 609 2252 causam
624 2236 700 2253 suam
714 2236 869 2264 propugna-

128 2271 184 2292 tam
200 2264 280 2292 fuisse
296 2265 412 2295 dicebat.
432 2268 586 2307 Eodemque
601 2277 719 2310 tempore
732 2271 868 2310 Theophi-

129 2309 190 2345 lus,
208 2310 256 2347 qui
277 2311 303 2338 in
320 2311 370 2340 hac
389 2313 598 2354 Pseudosynodo
618 2317 770 2356 praecipuus
783 2317 867 2356 judex

127 2355 247 2390 sedebat,
261 2355 288 2383 in
301 2367 407 2386 causam
422 2367 530 2389 vocatus
542 2361 638 2396 fuerat,
656 2369 683 2390 ut
699 2363 867 2401 septuaginta

128 2401 345 2430 criminationum
357 2404 443 2442 capita
455 2405 607 2445 depelleret,
620 2415 645 2436 et
658 2408 722 2436 falsa
733 2419 788 2436 esse
798 2419 868 2436 com-

129 2447 270 2485 probaret,
285 2448 319 2475 ita
336 2456 364 2476 ut
379 2451 467 2478 omnia
482 2460 572 2481 contra
583 2455 630 2493 jus
644 2454 736 2492 fasque
751 2455 777 2482 in
789 2466 818 2482 ea
833 2455 867 2483 ad

129 2493 267 2527 Quercum
291 2495 402 2532 Synodo
422 2503 480 2525 acta
502 2506 598 2533 essent,
620 2500 641 2527 si
663 2507 750 2528 tamen
764 2500 867 2539 Synodi

129 2549 223 2567 nomen
240 2548 394 2569 inereretur.
410 2542 476 2570 Cum
492 2554 555 2572 vero
571 2545 673 2573 Natalis
687 2545 743 2573 dics
757 2546 867 2574 Domini

0 2610 54 2630 hm.
67 2610 82 2631 ι.
93 2609 118 2631 6.
129 2585 293 2621 advenisset,
307 2586 456 2625 Imperator
469 2589 503 2616 ad
516 2590 664 2625 ecclesiam,
676 2591 714 2619 uti
728 2603 868 2621 consuere-

16 2642 51 2663 15,
132 2638 181 2666 rat,
206 2641 256 2659 non
281 2633 401 2669 accessit,
425 2634 468 2662 sed
489 2636 585 2664 Joanni
610 2638 746 2666 mandarit
770 2649 795 2666 se
815 2649 864 2667 non

1596 228 1660 261 ¹70

918 286 993 325 prius
1004 296 1065 314 cnm
1078 286 1125 314 illo
1137 286 1394 315 communicaturum
1414 297 1478 319 esse,
1497 297 1576 325 quam
1589 287 1661 316 illata

920 332 970 360 sibi
987 333 1099 361 crimina
1113 332 1243 361 diluisset.

961 379 1043 408 Multi
1062 390 1141 418 porro
1160 379 1275 418 episcopi
1296 390 1399 408 venere.
1423 381 1466 409 Ex
1488 380 1568 420 Syria
1584 391 1657 415 vero,
1713 384 1812 410 ⁵5⁰0·¹·¹³

921 426 1101 464 Cappadocia,
1126 427 1210 454 Ponto
1236 433 1261 454 ct
1276 426 1396 465 Phrygia
1420 427 1537 455 univ-ersi
1558 434 1658 456 metro·
1671 415 1740 474 {lv—‚¹
1741 422 1802 465 Ἕω

921 472 1034 510 politani
1053 479 1079 500 ct
1097 472 1215 511 episcopi
1237 472 1388 511 congregati
1405 479 1477 507 sunt,
1498 483 1605 510 exque
1599 473 1660 501 aliis
1675 484 1732 496 mum
1741 477 1797 496 ‹ulen
1787 484 1813 496 uo

921 517 1017 546 vicinis
1030 518 1194 556 regionibus
1216 519 1290 546 Inter
1310 502 1370 546 illos
1388 525 1476 546 autern
1498 519 1540 546 isti
1561 529 1661 547 memo-
1673 516 1710 534 ως
1714 509 1766 528 ’ω’

922 570 1026 597 rantur,
1052 541 1163 591 §cneius
1179 564 1276 592 Bcroeae
1287 586 1294 599 ,
1311 564 1439 592 Leontius
1455 566 1579 603 Ancyrae,
1598 567 1662 593 Am-
1676 551 1814 611 752311-—1-

922 609 1027 637 monins
1044 609 1180 638 Laodicea*
1194 610 1219 638 in
1235 610 1327 648 Syria,
1343 621 1402 648 quae
1423 609 1523 638 Adusta
1540 611 1662 638 nomina-

922 655 1003 683 batur
1014 679 1020 687 ,
1042 655 1117 684 Briso
1132 655 1330 694 Philippopolis
1346 656 1373 683 in
1391 656 1520 689 Thracia,
1537 656 1664 685 Theodo-

922 711 968 729 rus
985 701 1096 740 Tyanae,
1112 702 1229 740 Cyrinus
1248 701 1436 735 Chalcedonis,
1452 701 1581 740 Elpidius
1594 703 1663 730 Lao-

923 746 1002 775 diceze
1015 747 1042 774 in
1056 746 1146 786 Syria,
1164 747 1352 784 Tranquillus,
1365 747 1443 775 etalii
1456 747 1662 786 quamplurimi.

924 794 996 821 Dum
1015 793 1072 821 haec
1094 799 1245 831 agerentur,
1265 793 1380 821 ‚Ioannes
1399 793 1532 831 adjunctis
1550 793 1664 831 quadra-

923 839 996 878 ginta
1014 839 1120 867 duobus
1141 839 1272 878 episcopis
1287 845 1433 867 conventus
1453 839 1565 877 agebat,
1581 846 1606 868 et
1623 851 1665 878 po-

923 885 1004 924 pulus
1018 895 1113 923 magna
1131 895 1192 912 cum
1210 884 1293 912 animi
1312 885 1450 913 alacritate
1468 886 1525 922 ejus
1545 885 1665 914 doctrina

923 931 1073 960 fruebatur.
1091 930 1163 960 Solet
1177 931 1248 958 enim
1260 941 1335 958 vauae
1349 931 1440 969 gloriae
1452 941 1547 970 expers
1559 933 1666 960 animus

924 977 951 1005 in
964 977 1161 1005 calamitatibus
1175 976 1362 1016 jucundiorem
1376 983 1402 1005 et
1421 977 1598 1016 potentiorem
1611 989 1665 1006 ser-

924 1034 1031 1051 monem
1045 1023 1189 1051 effundere.
1204 1024 1277 1051 Inter
1289 1033 1332 1051 eos
1347 1023 1393 1060 qui
1411 1023 1509 1052 Joanni
1525 1024 1662 1057 favebant,

922 1076 999 1097 erant
1013 1069 1149 1108 Elpidius,
1163 1069 1352 1107 Tranquillus,
1368 1069 1523 1098 Alexander
1538 1070 1666 1099 Basilino-

925 1116 1015 1154 poleos
1027 1117 1054 1144 in
1069 1115 1211 1155 Bithynia,
1228 1115 1389 1144 Theodorus
1404 1116 1523 1155 Tyanae,
1542 1116 1585 1144 vir
1600 1127 1666 1155 pro-

925 1161 976 1190 bus
989 1161 1050 1200 :qui
1065 1172 1124 1190 cum
1139 1173 1173 1190 ex
1187 1162 1232 1198 iis,
1247 1172 1306 1199 quae
1325 1169 1387 1190 tunc
1400 1162 1426 1190 in
1442 1162 1583 1200 colloquiis
1597 1163 1667 1191 fere-

924 1208 1186 1247 bantur‚Theophili
1198 1208 1422 1247 conspirationem
1437 1209 1618 1243 intellexisset,
1626 1220 1668 1237 re-

925 1253 996 1282 lictis
1015 1254 1140 1282 omnihus
1162 1254 1323 1286 insalutatis,
1343 1254 1490 1282 Ecclesiam
1502 1265 1578 1282 suam
1594 1266 1665 1294 repe¹

926 1299 981 1333 tiit,
994 1299 1105 1338 longum
1124 1299 1275 1328 valedicens
1292 1300 1439 1328 comitatui
1453 1301 1511 1329 sive
1526 1301 1593 1329 aulae
1608 1302 1668 1329 lm·-

926 1346 1083 1384 peratoriae‚
1104 1356 1233 1384 suamquc
1251 1346 1419 1385 provinciam
1434 1368 1441 1381 ‚
1473 1346 1559 1385 inquit
1581 1347 1670 1375 Palla-

926 1392 987 1420 dius
1004 1403 1030 1431 p.
1053 1393 1101 1425 77,
1119 1392 1153 1420 ad
1170 1392 1250 1420 finem
1267 1403 1350 1430 usque
1368 1393 1394 1420 in
1412 1392 1467 1421 fide
1485 1394 1668 1422 Romanorum

926 1445 1138 1477 perseverantem
1155 1445 1333 1466 conservat-it.

968 1483 1094 1522 Episcopi
1111 1491 1199 1512 autem
1220 1494 1311 1512 omnes
1325 1494 1386 1512 cum
1406 1484 1555 1519 venissent,
1573 1485 1665 1524 cujus·
1683 1486 1744 1506 ³⁰⁸⁰
1763 1484 1819 1515 4οἱ-

927 1540 1042 1567 cumque
1061 1530 1145 1568 partis
1161 1537 1258 1566 essent,
1282 1541 1342 1558 cum
1362 1531 1464 1559 Joanne
1483 1532 1667 1560 communica-

927 1585 999 1611 vere,
1014 1586 1046 1604 ne
1057 1575 1149 1604 eadem
1164 1576 1230 1614 ipsa,
1243 1586 1302 1613 quoe
1315 1575 1398 1614 prius,
1414 1576 1575 1605 acciderent.
1588 1577 1668 1612 Quod
1680 1572 1714 1590 ¹⁵²

927 1631 989 1649 cnm
1008 1621 1042 1649 ad
1063 1632 1139 1650 aures
1158 1622 1330 1660 Imperatoris
1350 1628 1375 1650 et
1396 1624 1524 1660 Augustae
1540 1624 1666 1658 venisset,

925 1678 996 1706 tegre
1017 1668 1135 1696 tulerunt
1158 1668 1198 1695 illi
1217 1678 1273 1695 eam
1295 1678 1355 1696 cum
1378 1669 1480 1697 Joanne
1501 1671 1670 1698 communio-

926 1725 997 1743 nem.
1022 1715 1091 1743 Cum
1114 1725 1192 1753 porro
1208 1715 1322 1743 Joanncs
1338 1715 1363 1742 in
1380 1715 1521 1754 Synodum
1540 1717 1667 1753 venisset,

926 1761 1035 1789 adfuere
1050 1768 1216 1789 accusatores
1231 1761 1286 1799 ejus
1305 1774 1310 1788 :
1325 1761 1370 1798 qui
1388 1772 1448 1789 cum
1464 1763 1597 1800 egregiam
1610 1764 1667 1801 ejus

926 1807 1007 1835 animi
1026 1806 1154 1835 fiduciam
1170 1806 1303 1842 viderent,
1319 1806 1408 1834 animo
1425 1807 1568 1839 cadebant,
1587 1808 1622 1836 ita
1638 1816 1666 1836 ut

926 1854 974 1882 vix
999 1853 1070 1891 loqui
1092 1853 1228 1881 auderent.
1245 1853 1276 1880 Id
1293 1852 1534 1881 animadvertentes
1549 1853 1664 1893 episcopi
1692 1862 1752 1882 socr.
1767 1862 1781 1884 1,
1794 1861 1816 1883 6.

925 1899 1037 1938 reliqui,
1057 1906 1163 1927 caeteras
1180 1897 1289 1936 quidem
1305 1898 1502 1926 criminationes
1521 1899 1665 1928 mittendas
1678 1901 1697 1913 ε’
1713 1896 1747 1915 ¹²⁵·

925 1958 980 1975 esse
994 1947 1141 1977 duxerunt.
1158 1946 1191 1974 de
1204 1946 1254 1974 hoc
1264 1953 1352 1973 autem
1364 1956 1416 1974 uno
1431 1946 1602 1983 quaestionem
1618 1947 1665 1976 ha—

924 1992 1038 2021 hendam
1054 2003 1109 2020 esse
1122 1992 1337 2027 declaraverunt,
1354 1991 1426 2028 quod
1442 1998 1502 2029 post
1519 1991 1665 2031 depositio-

908 2041 984 2066 ‘nem
1002 2039 1101 2076 absque
1123 2037 1227 2076 Synodi
1243 2036 1416 2068 auctoritate,
1431 2047 1480 2065 suo
1496 2037 1580 2076 ipsius
1594 2039 1665 2068 arbi-

924 2084 976 2112 trio
991 2083 1168 2122 episcopalem
1186 2083 1274 2111 sedem
1293 2083 1439 2110 invasisset.
1458 2083 1582 2112 Leontius
1601 2096 1664 2113 vero
1692 2098 1766 2119 paim
1791 2107 1812 2127 p.

924 2133 1083 2169 Ancyranus
1103 2136 1127 2157 et
1147 2129 1303 2157 Ammonius
1321 2128 1502 2163 Laodicenus,
1518 2130 1663 2169 Theophili
1677 2128 1714 2156 73·

924 2176 1075 2214 opinionem
1100 2181 1236 2212 sequentes
1246 2196 1252 2208 ,
1282 2174 1350 2202 hanc
1376 2173 1460 2202 solam
1487 2175 1661 2212 quoestionem
1690 2174 1749 2193 ⁵‘'”“
1763 2173 1777 2193 ¹·
1792 2174 1814 2195 6.

924 2221 1083 2249 movcndam
1102 2231 1157 2248 esse
1178 2219 1314 2247 dixerunt.
1335 2219 1480 2258 Respondit
1496 2231 1558 2248 vero
1575 2222 1661 2250 ,toan-

924 2278 980 2303 nes,
994 2267 1112 2304 quinque
1120 2273 1144 2294 et
1159 2265 1295 2304 sexaginta
1311 2264 1456 2304 episcopm,
1470 2266 1515 2303 qui
1532 2276 1592 2294 cum
1605 2267 1661 2307 ipso

923 2314 1199 2347 communicaverant,
1215 2311 1265 2339 hoc
1279 2311 1440 2346 decrevisse,
1456 2319 1485 2340 ut
1501 2313 1600 2342 scilicet
1616 2325 1660 2343 se-

923 2359 984 2387 dem
1005 2370 1080 2387 suam
1102 2365 1236 2397 repeteret.
1259 2358 1385 2386 Leontius
1401 2366 1501 2394 contra,
1519 2360 1568 2388 hoc
1582 2371 1660 2390 men-

922 2404 1029 2433 dacium
1056 2404 1226 2443 impudenter
1247 2404 1359 2443 protulit
1388 2416 1394 2431 :
1422 2405 1532 2440 Plures,
1556 2406 1659 2445 inquit,

923 2452 1004 2486 fuere,
1019 2462 1034 2479 o
1044 2452 1169 2487 Joannes,
1191 2450 1238 2487 qui
1252 2457 1276 2478 tc
1289 2450 1314 2478 in
1328 2451 1439 2489 Synodo
1462 2451 1660 2481 condemnave-

923 2505 993 2526 runt.
1014 2497 1041 2526 ld
1057 2496 1128 2535 quod
1144 2507 1176 2525 ne
1196 2497 1241 2524 alii
1256 2496 1381 2534 quidem,
1396 2497 1442 2535 qui
1458 2497 1485 2525 in
1502 2498 1613 2536 Synodo
1625 2499 1659 2527 ad

923 2547 1060 2580 Qucrcum
1079 2544 1198 2579 fuerant,
1217 2543 1306 2571 dicere
1323 2543 1380 2570 ausi
1396 2542 1517 2571 fuissent.
1540 2543 1581 2571 Ad
1602 2543 1658 2572 haec

921 2601 983 2618 vero
997 2590 1103 2618 dicebat
1114 2591 1229 2619 Joannes
1240 2599 1367 2617 canonem
1384 2589 1475 2623 illum,
1486 2601 1539 2627 quo
1553 2590 1602 2628 ipsi
1618 2591 1659 2618 ni-

923 2635 1061 2670 tebantur,
1083 2646 1133 2663 non
1156 2634 1280 2662 Ecclesiae
1302 2634 1458 2669 Cathohcae,
1480 2635 1526 2663 sed
1546 2636 1661 2665 Ariano-

1455 2675 1501 2701 12.
