1884 2922
242 205 311 240 292

241 264 371 294 servanda
388 266 453 303 lege.
474 272 492 292 I.
513 269 576 293 7356,
601 276 622 292 a.
642 274 668 290 e.
681 267 746 291 757.
764 262 877 290 Etiamsi
895 263 979 301 legem

241 319 293 338 non
319 310 468 347 implerent,
495 317 589 343 magno
618 313 702 333 tamen
731 315 791 342 erga
819 305 892 333 illam
911 313 981 334 tenc-

241 353 339 381 bantur
359 353 454 380 affectu
467 373 474 385 ,
495 358 519 378 et
541 350 631 378 literas
646 349 770 377 volebant
789 349 910 377 immotas
925 360 981 377 ma-

242 407 312 424 nere.
331 404 387 424 VII.
406 400 470 423 2:323.
491 396 586 431 Legem
602 403 653 420 non
669 398 790 431 poterant
806 392 891 430 legere
906 399 981 420 extra

243 439 398 469 Jerusalem.
412 446 430 466 I.
444 444 508 467 810.
521 448 547 465 A.
563 437 592 464 ln
605 436 699 464 umbra
708 442 806 464 tantam
820 436 984 464 exhibebant

244 482 468 510 observationem.
486 487 530 509 IV.
547 484 611 507 673.
630 490 655 507 n.
676 480 766 507 Sancti
782 479 832 507 viri
855 480 879 507 in
898 479 983 507 aliena

244 533 311 553 terra
325 525 391 552 nihil
404 523 544 552 servabant
555 532 647 551 eorum
660 533 717 560 quze
730 522 772 550 lex
783 523 977 561 praescribebat.

245 577 266 597 I.
285 573 349 597 760.
372 579 395 596 n.
412 567 514 595 Judaris
532 576 584 595 nou
602 565 697 594 licebat
715 577 824 594 uxorem
841 565 938 594 ducere
952 576 984 594 ex

243 613 294 640 alia
311 612 392 647 trihu,
408 621 492 648 neque
507 610 572 638 adeo
587 621 620 638 ex
634 610 686 637 alia
697 610 808 637 familia.
825 616 880 638 VII.
897 614 942 637 30.

284 655 440 684 Judmorum
465 653 585 682 doctrina
610 664 754 692 puerorum
775 653 896 682 doctrina
917 659 983 681 erat.

246 707 291 727 XI.
311 704 374 726 810.
393 709 418 725 A.
435 708 459 724 n.
480 698 568 731 Quam
584 697 680 734 ingrati
697 702 781 724 essent
793 706 853 734 erga
869 706 928 724 suos
941 695 985 723 do-

248 749 341 770 ctores.
358 748 377 768 I.
400 745 462 768 71¹1.
480 750 506 768 c..
523 740 611 773 Quam
629 746 758 778 corrupto
771 739 981 778 essentjudicio.

247 791 317 814 VIII.
344 788 409 812 433.
445 784 552 818 Quanta
586 781 694 810 illorum
722 782 880 820 ignorantia.
913 789 984 810 VIII.

246 833 311 856 464.
327 838 351 854 c.
366 825 520 855 Secundum
530 825 648 859 Judaeos,
663 825 696 853 ad
709 825 814 863 angelos
829 825 987 863 loquebatur

253 874 337 907 Deus,
354 881 413 898 cum
429 869 528 897 diceret
544 881 550 895 :
566 871 723 897 Faciamus
740 870 881 897 hominem
893 893 900 905 ,
917 877 965 898 etc.
979 881 986 905 3

250 915 432 943 confutantur.
450 921 494 943 IV.
510 917 554 941 72.
574 923 601 940 D.
620 924 645 940 Ε.
661 925 686 940 Α.
702 912 876 951 Magnificam
886 913 920 941 de
933 913 987 941 daa-

251 958 377 986 monibus
391 957 489 985 habent
503 956 664 995 opinionem.
681 965 700 985 Ι.
714 962 779 984 771.
795 967 822 984 D.
841 958 987 996 Vcsperam

249 1002 357 1030 initium
373 1012 426 1029 esse
442 1001 576 1038 sequentis
592 1000 644 1028 diei
661 1001 814 1038 opinantur,
826 1001 987 1040 decipientes

247 1045 413 1083 semetipsos.
441 1052 486 1073 IV.
504 1049 548 1074 46,
563 1055 588 1072 c.
604 1044 717 1073 Judaica
731 1044 876 1083 dupliciter
890 1045 987 1072 sabula:

247 1096 319 1125 sunt,
330 1088 475 1126 quomodo.
491 1096 535 1116 XI.
551 1093 615 1117 809.
630 1099 658 1115 D.
674 1088 904 1116 Resurrectionem
917 1098 986 1116 mor-

246 1140 356 1160 tuorum
379 1142 434 1160 esse
449 1132 596 1170 putabant,
614 1130 711 1167 frigide
726 1131 835 1168 quidem
852 1138 876 1159 et
892 1131 986 1170 pueri—

247 1175 318 1204 liter.
344 1182 389 1203 Ix.
406 1180 450 1202 9⁴3.
468 1184 494 1202 D.
527 1173 592 1202 adeo
609 1180 637 1201 ut
659 1173 692 1201 de
713 1174 904 1202 resurrectione
920 1174 988 1201 nihil

249 1224 355 1256 possent
381 1217 577 1256 philosophari.
597 1224 616 1244 I.
639 1221 704 1244 880.
729 1228 755 1244 A.
781 1217 919 1245 Judicium
941 1228 988 1245 ex-

249 1268 361 1289 tremum
377 1260 530 1288 credebaut.
543 1267 561 1287 I.
576 1264 640 1288 927.
655 1259 740 1288 Judaei
752 1261 892 1288 crassiores
902 1268 989 1288 osteu-

247 1305 281 1333 tis
295 1315 363 1343 opus
379 1304 525 1332 habebant.
545 1310 602 1332 VII.
619 1308 644 1330 3.
665 1314 687 1331 u.
705 1308 732 1331 4.

287 1348 443 1377 Judaeorum
454 1347 548 1385 religio
559 1357 639 1375 vana.
660 1353 728 1374 VIII.
744 1351 808 1376 563.
824 1357 847 1374 Β.
866 1346 940 1375 Nihil
953 1347 990 1375 eis

247 1392 374 1431 proderat
389 1391 602 1419 tabernaculum.
621 1397 668 1418 Ix.
687 1395 748 1418 158.
765 1400 790 1419 ε.
805 1389 925 1419 Judaicae
943 1391 990 1418 ob-

248 1436 412 1464 servationes
426 1445 477 1463 non
493 1434 583 1473 magni
596 1434 733 1462 momenti.
746 1441 766 1461 I.
783 1438 847 1462 760.
863 1444 890 1462 c.
906 1434 990 1462 Exti-a

250 1479 446 1519 Jerosolymam
461 1488 503 1506 eis
524 1488 575 1505 non
597 1477 737 1505 servabant
752 1477 835 1505 sancti
851 1478 988 1505 lsraelitae.

251 1530 274 1552 I.
291 1527 356 1551 760.
375 1533 400 1550 c.
415 1521 661 1560 Totusjudaismus
677 1521 703 1548 in
715 1521 916 1549 circumcisione
929 1531 991 1549 con-

248 1566 364 1594 tinetur.
384 1566 405 1594 si
419 1565 488 1593 hanc
503 1565 655 1599 abstuleris,
667 1572 751 1593 totum
765 1565 910 1593 abstulisti.
932 1572 989 1593 VII.

252 1614 317 1638 588.
335 1622 359 1638 A.
372 1609 480 1638 Judaeos
496 1609 595 1637 Paulus
611 1615 687 1637 vocat
698 1608 939 1637 circumcisionem.
956 1616 989 1637 x.

251 1657 314 1681 703.
331 1664 358 1681 D.
381 1652 501 1682 Judaicae
517 1652 698 1691 purgationes.
725 1660 782 1681 VII.
812 1657 874 1681 1309.
893 1664 918 1680 A.
941 1652 991 1680 Ci-

249 1697 348 1725 borum
368 1696 485 1724 delectus
514 1695 632 1725 Judaicae
652 1696 845 1724 imbecillitatis
867 1703 932 1724 erat.
969 1704 990 1724 I.

252 1745 318 1768 404.
327 1752 342 1767 A
350 1762 356 1767 .
366 1739 503 1778 Jejunium
511 1739 667 1768 Judaeorum
675 1739 844 1767 immundum
856 1739 993 1777 iniquum-

254 1794 320 1821 que,
340 1783 484 1821 quomodo.
505 1790 526 1811 I.
553 1787 618 1811 733.
642 1793 666 1810 1³.
684 1783 901 1822 intempestivum
915 1790 954 1811 est
969 1790 994 1812 et

254 1829 476 1857 abominandum.
509 1836 529 1856 I.
553 1834 617 1857 719.
643 1840 668 1856 A.
695 1835 719 1856 et
741 1829 837 1866 quavis
866 1828 995 1857 ebrietate

254 1873 361 1901 foedius.
387 1880 407 1901 I.
426 1877 490 1901 825.
515 1882 539 1900 e.
565 1871 653 1901 Judaei
671 1872 823 1910 jejunantes
846 1872 992 1908 ignominia

253 1918 340 1955 legem
365 1916 505 1952 afliciunt,
546 1915 650 1952 Deique
674 1922 806 1954 praccepta
825 1915 990 1944 conculcant.

257 1968 279 1991 I.
299 1965 365 1988 757.
382 1971 407 1988 E.
423 1960 490 1987 Cum
501 1959 669 1997 jejunabant,
687 1959 766 1987 nudis
782 1959 896 1997 pedibus
911 1959 993 1988 salta-

258 2004 322 2032 bant
337 2004 363 2031 in
380 2004 454 2040 foro,
477 2002 612 2030 ebriorum
628 2013 709 2030 more.
725 2010 744 2030 I.
761 2008 827 2032 720.
845 2013 869 2030 B.
886 2008 950 2031 723.
966 2016 989 2032 A.

256 2048 332 2076 Nihil
349 2047 386 2076 eis
402 2047 503 2086 profuit
516 2047 660 2085 jejunium,
677 2045 723 2075 sed
741 2046 840 2085 culpati
859 2047 992 2075 abierunt.

257 2099 290 2119 II.
307 2097 352 2120 5⁸7.
370 2103 395 2119 A.
412 2092 493 2120 Extra
503 2091 648 2120 Jerusalem
661 2091 783 2129 jejunare
797 2091 851 2118 illis
865 2101 918 2119 non
932 2091 993 2119 lice-

256 2135 314 2163 bat.
333 2142 352 2163 I.
371 2139 435 2164 767.
453 2134 710 2173 Judaeisjubebatur
728 2145 774 2173 per
785 2134 874 2162 omnia
892 2134 993 2162 instru-

256 2185 344 2206 menta
361 2178 456 2206 offerre
470 2180 528 2205 Deo
550 2177 774 2213 modulationem,
796 2185 821 2206 et
843 2177 881 2206 sic
903 2188 995 2206 eorum

255 2221 361 2249 animus
381 2221 574 2250 accendebatur
589 2229 614 2250 et
630 2222 810 2251 excitabatur.
830 2229 862 2250 V.
879 2227 944 2252 002.
965 2233 990 2251 e.

256 2266 413 2295 Judaeorum
435 2265 509 2293 festa.
528 2273 549 2293 I.
564 2270 630 2293 717.
648 2276 677 2297 A.
696 2276 721 2295 Β,
738 2272 835 2303 quanta
851 2276 910 2293 cum
929 2265 995 2294 dili-

257 2309 345 2348 gentia
357 2308 543 2337 servabantur.
555 2315 600 2336 III.
613 2313 658 2337 64.
669 2309 870 2348 1³.Tympanis‚
879 2309 993 2346 cithara,

258 2352 388 2390 psalteriis
399 2359 423 2380 et
434 2352 493 2379 aliis
503 2352 610 2390 organis
620 2352 834 2382 celebrabantur.
851 2360 871 2380 I.
887 2357 952 2380 728.
968 2364 992 2381 B.

259 2398 318 2431 Quo
329 2406 404 2424 seusu
413 2395 597 2424 abominandce
606 2395 954 2424 Judaeorumseriae,1128.
967 2408 991 2426 A.

260 2451 282 2468 n.
296 2441 324 2467 In
335 2439 398 2478 ipsis
406 2439 476 2467 festis
487 2439 608 2468 Judaieis
624 2450 674 2467 non
684 2447 787 2478 tempus
800 2440 897 2473 solum,
911 2439 957 2468 sed
971 2446 996 2468 ct

261 2484 349 2511 locum
363 2482 498 2510 observari
510 2482 621 2521 jubebat
635 2482 692 2521 ipsa
706 2483 758 2511 lex.
775 2490 795 2511 I.
812 2487 876 2511 757.
891 2494 916 2512 Λ.
931 2488 995 2511 758.

261 2537 351 2562 quare.
371 2533 402 2554 V.
422 2531 486 2554 407.
504 2536 529 2554 ε.
548 2538 574 2555 A.
592 2531 656 2555 ⁷503.
674 2528 728 2555 Ter
743 2527 768 2555 in
782 2537 850 2556 anno
867 2538 995 2566 apparere

262 2570 316 2597 Deo
328 2568 563 2599 debebantJudaei.
581 2577 598 2598 I.
613 2575 675 2599 810.
691 2580 717 2600 t.
731 2577 762 2599 II.
779 2575 840 2600 542.
856 2582 880 2600 r..
895 2571 993 2600 scilicet

867 203 895 224 ΙΝ
906 201 970 224 DEX
998 201 1123 224 RERUM.

1034 262 1160 290 Paschate
1170 285 1177 298 ,
1192 262 1343 290 Pentecoste
1368 266 1392 288 et
1420 261 1593 299 Scenopegia.
1608 266 1641 288 v.
1663 264 1729 289 407.
1743 270 1768 288 n.

1034 306 1114 334 Nefas
1135 313 1191 335 erat
1207 305 1262 334 illis
1284 304 1384 332 Pascha
1403 310 1478 332 extra
1493 303 1686 342 Jerosolymam
1701 302 1770 330 cele-

1034 349 1120 377 brare.
1141 356 1160 378 I.
1182 353 1246 377 744.
1264 359 1289 376 Λ.
1306 359 1333 376 Β.
1361 354 1393 375 II.
1420 351 1483 375 1252.
1501 358 1528 375 A.
1554 357 1577 374 Β.
1600 348 1628 374 ln
1646 346 1773 375 Paschate

1035 392 1192 420 celebrando
1208 391 1353 420 studiosius
1368 391 1405 419 eis
1420 391 1494 418 locus
1508 396 1564 418 erat
1578 389 1772 423 observandus,

1037 446 1116 473 qnam
1132 442 1244 474 tempus.
1260 439 1326 463 758.
1348 438 1413 462 759.
1441 433 1498 461 lllis
1514 443 1565 461 non
1580 433 1676 461 licebat
1698 440 1773 461 extra

1036 478 1082 506 illa
1107 478 1200 506 limina
1222 478 1264 506 vel
1291 487 1363 505 aram
1388 476 1523 510 excitare,
1548 475 1591 504 vel
1612 474 1774 503 sacrificium

1037 522 1133 550 offerre
1146 544 1153 558 ‚
1181 521 1222 550 vel
1249 521 1351 553 libare,
1385 519 1427 548 vel
1453 519 1548 547 festum
1581 518 1723 546 celebrare.
1753 525 1773 547 I.

1037 570 1102 594 709.
1117 576 1141 595 Β.
1160 566 1231 593 Deus
1242 565 1318 593 initio
1333 564 1385 592 sibi
1400 563 1506 592 nolebat
1525 562 1616 591 offerri
1635 562 1775 590 sacrificia.

1039 616 1060 638 I.
1079 614 1145 637 761.
1162 620 1185 636 13.
1206 611 1262 636 Cur
1273 614 1361 646 postea
1377 606 1479 636 Judaeis
1499 606 1546 634 illa
1561 605 1727 644 praeceperit.
1752 612 1774 634 I.

1038 658 1102 680 761.
1122 664 1148 681 A.
1170 662 1193 681 Β.
1212 656 1276 680 762.
1298 650 1434 679 Saerilicia
1450 649 1607 679 Judaeorum
1626 659 1706 687 quam
1729 649 1774 676 in-

1039 696 1126 726 firma.
1148 703 1205 724 XII.
1225 700 1288 724 240.
1305 706 1330 723 A.
1355 697 1411 722 Deo
1434 700 1508 722 erant
1530 692 1732 721 abominabilia.
1752 699 1774 721 1.

1038 745 1103 768 728.
1120 751 1144 768 Β.
1167 739 1253 768 Judaei
1271 739 1412 767 sabbatum
1424 737 1610 776 scrupulosius
1625 736 1776 764 servabant.

1039 791 1060 812 I.
1075 788 1140 812 675.
1157 788 1303 812 13.III.65.
1324 793 1350 810 A.
1369 786 1433 811 193.
1447 792 1474 812 A.
1499 782 1561 816 Quo
1576 787 1652 820 pacto
1667 780 1777 809 sabbata

1039 827 1092 855 illis
1113 827 1250 855 mendacia
1270 833 1365 857 esseut.
1383 833 1404 855 Ι.
1421 830 1485 853 878.
1506 837 1531 854 B.
1550 824 1637 853 Multa
1652 823 1778 852 sacerdo-

1040 871 1111 899 tibus
1125 871 1298 905 tribuebant,
1322 876 1347 898 et
1368 869 1467 907 absque
1488 867 1708 896 murmuratione.
1729 873 1777 895 XI.

1041 919 1105 942 310.
1122 925 1150 943 n.
1169 914 1284 943 Venales
1297 913 1435 952 pontifices
1455 912 1595 940 habebant.
1619 918 1666 939 III.
1683 915 1729 939 69.
1750 920 1776 938 Ε.

1042 959 1190 986 Lavacrum
1207 957 1362 986 Judaeorum
1373 979 1380 990 ,
1397 956 1493 984 balneo
1504 955 1641 984 honestius
1653 977 1660 990 ,
1686 954 1778 992 gratiae

1039 1001 1147 1030 lavacro
1162 1002 1239 1039 longe
1255 1001 1364 1029 iuferius
1384 1007 1449 1028 erat.
1471 1007 1502 1028 II.
1527 1004 1589 1028 268.
1606 1010 1631 1028 c.
1655 1003 1717 1027 259.
1730 998 1782 1028 Ju-

1040 1045 1147 1073 daicum
1163 1052 1228 1082 erat,
1243 1052 1323 1084 caput
1335 1044 1443 1073 tondere
1458 1054 1492 1072 ex
1511 1050 1582 1072 voto.
1601 1050 1646 1071 lx.
1669 1046 1732 1070 335.
1749 1051 1776 1070 D.

1081 1088 1169 1118 Judaei
1183 1089 1338 1116 contentiosi
1351 1095 1376 1116 et
1389 1087 1470 1115 simul
1486 1085 1617 1122 socordes,
1629 1085 1662 1114 de
1672 1084 1780 1113 Christo

1043 1139 1103 1160 nato
1116 1143 1210 1170 parum
1226 1138 1366 1160 curarunt.
1389 1138 1446 1159 VII.
1468 1136 1531 1159 108.
1548 1141 1574 1160 Β.
1596 1140 1622 1157 c.
1641 1134 1705 1157 109.
1726 1128 1780 1156 imo

1043 1175 1142 1203 turbati
1157 1182 1229 1210 sunt,
1246 1186 1336 1213 quare.
1352 1177 1394 1203 Ib.
1411 1174 1498 1202 Judaei
1519 1184 1533 1201 a
1556 1173 1641 1211 magis
1656 1171 1780 1201 edidice-

1043 1226 1119 1254 runt,
1134 1226 1159 1247 et
1173 1219 1244 1257 magi
1257 1230 1271 1246 a
1286 1219 1390 1248 Judaeis
1406 1224 1573 1256 aeceperunt.
1594 1224 1651 1245 VII.
1669 1221 1734 1245 119.
1752 1228 1780 1243 A.

1043 1262 1130 1291 Judaei
1155 1263 1240 1301 magis
1264 1263 1342 1301 longe
1368 1260 1555 1301 postponendi.
1582 1266 1640 1288 VII.
1664 1264 1728 1288 106.
1752 1269 1778 1287 c.

1043 1305 1182 1334 Christum
1205 1306 1397 1334 existimabant
1412 1305 1507 1334 Joanni
1524 1303 1649 1342 Baptistae
1672 1303 1781 1331 inferio-

1043 1360 1110 1378 rem.
1129 1356 1197 1378 VIII.
1216 1354 1277 1378 104.
1296 1361 1324 1377 A.
1341 1356 1364 1377 et
1380 1349 1527 1387 simplicem
1544 1347 1681 1375 hominem
1701 1346 1782 1374 fuisse

1043 1393 1244 1422 contendebant.
1264 1401 1283 1421 I.
1296 1399 1361 1422 771.
1383 1392 1551 1429 n.]Clirisuis
1573 1401 1620 1429 per
1641 1389 1782 1429 parabolas

1044 1437 1150 1467 Judaeos
1174 1437 1272 1475 arguit.
1288 1444 1345 1465 VII.
1360 1441 1425 1465 748.
1454 1447 1476 1464 Β.
1501 1446 1525 1464 c.
1552 1435 1664 1463 Illorum
1685 1434 1783 1462 fastum

1045 1480 1175 1520 reprimit.
1203 1488 1260 1509 VII.
1283 1485 1345 1508 361.
1368 1491 1390 1508 Β.
1417 1479 1483 1513 Quae
1497 1479 1592 1517 agebat
1608 1478 1670 1514 ille,
1692 1476 1783 1506 Judoei

1044 1531 1184 1563 praesentcs
1212 1534 1263 1552 non
1287 1523 1427 1552 videbant.
1452 1530 1496 1551 Π.
1521 1527 1585 1551 330.
1611 1533 1635 1550 R.
1661 1532 1687 1550 c.
1715 1525 1780 1548 331.

1045 1568 1135 1596 Malus
1147 1578 1238 1596 eorum
1252 1567 1358 1595 animus
1370 1577 1432 1605 erga
1445 1566 1592 1594 Christum.
1605 1572 1662 1593 VII.
1677 1569 1741 1593 119.
1755 1574 1782 1592 A.

1047 1617 1108 1640 120.
1131 1611 1215 1647 Quasi
1234 1610 1300 1638 ebrii
1322 1610 1356 1638 de
1379 1610 1485 1639 Christo
1508 1609 1694 1647 loquebantur.
1712 1614 1782 1636 VIII.

1047 1660 1110 1683 338.
1135 1665 1158 1683 n.
1182 1665 1208 1684 (τ.
1232 1655 1410 1692 Impostorem
1429 1660 1454 1681 et
1475 1653 1544 1691 legis
1564 1659 1784 1690 transgressorem

1046 1698 1123 1726 illum
1140 1698 1279 1726 vocabant.
1295 1705 1315 1726 I.
1329 1703 1394 1726 798.
1412 1697 1467 1726 Cur
1477 1707 1529 1725 non
1543 1695 1715 1725 crediderunt
1725 1694 1786 1723 voci
1797 1713 1808 1721 -

1045 1742 1143 1770 dicenti
1158 1754 1163 1769 z
1182 1744 1239 1770 llic
1253 1748 1295 1770 est
1306 1742 1404 1769 Filius
1419 1751 1497 1769 mens
1511 1741 1706 1769 tIileclus.VII.
1720 1743 1785 1767 187.

1046 1785 1204 1815 Judaeorum
1216 1785 1320 1814 insidiae
1332 1792 1426 1814 contra
1439 1785 1588 1813 Christum.
1601 1791 1671 1812 VIII.
1682 1787 1746 1811 335.
1758 1793 1788 1810 n.

1046 1830 1137 1868 Ipsum
1161 1829 1272 1857 oderant
1294 1836 1318 1858 et
1342 1828 1587 1868 persequebantur,
1611 1826 1674 1864 quia
1700 1835 1785 1864 aegros

1047 1873 1157 1901 curabat
1174 1873 1200 1901 in
1217 1873 1339 1901 sabbato.
1361 1880 1380 1901 I.
1403 1877 1466 1901 677.
1484 1882 1508 1902 1³.
1534 1871 1672 1900 Christum
1692 1870 1786 1909 expel-

1048 1917 1141 1945 lebant
1156 1923 1184 1944 ut
1200 1916 1347 1945 inimicum.
1361 1923 1394 1945 V.
1412 1920 1458 1944 96.
1481 1926 1509 1943 D.
1525 1915 1632 1953 Seipsos
1646 1914 1720 1952 regni
1735 1923 1789 1942 coe-

1047 1960 1120 1988 lestis
1129 1959 1200 1988 dono
1220 1960 1377 1999 privarunt.
1390 1967 1411 1988 I.
1425 1964 1491 1989 735.
1505 1970 1531 1988 D.
1544 1959 1675 1997 Tempore
1685 1957 1788 1986 Christi

1049 2015 1089 2032 res
1104 2003 1263 2033 Judmorum
1287 2003 1476 2038 conciderant,
1498 2013 1580 2040 neque
1594 2002 1635 2031 sui
1650 2001 1720 2040 juris
1732 2022 1742 2037 ,
1758 2007 1788 2028 ut

1049 2054 1141 2083 antea,
1158 2055 1239 2076 erant.
1256 2055 1302 2076 111.
1321 2052 1383 2076 300.
1405 2058 1430 2075 A.
1448 2047 1610 2083 Plerumque
1630 2052 1718 2073 tamen
1733 2043 1788 2072 suis

1049 2091 1192 2119 utebantur
1201 2091 1316 2129 legibus,
1336 2097 1360 2118 et
1373 2101 1418 2119 eos
1429 2090 1475 2128 qui
1485 2089 1556 2128 apud
1564 2099 1590 2117 se
1597 2088 1788 2125 delinquerent

1047 2135 1194 2164 secundum
1207 2136 1290 2174 patria
1303 2135 1400 2174 placita
1411 2133 1570 2173 plectebant.
1586 2132 1628 2160 Ib.
1656 2131 1788 2159 Dicebant

1049 2189 1076 2207 se
1091 2179 1231 2207 Christum
1249 2178 1414 2206 crucifixisse
1426 2199 1433 2211 ,
1450 2183 1478 2204 ut
1490 2176 1657 2215 deceptorem
1681 2181 1706 2203 et
1720 2185 1789 2213 prae-

1047 2223 1224 2260 stigiatorem.
1249 2229 1279 2250 V.
1293 2227 1339 2250 97.
1355 2231 1379 2248 a.
1394 2220 1439 2249 sed
1453 2230 1569 2248 asserere
1582 2229 1633 2248 non
1645 2219 1790 2248 voluerunt

1048 2277 1076 2294 se
1098 2265 1240 2304 injudicio
1262 2265 1338 2293 illum
1361 2264 1532 2293 interfecisse.
1556 2270 1590 2291 V.
1613 2267 1678 2292 273.
1695 2261 1790 2290 Multis

1047 2310 1140 2338 occisis
1155 2309 1300 2348 prophetis,
1316 2308 1455 2336 Christum
1472 2307 1620 2336 occidentes
1633 2316 1788 2334 mensuram

1048 2353 1195 2391 iniquitatis
1211 2353 1399 2392 impleverunt.
1418 2359 1464 2381 VI.
1483 2356 1544 2380 198.
1560 2362 1583 2379 A.
1595 2361 1621 2380 Β.
1641 2355 1702 2379 199.

1089 2397 1190 2426 Judaeis
1219 2408 1269 2426 una
1290 2408 1367 2426 eausa
1390 2396 1522 2424 malorum
1547 2394 1645 2424 Christi
1668 2404 1730 2423 nex.
1765 2400 1787 2423 1.

1052 2446 1118 2469 797.
1135 2453 1160 2469 r..
1182 2452 1208 2469 D.
1224 2448 1257 2470 V.
1273 2446 1318 2469 97.
1338 2440 1413 2468 plexi
1428 2446 1490 2467 sunt
1503 2439 1590 2472 enim,
1609 2438 1673 2476 quia
1690 2436 1788 2465 Domi-

1052 2495 1117 2513 num
1132 2485 1299 2515 occiderunt.
1314 2492 1346 2513 V.
1363 2489 1406 2513 98.
1422 2488 1484 2512 118.
1504 2495 1530 2511 A·
1547 2493 1573 2511 Β.
1597 2482 1695 2510 nedum
1709 2481 1787 2509 illum

1048 2528 1221 2567 susceperint.
1245 2535 1264 2557 1.
1289 2533 1353 2556 603.
1379 2538 1407 2555 A.
1429 2526 1495 2556 Inde
1509 2526 1587 2555 etiam
1606 2525 1713 2554 illorum
1738 2524 1786 2552 da-

1050 2571 1155 2601 muatio.
1169 2579 1224 2600 VII.
1238 2576 1301 2602 520.
1314 2572 1373 2601 Post
1383 2571 1521 2600 Christum
1530 2580 1624 2599 caesum
1635 2578 1693 2607 spes
1702 2566 1789 2596 omnis
