1910 2922
180 206 225 237 88

179 279 250 317 latii,
266 279 292 307 in
314 279 399 317 agello
416 288 464 307 suo
479 277 615 316 Bithyniae
635 275 720 305 vitam
738 276 802 313 agit.
821 275 916 303 Plures

180 332 268 354 autem
279 324 507 363 Constantinopoli
521 323 678 351 delitescunt
692 333 697 348 :
712 320 757 349 alii
773 320 800 348 in
816 319 917 358 patrias

179 379 238 397 suas
253 368 537 402 abieu1nt.5ilvan11s‚
552 373 656 394 sanctus
667 365 818 403 episcopus,
832 365 917 392 Troa-

178 415 211 444 de
226 416 354 454 piscatur,
371 421 396 443 et
418 414 520 453 piscatu
542 412 612 441 vivit
632 423 637 438 :
655 411 807 449 Stephanus
823 421 915 438 mona·
935 421 954 442 Ι)

178 462 256 497 chus,
278 462 324 500 qui
342 463 524 489 Romanorum
548 458 673 497 epistolas
698 457 805 491 detulit,
830 456 865 485 ob
888 456 916 484 id

178 508 266 546 ipsum
285 507 450 539 verbm-auu,
465 505 555 533 decem
571 513 673 531 menses
688 502 918 541 Constantinopoli

178 551 205 579 in
225 561 328 579 carcere
348 550 432 579 vitatu
448 549 513 586 egit.
536 548 604 575 Cum
619 553 708 575 autem
725 546 748 574 ei
766 546 918 575 communio

179 596 315 636 proposita
336 601 414 630 esset,
435 601 461 622 et
479 604 531 622 non
550 592 736 630 acquievisset,
751 591 880 620 lateribus
894 598 919 620 et

179 649 285 682 pectore
302 641 465 679 ungularum
485 639 612 668 violentia
628 638 765 673 laceratis,
787 638 864 676 cujus
878 636 917 665 rei

179 687 236 726 ipse
246 687 368 715 oculatus
382 686 456 714 testis
470 685 521 720 sui,
535 684 637 714 Christi
651 683 822 723 providentia
834 684 861 711 in
877 693 919 712 se-

180 732 265 762 cunda
280 733 391 761 sortasse
402 731 546 760 certamina
561 737 691 767 servatus,
707 736 767 769 post
780 729 918 757 decimum

180 778 324 806 curationis
340 788 393 805 suae
412 786 543 812 mensem,
565 775 701 805 Pelusium
717 775 848 813 relegatus
871 780 920 803 est.

181 823 359 853 Provincialis
373 823 485 861 quidam
505 821 592 859 miles,
609 832 640 850 ex
657 821 763 850 Scholis
778 820 918 857 Palatinis,

182 876 320 898 accusatus
334 875 473 906 tamqnam
483 867 594 897 Joannis
604 868 702 900 fautor,
715 873 775 906 post
790 865 859 895 varii
871 876 920 905 ge·
938 878 956 900 Ε

180 915 250 943 neris
265 915 357 954 plagas
367 921 392 942 ct
404 913 587 941 atrocissimas
600 912 751 941 abrasiones
763 912 854 940 Petras
869 922 921 939 ex—

181 962 223 990 sul
236 961 333 990 missus
348 967 395 990 est.
414 959 519 999 Elpidii
538 970 602 988 vero
620 958 768 998 presbyteri
783 958 900 986 famulus
913 981 921 994 ,

180 1007 373 1046 quinquaginta
382 1029 389 1043 ,
401 1013 430 1034 ut
445 1005 532 1042 aiunt,
544 1005 632 1033 aureis
643 1004 803 1040 conductus,
817 1011 845 1032 ut
855 1013 920 1031 san-

181 1061 253 1082 ctum
270 1055 399 1083 Joannem
420 1052 483 1080 dolo
498 1051 659 1079 interficeret
672 1062 679 1079 ι
694 1061 756 1079 cum
768 1049 920 1089 deprehen-

181 1108 226 1126 sus
241 1104 307 1125 esset
329 1103 382 1125 tres
397 1095 501 1134 gladios
518 1095 617 1123 habere
628 1117 635 1130 ,
654 1101 754 1134 septem
773 1104 807 1122 ex
826 1093 859 1121 iis
874 1093 920 1131 qui

181 1143 270 1182 ipsum
279 1141 520 1182 apprehenderant,
530 1140 688 1179 singillatim
699 1139 844 1179 percussit:
856 1149 921 1176 quo-

180 1199 242 1217 rum
262 1195 377 1226 quatuor
397 1188 522 1216 continuo
544 1186 641 1225 sepulti
663 1193 740 1222 sunt,
760 1185 807 1214 alii
830 1192 920 1213 autem

180 1241 233 1262 tres
245 1241 305 1273 post
321 1233 478 1262 diuturnam
495 1233 658 1261 curationem
673 1231 741 1261 salvi
759 1238 918 1266 evaserunt,

181 1280 305 1308 absoluto
327 1279 471 1307 homicida.
493 1278 592 1306 Beatus
612 1277 776 1316 Eutropius,
799 1287 883 1316 purus
905 1288 921 1305 a

181 1325 357 1361 mulieribus,
378 1331 484 1359 cantor,
506 1324 665 1352 verberibus
679 1334 773 1357 caesus,
791 1330 815 1351 et
830 1323 921 1351 lateri-
940 1330 957 1352 F

181 1371 234 1400 bus
250 1381 280 1399 ac
292 1371 378 1399 fronte
394 1379 478 1407 usque
492 1368 558 1397 adeo
577 1368 724 1404 laceratus,
742 1376 771 1397 ut
784 1375 810 1397 et
824 1379 921 1407 super-

182 1417 244 1445 cilia
259 1427 365 1454 quoque
380 1415 471 1445 evulsa
486 1415 549 1450 sint,
568 1415 670 1444 facibus
684 1422 817 1454 postremo
831 1414 865 1443 ad
879 1415 922 1443 la-

182 1470 257 1499 tera,
276 1469 335 1501 post
359 1473 416 1490 ossa
438 1461 552 1497 nudata,
566 1461 701 1499 utrimque
726 1461 841 1490 admotis
864 1461 921 1489 oleo

183 1508 280 1547 plenis,
293 1508 320 1536 in
334 1508 390 1547 ipso
404 1507 516 1545 equuleo
528 1507 645 1535 animam
656 1507 808 1544 exhalavit,
820 1506 922 1535 media-

184 1565 236 1592 que
256 1561 332 1582 nocte
346 1554 466 1592 sepultus
479 1560 518 1581 est
532 1563 546 1581 a
562 1553 679 1589 clericis,
698 1554 744 1591 qui
760 1553 810 1582 hoc
830 1561 921 1592 patra·
937 1539 960 1588 33⁹

185 1606 260 1637 rant,
273 1609 334 1627 cum
347 1599 419 1626 Deus
433 1599 512 1626 morti
524 1598 582 1636 ejus
598 1598 780 1627 testimonium
793 1599 924 1638 praebuis-

186 1653 226 1675 set
246 1647 349 1676 visione
370 1646 558 1685 psallentium,
573 1645 608 1673 ob
629 1646 778 1674 Servatoris
794 1646 925 1685 passionis

188 1691 409 1720 conformitatem.
432 1691 536 1719 Retulit
556 1697 646 1719 autem
664 1690 803 1726 diaconus,
824 1691 870 1730 qui
891 1692 926 1720 ab

189 1738 320 1777 episcopis
333 1737 426 1772 rediit,
442 1748 457 1765 a
470 1737 591 1765 Praefecti
608 1737 756 1773 militibus,
768 1737 813 1775 qui
829 1749 872 1766 eos
885 1739 928 1767 de·

190 1781 341 1817 duxerunt,
353 1791 436 1818 usque
455 1780 522 1809 adeo
532 1781 611 1819 jussu
628 1780 782 1818 aliquorum
802 1788 926 1817 vexatos,

190 1835 220 1856 ut
234 1827 302 1856 mori
315 1833 436 1866 optarent
450 1834 475 1855 et
489 1827 579 1856 vivere
595 1833 754 1855 recusarent.
768 1828 837 1856 Nam
851 1838 929 1867 pecu-

191 1873 258 1907 nias,
271 1883 337 1910 quas
359 1872 385 1900 in
401 1879 504 1900 sumtus
522 1871 623 1900 itineris
637 1871 690 1900 sihi
704 1880 864 1910 sumserant,
881 1884 929 1912 pe-

192 1919 265 1946 nitus
285 1919 408 1956 abreptas
431 1919 500 1946 iuter
514 1928 541 1946 se
558 1917 650 1956 partiti
672 1925 750 1952 sunt,
762 1925 787 1946 et
802 1919 828 1947 in
841 1930 929 1947 macra

190 1965 311 2003 jumenta
323 1974 365 1992 eos
380 1963 539 2002 injicientes,
558 1963 634 1991 bidui
652 1964 702 1992 iter
722 1975 774 1993 uno
788 1964 832 1993 die
846 1965 930 1994 facie-
949 1983 967 2005 B

193 2011 258 2038 bant
272 2021 278 2038 :
292 2010 376 2038 multa
392 2016 465 2037 nocte
476 2009 503 2037 in
515 2009 663 2038 diversoria
678 2009 891 2047 introducentes,
905 2017 930 2039 et

194 2066 298 2084 summo
313 2065 389 2083 mane
400 2062 459 2083 ante
469 2055 557 2084 lucem
570 2054 736 2090 reducenieS,
751 2056 786 2084 ita
799 2063 870 2085 utne
884 2056 934 2084 mi-

195 2112 265 2130 seras
274 2100 382 2139 quidem
393 2110 463 2128 escas
475 2100 627 2129 stomachus
640 2101 751 2129 retinere
758 2103 932 2140 posset.Tur—

196 2148 274 2186 pibus
293 2154 417 2185 praeterea
440 2153 466 2173 ct
484 2146 629 2174 inhonestis
641 2147 732 2175 verbis
751 2157 794 2175 eos
809 2148 933 2187 impetere

197 2203 249 2221 uon
270 2192 423 2231 parcebant.
440 2191 562 2219 Palladio
580 2192 659 2220 etiam
674 2192 805 2221 famulum
820 2194 936 2223 abstule-

197 2245 270 2275 runt,
285 2238 341 2265 vim
358 2237 408 2275 ipsi
429 2237 567 2265 inserentes
579 2259 586 2273 ‚
601 2244 630 2265 ut
652 2238 762 2267 tabellas
779 2238 932 2278 deponeret.

198 2284 364 2312 Demetrium
374 2289 462 2310 autem
475 2293 542 2310 unus
552 2294 564 2310 e
575 2282 765 2313 deductoribus
776 2296 859 2323 usque
868 2285 934 2314 adeo

199 2330 318 2364 vexavit,
339 2335 368 2356 ut
384 2328 467 2355 inulta
486 2335 561 2355 noete
575 2328 685 2367 Biayam
709 2331 871 2368 pervenerit,
887 2331 933 2369 qui

199 2376 288 2403 statim
307 2373 470 2413 gravissimis
483 2373 620 2402 doloribus
635 2382 688 2403 toto
703 2386 812 2415 corpore
827 2378 932 2406 crucia-
953 2385 970 2407 C

232 2467 242 2477 ss
259 2459 267 2490 [
281 2457 421 2491 chellalltt‘
443 2461 579 2487 ἑλκτέκωμος
596 2461 633 2483 ὦν.
645 2459 735 2492 Georg.
749 2464 814 2493 ἐλαίῳ
827 2469 949 2494 κομουσῶν.

199 2500 263 2522 lliuc
276 2498 377 2521 fecimus
390 2501 571 2528 {mosomum-2.
588 2497 663 2521 l’auto
677 2505 734 2522 aute
748 2500 805 2524 furt.
823 2501 869 2529 leq.
882 2513 951 2527 moc-

200 2540 343 2564 xffjstmoe-J,
357 2542 382 2559 et.
399 2536 518 2559 articulus
530 2542 587 2560 aute
600 2540 691 2567 ὀστέοις,
704 2538 870 2570 insereudus.]
898 2527 902 2536 ι

232 2578 244 2597 1,
257 2576 347 2607 Geni-g.
362 2577 523 2608 διεμερὶςαντο,
538 2581 561 2598 et
574 2584 631 2598 111οΧ
642 2578 816 2608 arzago-simma)
824 2583 949 2610 ὀναζηὶεις.

231 2622 241 2631 c
255 2615 321 2638 fori.
335 2617 407 2644 nxg'm„
423 2615 501 2646 Bigot.
517 2614 572 2638 ,5on
583 2614 671 2646 Georg.
683 2623 760 2647 *sm-121
772 2626 817 2648 pro

830 2629 877 2650 7⁹³¹«
901 2645 906 2648 .
925 2631 928 2635 ²
945 2638 949 2642 .

780 212 936 235 PALLADti
964 210 1131 233 DlALOGUS

969 278 979 290 '³
991 275 1198 312 ἐλαιοκομουσῶν
1212 295 1218 308 ,
1234 272 1406 311 προσεκπνέει
1426 274 1464 312 τῷ
1479 273 1546 312 ξύλῳ
1558 295 1566 308 ,
1579 274 1670 312 ταφεὶς
1685 285 1732 311 με-

970 319 1097 358 σονυκτίῳ
1112 318 1185 357 παρὰ
1194 321 1246 348 τῶν
1258 321 1333 347 τοῦτο
1346 317 1496 357 δρασάντων
1506 320 1643 358 ἷερατικῶν
1653 341 1660 354 ,
1674 331 1733 348 συν-

971 365 1231 404 επιμαρτυρήσαντος
1242 367 1287 393 τοῦ
1298 366 1366 393 Θεοῦ
1377 366 1415 403 τῷ
1430 363 1533 403 θανάτῳ
1542 364 1658 406 ὀπτασίᾳ
1667 365 1734 404 ψαλ-

973 411 1070 439 λόντων
1087 411 1169 439 διὰτὸ
1182 410 1335 450 σύμμορφον
1349 413 1393 438 τοῦ
1405 409 1534 448 σωτηρίου
1549 410 1655 443 πάθους,
1668 413 1733 446 Διη-

971 457 1071 495 γησατο
1087 456 1113 484 δὲ
1127 459 1141 485 ὃ
1155 455 1285 488 ἀναλύσας
1300 456 1417 488 διάκονος
1432 456 1484 484 ἀπὸ
1498 457 1548 484 τῶν
1562 456 1714 485 ἐπισκόπων
1729 479 1736 492 ,

971 502 1011 531 ὅτι
1033 504 1056 531 οἳ
1071 501 1213 541 ἔπαρχικοὶ
1235 503 1258 530 οἱ
1281 501 1412 540 διάγοντες
1435 500 1527 534 αὐτοὺς
1549 501 1592 530 ἐπὶ
1614 504 1737 530 τοσοῦτον

972 547 1079 586 ἔθλιψαν
1094 549 1151 576 κατ’
1168 546 1274 579 ἐντολάς
1286 559 1363 575 τινων
1375 569 1382 582 ,
1395 548 1429 579 ὡς
1443 546 1566 586 εὔχεσθαι
1583 545 1675 578 αὐτοὺς
1691 546 1739 574 θά-

973 605 1048 621 νατον
1064 594 1197 628 ἐπελθεῖν,
1222 593 1268 621 καὶ
1291 592 1320 621 τὸ
1344 594 1388 631 ζῇν
1412 595 1607 632 παραιτεῖσθαι.
1627 591 1671 621 Τὰ
1692 591 1738 628 μὲν

972 640 1022 679 γὰρ
1039 641 1064 668 ἐν
1079 639 1211 679 ἀργυρίοις
1227 639 1390 676 ἀναλώματα
1402 661 1410 674 ,
1425 639 1442 667 ἃ
1454 638 1522 667 κατὰ
1537 638 1583 674 τὴν
1599 639 1655 668 ὁδὸν
1668 637 1741 672 εἰλή-

974 698 1065 724 φεισαν
1075 709 1083 721 ,
1098 687 1139 724 ὑφ’
1154 685 1180 714 ἓν
1193 684 1395 717 ἀποσπάσαντες
1410 706 1417 719 ,
1431 686 1467 718 εἷς
1482 685 1610 720 ἀλλήλους
1624 683 1636 700 ¹²
1649 685 1741 722 διεμε-

975 731 1100 770 ρίσθησαν
1112 754 1119 766 ,
1144 730 1230 769 ξηροῖς
1252 731 1278 759 δὲ
1300 734 1354 763 τοῖς
1370 730 1507 769 ὀνοζυγίοις
1526 729 1742 769 ἐπιρῥίπτοντες,

975 779 1026 805 τῶν
1040 776 1084 805 δύο
1094 778 1201 815 ἡμερῶν
1211 775 1258 811 τὴν
1274 776 1331 804 ὁδὸν
1346 775 1407 814 μίαν
1422 775 1536 812 ἐποίουν,
1548 777 1654 814 βαθεῖαν
1666 774 1742 805 ἑσπέ-

977 834 1022 861 ραν
1040 822 1202 861 εἷσάγοντες,
1224 822 1269 851 καὶ
1288 822 1373 862 ὄρθρῳ
1394 824 1518 860 σκοτεινῷ
1539 821 1690 858 ἐξάγοντες,
1707 823 1742 855 ὡς

977 868 1043 904 μηδὲ
1055 868 1101 900 τὰς
1115 867 1206 900 ἀθλίας
1217 868 1315 906 τροφὰς
1328 867 1452 906 κατέχειν
1463 867 1505 896 τὸν
1522 866 1665 905 στόμαχον.
1674 865 1743 901 ‘1²⁷5-

977 913 1042 952 μασί
1055 926 1083 942 τε
1097 915 1214 952 αἰσχροῖς
1224 914 1269 942 καὶ
1283 914 1405 952 ἇσέμνοις
1421 912 1560 952 βάλλοντες
1572 914 1617 941 οὐκ
1630 911 1742 951 ἐφείδον-

975 972 1012 988 το.
1025 960 1175 988 Παλλαδίου
1185 959 1210 987 δὲ
1224 959 1268 987 καὶ
1279 959 1322 988 τὸν
1333 960 1416 988 παῖδα
1427 958 1575 997 ἀφείλαντο,
1587 957 1743 997 βιασάμενοι

976 1005 1052 1034 αὐτὸν
1073 1005 1118 1033 καὶ
1141 1008 1323 1045 γραμματεῖον
1349 1003 1480 1034 ἐκθέσθαι.
1494 1003 1648 1043 Δημήτριον
1664 1003 1690 1031 δὲ
1706 1005 1742 1036 εἷς

974 1053 1097 1079 τοσοῦτον
1115 1051 1217 1090 ἔθλιψεν
1234 1046 1270 1083 εἷς
1282 1051 1333 1078 τῶν
1347 1050 1489 1089 διαγόντων
1499 1072 1506 1085 ,
1519 1051 1554 1083 ὡς
1568 1049 1613 1078 καὶ
1625 1048 1741 1087 εΖιὸύνῃ

976 1099 1082 1135 βαθεῖαν
1105 1097 1217 1135 ἑσπέραν
1244 1098 1362 1125 ἐπελθεῖν
1375 1119 1384 1132 ,
1409 1096 1435 1128 ὃς
1454 1095 1528 1134 παρὰ
1549 1095 1630 1128 πόδας
1652 1096 1688 1127 εἰς
1714 1095 1744 1123 τὸ

975 1144 1053 1181 σῶμα
1068 1143 1228 1177 ἐὸασανίσθη
1243 1164 1251 1178 ‚
1281 1141 1420 1173 ἐπωδύνως
1443 1142 1472 1170 τὸ
1499 1142 1546 1180 ζῇν
1570 1139 1720 1180 ἀποῤῥήξας
1732 1162 1741 1174 ,

974 1190 1010 1222 ὡς
1031 1187 1090 1221 τοὺς
1119 1188 1312 1221 ἐπιθειάζοντας
1336 1186 1472 1226 γνωρίζειν
1498 1185 1545 1221 τὴν
1568 1188 1620 1214 τῶν
1646 1185 1745 1225 ὕὸρεων

975 1234 1069 1269 ποινήν
1080 1244 1086 1249 ·
1102 1233 1273 1272 προειπόντος
1289 1235 1359 1272 αὐτῷ
1373 1233 1418 1261 καὶ
1437 1232 1589 1261 Παλλαδίου
1599 1253 1607 1268 ,
1627 1233 1663 1264 ὡς
1674 1234 1688 1260 ὁ
1703 1232 1746 1260 ἐλ-

976 1279 1026 1308 Οὼν
1041 1280 1187 1318 διηγήσατο
1210 1278 1430 1317 συστρατιώτης,
1451 1277 1492 1307 ὅτι
1516 1278 1599 1313 ἄλλην
1620 1277 1678 1306 ὁδὸν
1700 1278 1749 1317 οὔχ

976 1325 1110 1360 ὁδεύσεις,
1133 1327 1242 1363 οἰκτρῶς
1261 1324 1433 1360 τελευτήσας.
1456 1322 1608 1362 Ἐκκλησία
1630 1323 1676 1361 μὲν
1697 1323 1749 1363 γὰρ

976 1371 1005 1400 τὸ
1029 1371 1135 1400 σύνολον
1160 1370 1316 1405 πλησιάζειν
1345 1371 1391 1399 οὒκ
1421 1369 1480 1398 εἴων
1495 1391 1503 1404 ,
1529 1369 1705 1401 καταλύοντες
1731 1368 1748 1404 ἢ

976 1418 1002 1444 ἐν
1019 1416 1186 1455 πανδοχείοις
1197 1438 1204 1451 ,
1228 1416 1290 1444 ἔνθα
1314 1415 1451 1455 ἑταιρίδων
1474 1416 1572 1450 πλῆθος
1585 1435 1593 1449 ,
1619 1414 1636 1449 ἢ
1651 1416 1677 1444 ἐν
1691 1419 1750 1447 ταῖς

977 1466 1141 1499 συναγωγαῖς
1155 1462 1329 1501 Σαμαρειτῶν
1345 1461 1362 1496 ἢ
1378 1460 1514 1489 Ἰουδαίων
1525 1482 1533 1495 ,
1556 1460 1674 1498 μάλιστα
1695 1460 1748 1489 ἀπὸ

976 1509 1097 1546 Ταρσοῦ,
1110 1507 1156 1535 καὶ
1168 1508 1221 1535 ἐκεῖ
1235 1509 1270 1539 ὡς
1290 1508 1549 1545 στενοχωρουμένους
1562 1506 1656 1539 αὐτοὺς
1669 1528 1678 1541 ,
1704 1506 1748 1534 καὶ

978 1553 1064 1592 ἔτερόν
1078 1564 1104 1580 τι
1115 1555 1126 1567 “
1138 1553 1241 1589 ἐννοεῖν,
1254 1553 1267 1581 ὃ
1281 1549 1312 1588 ἦν
1327 1553 1500 1591 ἀπρονόητον.
1515 1552 1595 1591 Λέγει
1607 1552 1634 1581 δὲ
1647 1547 1683 1585 εἷς
1696 1554 1750 1580 τῶν

979 1598 1129 1628 ἐπισκόπων
1139 1611 1145 1616 ·
1161 1598 1187 1626 τί
1201 1598 1354 1636 λυπούμεθα
1367 1599 1428 1637 περὶ
1443 1599 1496 1626 τῶν
1511 1597 1697 1636 καταγωγίων;
1711 1597 1748 1635 μὴ

979 1644 1030 1684 γὰρ
1047 1646 1085 1684 ἐφ’
1110 1647 1174 1682 ἡμῖν
1196 1647 1252 1673 ἐστι
1272 1647 1321 1673 ποῦ
1350 1648 1453 1682 μεῖναι,
1478 1642 1522 1672 ἵνα
1545 1642 1630 1683 οἰκείᾳ
1652 1642 1751 1682 αἱρέσει

982 1694 1203 1730 ἀσχημονοῦντες,
1220 1690 1293 1723 δίκας
1312 1691 1483 1729 ὀφλήσωμενς
1497 1689 1514 1725 ἢ
1534 1691 1580 1718 οὐκ
1599 1689 1695 1725 οἴδατε,
1708 1689 1750 1718 ὅτι

981 1740 1063 1765 ταῦτα
1077 1737 1164 1766 πάντα
1178 1736 1223 1766 καὶ
1242 1736 1380 1775 γεγένηται
1394 1736 1439 1764 καὶ
1458 1736 1607 1774 γενήσεται,
1620 1738 1666 1764 τοῦ
1680 1736 1750 1764 Θεοῦ

982 1783 1026 1812 διὰ
1040 1783 1144 1812 πάντων
1166 1783 1349 1820 δοξαζομένου;
1364 1781 1451 1810 Πόσαι
1470 1781 1569 1810 τούτων
1582 1783 1633 1810 τῶν
1649 1779 1750 1820 ἑταιρί-

985 1830 1035 1858 δων
1050 1829 1131 1864 λήθην
1146 1830 1214 1858 Θεοῦ
1232 1828 1369 1863 λαὸοῦσαι,
1385 1827 1402 1862 ἢ
1420 1827 1468 1863 τὴν
1484 1827 1568 1867 ἀρχὴν
1593 1826 1659 1864 μηδὲ
1672 1829 1752 1865 γνοῦ-

985 1887 1041 1910 σαι,
1057 1877 1128 1912 ἧμδίς
1147 1875 1214 1903 οὕτω
1229 1874 1400 1912 θεασάμεναι,
1417 1875 1452 1906 εἷς
1467 1872 1546 1912 φόὸον
1558 1874 1628 1902 Θεοῦ
1641 1872 1687 1901 καὶ
1706 1871 1752 1901 ἔν·-

985 1932 1055 1949 νοιαν
1069 1916 1158 1957 ιἦλθον,
1171 1921 1234 1953 ἴσως
1253 1919 1296 1948 ἐπὶ
1317 1919 1347 1948 τὸ
1366 1923 1483 1958 κρεῖττον
1498 1922 1650 1957 τραπεῖσαι,
1666 1917 1683 1952 ἢ
1703 1917 1752 1946 κᾶν

987 1966 1029 1995 ἐπὶ
1041 1966 1071 1994 τὸ
1080 1971 1167 2006 χεῖρον
1182 1966 1217 2004 μὴ
1231 1965 1443 2005 καταρρεύσασαι
1456 1977 1463 1999 ;
1480 1966 1519 1993 Οὐ
1533 1964 1625 2002 μικρὸν
1639 1964 1667 1992 δὲ
1679 1965 1752 2003 ψυχῇ

987 2014 1079 2050 λογικῇ
1096 2012 1146 2040 ὑπὸ
1157 2012 1254 2043 πάθους
1268 2010 1280 2026 ¹'
1291 2010 1440 2049 κακουμένῃ
1457 2010 1502 2038 καὶ
1519 2009 1612 2049 μικρὸν
1623 2011 1754 2038 ἀναπνεῦ-

988 2070 1042 2091 σαι,
1058 2057 1121 2096 ὅπερ
1133 2057 1203 2086 ἐστὶν
1219 2057 1336 2094 ἔναυσμα
1351 2055 1520 2094 σωφροσύνης
1529 2067 1535 2072 ·
1548 2057 1582 2087 ὡς
1593 2057 1676 2083 ταῦτα
1687 2056 1754 2082 ὑπο-

989 2103 1087 2132 στάντα
1101 2105 1180 2131 εἰπεῖν
1196 2103 1238 2131 τὸν
1251 2101 1404 2141 ἱεροφάντην
1420 2102 1525 2130 Παῦλον
1534 2111 1540 2117 ·
1556 2101 1671 2140 Χριστοῦ
1685 2101 1753 2129 εὒω-

989 2149 1031 2178 δία
1047 2149 1125 2186 ἐσμὲν
1141 2151 1166 2177 ἐν
1181 2153 1234 2180 τοῖς
1250 2147 1405 2185 σωζομένοις
1425 2146 1469 2174 καὶ
1484 2148 1510 2174 ἐν
1528 2151 1581 2178 τοῖς
1597 2144 1754 2183 ἀπολλυμέ-

989 2207 1055 2229 νοις,
1067 2194 1110 2223 διόι
1128 2194 1158 2222 τὸ
1177 2194 1283 2232 θέατρον
1297 2195 1450 2231 γεγενῆσθαι
1467 2192 1585 2230 ἀγγέλοις
1599 2204 1627 2220 τε
1644 2191 1688 2220 καὶ
1704 2192 1754 2219 ἀν-

989 2240 1110 2279 θρώποις.
1128 2241 1174 2272 Εἷς
1198 2241 1320 2267 τοσοῦτον
1342 2237 1368 2267 δὲ
1385 2237 1520 2275 ὠμότητος
1541 2239 1565 2266 οἱ
1586 2237 1655 2266 κατὰ
1675 2236 1753 2266 τόπον

989 2289 999 2301 ⁰
1015 2286 1139 2323 ἤκμασαν
1154 2284 1292 2313 ἐπίσκοποι
1306 2286 1357 2312 τῶν
1373 2285 1530 2312 κοινωνικῶν
1545 2283 1674 2322 Θεοφίλου
1686 2282 1755 2311 κατὰ

990 2332 1036 2366 τὴν
1052 2330 1179 2365 ἀνατολὴν
1194 2335 1292 2364 πᾶσαν,
1305 2331 1338 2361 ὡς
1355 2329 1441 2367 ἔλεγεν
1457 2331 1470 2357 ὁ
1482 2329 1563 2358 ἐλθὼν
1578 2328 1704 2364 ἀσκητὴς,
1719 2329 1755 2361 ὡς

994 2377 1065 2410 τινὰς
1085 2378 1169 2405 αὐτῶν
1184 2376 1241 2414 οὐχὶ
1263 2375 1339 2413 μόνον
1359 2374 1395 2412 μὴ
1411 2374 1570 2407 ἐνδείξασθαι
1587 2374 1633 2410 τὴν
1649 2375 1754 2413 ὀφειλο-

1034 2471 1043 2481 ⁴¹
1062 2462 1153 2493 Georg.
1173 2465 1297 2489 ἐνυοηθῇνκι
1313 2468 1420 2495 προῆγον.

1034 2503 1046 2520 1¹
1066 2501 1135 2525 Ltmu
1150 2504 1289 2535 κρατουμένη
1308 2504 1343 2524 καὶ
1355 2504 1426 2532 ,imm
1438 2502 1579 2525 ἀναπνεῦσαι.
1601 2498 1673 2532 [Mox
1687 2499 1753 2530 loge-

1002 2540 1075 2564 l=utur
1088 2544 1162 2565 πάντα
1173 2543 1248 2567 om„
1260 2537 1302 2561 scd
1317 2537 1457 2563 meCod.
1468 2543 1493 2561 (ἰ
1502 2538 1668 2571 Georg.Fot-t.
1678 2539 1753 2562 etiam

1002 2578 1132 2603 addendus-
1143 2577 1261 2601 artivulu-
1273 2576 1330 2608 κύ]

1035 2626 1042 2635 =·
1065 2618 1154 2649 (ἰωῆς.
1173 2621 1270 2648 ξ’ὶψ-ιι,
1287 2617 1353 2640 Fon.
1368 2620 1449 2644 ,ἣλωσαν
1464 2617 1542 2648 BiSot.

1791 1102 1846 1127 .t9
