1910 2907
0 2182 11 2203 Γ
41 2189 76 2205 10.
91 2192 115 2213 p.

0 2214 30 2237 ΕΞ.

680 191 768 214 NUNC
796 191 925 214 PRtMUM
955 192 1151 215 ADORNATA.
1601 181 1659 217 151

139 258 229 289 verat,
244 258 274 281 ut
293 252 344 281 sibi
358 262 450 281 eorum
466 252 567 281 animos
589 253 758 287 conciliaret,
773 260 878 291 gratam

137 299 272 328 concionis
285 298 563 328 admurmurationem
578 299 741 338 plaususque
752 300 877 338 frequen-

137 352 186 382 tes,
200 352 228 374 ut
239 346 265 374 in
281 346 432 374 orationum
445 345 558 374 decursu
574 345 677 375 videas.
695 346 737 375 Ad
759 346 816 375 haec
834 356 878 374 ve-

136 401 167 420 ro
191 391 217 419 in
240 392 364 420 Homiliis
387 392 422 420 ad
446 392 562 431 primam
586 391 734 430 Epistolam
760 392 878 430 plurima

136 446 296 472 occurrunt;
311 449 405 477 pugnae
421 449 515 477 nempe
534 445 559 466 et
572 438 739 467 velitationes
754 439 880 476 frequen-

136 490 174 512 tes
185 491 276 512 contra
289 484 463 523 philosophos
475 491 579 512 exteros
589 491 614 512 et
625 484 754 512 falsorum
766 483 878 512 deorum

136 530 251 559 cultores
263 554 271 565 ,
285 538 311 559 et
326 538 416 559 contra
438 530 577 559 haercticos
599 531 758 565 nonnullos;
773 541 803 558 ac
824 531 878 559 sin-

134 575 239 612 gularia
250 574 372 613 quaedam
385 574 419 603 ad
433 575 501 603 istus
512 574 564 602 aevi
580 585 681 603 morem
692 582 717 603 et
730 585 808 603 usum
819 585 877 613 per·

135 621 265 656 tinentia,
280 620 385 659 aliaque
407 620 442 649 de
466 620 565 659 quibus
588 620 615 648 in
636 621 740 649 Monito
764 621 878 659 carptim

134 666 241 703 agitur,
265 677 360 706 nempe
384 667 454 694 circa
481 666 657 705 philosophos
675 673 790 703 exteros,
806 666 877 694 circa

133 711 289 749 haeretieos,
314 713 478 741 Manichaeos
501 719 526 741 et
550 713 755 750 Marcionistas‚
786 720 878 741 contra

135 757 349 786 Christianorum
362 759 591 787 Antiochenorum
602 769 697 787 mores.

173 803 306 832 Homilias
331 804 359 832 in
374 804 519 833 secundam
540 804 574 832 ad
594 804 747 833 Corinthios
769 804 878 844 Episto-

134 848 188 877 lam
203 860 256 878 non
275 850 335 888 pari
353 850 482 889 elegantia
502 857 581 888 atque
596 850 709 889 priores,
727 850 760 878 de
777 851 876 888 quibus

131 895 188 933 jam
200 902 289 923 actum
302 902 351 931 est,
366 896 478 934 scriptas
497 896 578 924 fuisse
593 895 703 933 quidam
717 895 874 935 opinantur,

134 939 262 969 Breviore
273 942 366 979 utique
377 941 448 980 stylo
459 941 501 969 hae
515 941 674 980 posteriores
686 942 875 980 explanantur.

133 985 168 1014 Et
179 986 242 1024 quia
255 987 463 1026 Chrysostomus
475 988 502 1015 in
521 987 610 1026 priore
622 987 744 1026 Epistola
760 987 875 1016 Paulum

131 1031 283 1070 apostolum
303 1039 441 1070 sequutus,
457 1033 502 1070 qui
517 1032 685 1061 Christianos
701 1032 771 1063 illos,
784 1033 811 1061 in
837 1043 877 1062 ec-

130 1077 211 1105 clesia
231 1078 362 1106 tumultus
378 1085 404 1106 et
423 1077 538 1106 dissidia
557 1084 713 1112 moventes,
726 1079 875 1107 vehemen-

130 1122 184 1151 tius
207 1123 401 1160 insectabatur,
416 1134 478 1152 cum
501 1124 649 1152 acrimonia
672 1125 774 1163 majore
794 1125 876 1153 etiam

130 1169 188 1208 ipse
206 1169 344 1208 loquitur,
372 1171 397 1198 in
419 1169 536 1200 secunda
561 1177 649 1198 autem
671 1180 732 1198 cum
755 1171 876 1210 apostolo

130 1216 252 1254 pacatius
267 1217 334 1255 agit,
348 1227 395 1245 nec
412 1217 495 1256 tropis
507 1223 560 1244 tam
573 1216 757 1254 frequentibus
771 1217 855 1245 utitur
867 1229 873 1244 z

131 1272 179 1290 nec
198 1273 288 1300 parem
304 1270 373 1291 certe
387 1273 496 1302 operam
518 1263 545 1290 in
566 1261 697 1290 ambabus
719 1261 876 1291 adhibuisse

130 1307 252 1336 videtur.

172 1354 211 1382 L't
224 1354 251 1382 in
270 1354 407 1393 prioribus
426 1353 561 1389 homiliis,
573 1353 598 1381 in
614 1353 687 1382 hisce
701 1354 780 1382 etiam
799 1355 876 1382 Mar-

130 1400 256 1428 cionistas
275 1400 402 1439 exagitat,
415 1400 462 1438 qui
485 1399 611 1428 dicebant
636 1410 726 1427 rerum
749 1399 874 1438 opificem

126 1447 230 1484 justum
251 1457 323 1483 esse,
340 1445 386 1475 sed
403 1456 455 1474 non
481 1446 601 1480 bonum;
619 1445 785 1474 Manicliaeos
809 1446 873 1474 item

130 1488 284 1527 insectatur,
301 1490 347 1528 qui
369 1501 414 1518 ore
431 1490 514 1529 impio
537 1490 610 1518 'nunc
634 1501 724 1518 rerum
750 1490 874 1529 opificem

129 1532 270 1562 diabolum
287 1546 342 1564 esse
354 1536 574 1574 pronuntiabant.
587 1535 731 1564 Haereticos
746 1536 807 1565 illos
819 1537 874 1565 ali-

129 1587 194 1618 quot
212 1581 240 1609 in
259 1581 325 1610 locis
338 1583 433 1622 carpit,
447 1593 546 1611 necnon
564 1590 589 1611 et
606 1583 672 1612 alios
687 1584 732 1622 qui
748 1583 873 1613 dicebant

129 1627 262 1657 mundum
282 1629 371 1668 ipsum
387 1640 442 1658 esse
456 1629 548 1666 deum,
561 1631 606 1668 qui
624 1641 699 1659 error
716 1631 797 1658 ctiam
815 1641 872 1660 aevo

129 1681 218 1702 nostro
239 1682 381 1704 renovatus
394 1676 456 1705 fuit.
471 1676 532 1704 Atia
550 1687 654 1715 quoque
669 1676 814 1705 observatu
829 1676 872 1705 di-

128 1730 180 1758 gna
195 1721 222 1749 in
239 1721 281 1749 his
302 1722 496 1760 posterioribus
514 1722 635 1751 homiliis
649 1730 804 1751 occurrunt.
818 1723 870 1751 As-

127 1767 218 1796 firmat
242 1769 271 1797 S.
290 1768 384 1798 doctor
404 1769 588 1798 Alexandrum
604 1782 617 1798 a
630 1770 730 1799 Senatu
748 1771 870 1798 Romano

127 1814 234 1842 tertium
261 1815 396 1844 decimum
421 1816 503 1844 deum
524 1816 690 1844 declaratum
718 1816 817 1849 fuisse,
840 1816 869 1844 id

126 1860 200 1897 quod
215 1860 339 1900 nuspiam
353 1862 462 1890 memini
484 1873 526 1890 me
543 1862 640 1901 legere.
655 1862 764 1890 Tertius
778 1869 869 1891 autem

127 1904 246 1934 decimus
265 1906 330 1935 deus
349 1907 437 1936 dictus
457 1908 527 1943 fuit,
548 1908 611 1945 quia
635 1906 778 1935 duodecim
803 1907 868 1936 deos

128 1952 219 1980 Graeci
234 1953 352 1991 itemque
366 1953 481 1981 Romani
497 1953 682 1987 admittebant,
702 1953 744 1981 his
762 1952 869 1981 duobus

126 1998 248 2027 versibus
261 1999 466 2038 comprehensos
478 2011 484 2026 :
522 2020 525 2022 -

124 2074 200 2104 Juno,
214 2074 286 2099 Vesta
295 2094 301 2105 ,
314 2074 426 2099 Minerva
436 2094 442 2104 ‚
455 2075 528 2099 Ceres
538 2094 544 2104 ,
558 2074 638 2098 Diana
648 2094 654 2105 ,
668 2073 750 2097 Venus
760 2092 766 2102 ‚
777 2073 842 2097 Mars
850 2092 856 2103 ,

125 2113 274 2143 Mercurius,
289 2113 372 2144 Jovis,
388 2115 533 2146 Neptunus,
547 2113 686 2144 Vulcanus,
701 2112 798 2144 Apollo.

165 2182 391 2211 Commentarium
409 2183 471 2211 item
489 2182 516 2210 in
532 2181 682 2221 Epistolam
697 2181 732 2210 ad
753 2180 864 2210 Galatas

128 2227 273 2256 Antiochiae
294 2227 390 2263 edidit,
414 2235 443 2256 ut
458 2228 484 2256 in
502 2228 605 2257 Monito
624 2228 724 2256 ibidem
738 2227 866 2266 probavi-

127 2284 186 2302 mus
199 2286 205 2301 :
219 2273 261 2301 cui
275 2273 430 2303 adornando
444 2285 497 2303 non
519 2274 624 2302 solitam
643 2284 751 2313 operam
776 2273 865 2312 posuit

127 2320 339 2358 Chr5sostomus.
354 2321 384 2348 In
401 2320 461 2348 aliis
475 2320 574 2359 quippe
597 2319 625 2348 in
645 2321 753 2348 Novum
770 2319 866 2346 Testa-

126 2372 245 2393 mentum
264 2365 497 2404 explanationibus
511 2366 600 2394 omnia
617 2366 644 2393 in
660 2365 798 2393 conciones
819 2374 864 2392 seu

125 2410 250 2439 homilias
265 2410 352 2438 divisa
371 2418 396 2439 et
416 2411 561 2440 distributa
581 2419 660 2447 sunt;
676 2412 711 2439 ita
728 2417 757 2438 ut
772 2409 865 2438 concio

126 2456 251 2494 quaelibet
265 2456 352 2484 ethica
372 2456 556 2485 adhortatione
582 2456 742 2493 claudatur,
759 2462 782 2484 et
802 2465 864 2483 mo-

125 2502 192 2530 ralia
204 2502 295 2530 isthaec
310 2502 454 2541 posteriora
472 2509 604 2542 praecepta
622 2513 747 2541 magnam
759 2508 788 2530 ut
799 2501 864 2540 plu-

125 2548 224 2576 rimum
236 2548 353 2576 homitiae
367 2555 467 2587 partem
479 2548 698 2587 complectantur.
709 2549 739 2577 In
754 2547 804 2576 hoc
816 2558 864 2575 au-

126 2600 176 2622 tem
201 2594 396 2623 Commentario
417 2594 506 2622 omnia
527 2604 601 2623 secus
623 2593 750 2622 adornata
776 2600 858 2622 sunt:

932 264 992 282 nam
1016 254 1179 283 continenter
1197 255 1405 294 Chrysostomus
1427 255 1461 283 ad
1489 255 1567 283 siuem
1588 267 1671 294 usque

931 300 1048 339 epistolae
1060 311 1152 329 versus
1165 311 1255 330 omnes
1265 301 1399 341 explanat.
1409 301 1524 330 Moralia
1539 312 1670 331 nonnum-

932 357 1024 384 quam,
1036 346 1122 376 sicubi
1136 348 1240 376 occasio
1253 348 1380 382 offertur,
1394 348 1539 384 admiscet;
1554 349 1599 377 sed
1617 359 1669 377 non

934 399 962 420 ut
977 403 1024 431 pro
1045 403 1118 421 more
1131 393 1210 421 solito
1232 394 1384 422 concionem
1399 393 1516 422 claudat.
1535 394 1670 433 Populum

932 446 1019 467 autem
1038 450 1090 468 non
1105 450 1165 468 raro
1185 441 1332 478 alloquitur
1357 441 1526 480 Quapropter
1544 440 1671 469 credide-

932 485 984 513 rim
999 485 1054 514 haec
1069 486 1146 514 illum
1162 487 1197 515 ita
1214 487 1429 521 concinnavisse‚
1446 487 1488 515 vel
1504 493 1532 514 ut
1547 487 1670 525 praesenti

933 532 1031 570 populo
1052 533 1090 560 sic
1109 533 1206 570 legeret
1231 540 1277 561 aut
1299 533 1438 567 recitaret,
1460 533 1503 560 vel
1529 540 1557 561 ut
1579 533 1670 561 diviso

932 577 1024 605 multis
1041 577 1068 605 in
1090 578 1209 616 partibus
1232 578 1430 607 Commentario
1449 578 1563 616 singulis
1581 586 1670 617 postea

930 622 1052 660 partibus
1067 623 1186 651 ethicum
1198 624 1334 662 epilogum
1349 624 1488 662 adjiceret,
1503 631 1531 652 ut
1546 635 1594 663 pro
1607 634 1670 652 con-

931 674 1006 695 sueto
1024 678 1098 696 more
1115 668 1142 696 in
1158 669 1282 697 homilias
1296 669 1471 697 distributum
1487 680 1554 708 opus
1570 670 1670 709 populo

931 714 1124 751 pronuntiaret.
1139 715 1208 743 Utro
1228 721 1315 743 autem
1338 715 1417 743 modo
1442 716 1543 754 egerit,
1564 716 1669 745 nonnisi

930 756 1077 785 divinando
1087 758 1191 796 assequi
1203 768 1354 797 possumus.

970 803 1000 831 In
1016 803 1065 831 hoc
1084 810 1154 832 certe
1168 804 1366 833 Commentario
1382 805 1591 844 Chrysostomus
1611 806 1669 834 lon-

930 860 962 889 ge
975 851 1126 879 accuratius
1140 852 1253 890 apostoli
1266 852 1337 880 dicta
1353 852 1475 891 explorat
1489 859 1513 880 et
1531 853 1664 892 explicat,

933 907 1015 934 quam
1038 897 1066 925 in
1087 898 1179 926 multis
1199 898 1258 926 aliis
1279 898 1399 926 homiliis
1419 905 1444 926 et
1458 899 1666 927 commentariis.

930 946 1072 972 Anomceos
1087 955 1138 972 non
1150 944 1230 973 semel
1242 944 1347 983 egregie
1358 944 1464 979 refellit,
1479 954 1580 972 necnon
1593 946 1670 973 Mar-

929 988 1053 1017 cionistas
1067 996 1092 1018 et
1104 990 1267 1019 Manicbaeos
1281 1002 1286 1017 :
1301 996 1393 1018 contra
1405 989 1584 1018 Antioclicnos
1599 990 1669 1017 mul-

930 1040 970 1062 tos
992 1034 1141 1070 declamat,
1162 1036 1210 1074 qui
1232 1035 1359 1065 Judaicos
1385 1035 1452 1063 ritus
1484 1036 1666 1065 sectabantur.

929 1080 1004 1108 Alios
1014 1081 1093 1109 etiam
1109 1081 1238 1120 exagitat,
1250 1081 1295 1119 qui
1307 1081 1359 1109 sibi
1371 1081 1461 1109 virilia
1477 1081 1664 1120 amputabant,

929 1136 1008 1163 quem
1025 1137 1127 1155 morem
1147 1127 1256 1155 innuere
1270 1126 1378 1155 videtur
1389 1137 1405 1154 a
1419 1126 1576 1155 Manichaeis
1591 1126 1669 1156 inve-

930 1178 1003 1200 ctum
1015 1173 1105 1201 fuisse.

969 1216 1041 1244 Inter
1062 1216 1199 1245 selectiora
1223 1216 1340 1244 doctoris
1367 1216 1450 1244 nostri
1472 1216 1669 1245 Commentaria
1681 1225 1710 1246 T.
1727 1231 1761 1250 ιι,

928 1263 1028 1291 censeri
1049 1263 1146 1292 debent
1170 1263 1294 1291 Homiliae
1314 1263 1340 1291 in
1361 1263 1510 1302 Epistolam
1529 1263 1565 1292 ad
1578 1264 1669 1302 Ephe-

929 1309 997 1344 sios,
1013 1316 1068 1337 tum
1090 1310 1152 1348 quia
1172 1309 1198 1337 in
1213 1309 1255 1337 his
1271 1319 1311 1337 res
1324 1309 1432 1337 uberius
1447 1309 1592 1348 expendit,
1608 1316 1666 1338 tum

929 1354 991 1392 quia
1006 1355 1090 1383 multa
1100 1362 1125 1383 et
1136 1354 1282 1393 singularia
1297 1354 1395 1393 passim
1407 1353 1519 1391 indicat,
1535 1365 1594 1392 quae
1607 1365 1668 1394 pos-

928 1400 981 1428 sint
991 1408 1037 1428 aut
1048 1401 1083 1428 ad
1094 1401 1198 1428 beatam
1210 1408 1256 1428 aut
1266 1400 1299 1428 ad
1313 1400 1437 1428 miseram
1454 1400 1536 1428 vitam
1551 1411 1602 1428 non
1618 1411 1669 1439 pa-

928 1457 989 1474 rum
1010 1447 1106 1475 afferre
1127 1446 1263 1475 momenti.
1282 1446 1428 1474 Antiocbiae
1448 1453 1537 1474 autem
1562 1446 1669 1475 habitas

927 1493 1008 1521 fuisse
1020 1493 1047 1521 in
1064 1493 1222 1522 Praefatione
1234 1492 1376 1532 probatum
1390 1499 1437 1520 est.

968 1539 1084 1567 Orditur
1099 1545 1188 1567 autem
1202 1539 1236 1566 ab
1251 1538 1358 1577 Epheso
1370 1538 1448 1572 urbe,
1461 1548 1541 1575 quam
1555 1545 1583 1566 ut
1599 1539 1668 1566 Asia:

926 1584 1087 1623 metropolin
1104 1584 1230 1612 celebrat.
1249 1582 1476 1611 Antiochenorum
1492 1593 1590 1622 pravos
1607 1594 1668 1611 mo-

925 1640 967 1658 res
982 1630 1140 1666 insectatur,
1155 1641 1199 1658 eos
1212 1639 1274 1658 vero
1290 1629 1406 1658 maxime
1417 1651 1424 1664 ‚
1439 1629 1485 1667 qui
1500 1629 1535 1657 ab
1555 1629 1668 1658 ethnicis

925 1683 950 1704 et
963 1675 1110 1704 idololatris
1122 1682 1320 1715 promanarant,
1333 1682 1362 1703 ut
1372 1681 1455 1703 sortes
1465 1681 1490 1703 et
1504 1675 1666 1703 incantatio-

925 1732 986 1759 nes,
1006 1722 1090 1750 fatum
1112 1722 1192 1750 etiam
1206 1728 1232 1749 et
1246 1720 1508 1760 metempsychosin,
1523 1720 1666 1749 dicebant-

924 1777 975 1806 que
997 1768 1038 1796 illi
1060 1767 1150 1796 omnia
1171 1767 1244 1795 nulla
1263 1766 1320 1805 geri
1336 1764 1520 1804 providentia,
1533 1765 1580 1793 alii
1595 1775 1660 1795 vero

924 1813 1005 1841 deum
1019 1823 1075 1842 esse
1096 1822 1192 1851 corpus
1209 1812 1318 1850 impune
1333 1811 1493 1839 asserebant.
1506 1811 1547 1838 De
1563 1810 1662 1839 omini-

923 1858 974 1887 bus
989 1866 1076 1887 autem
1090 1864 1115 1886 et
1128 1857 1264 1896 praesagiis
1278 1856 1361 1885 multa
1375 1855 1594 1895 profertomnino
1609 1856 1664 1884 sin-

923 1904 1036 1943 gularia.
1052 1904 1130 1932 Hom.
1146 1903 1249 1931 decima
1270 1901 1335 1930 dicit
1350 1902 1509 1940 ἀγάλματα,
1529 1912 1574 1930 seu
1589 1902 1662 1941 figu-

922 1961 965 1978 ras
988 1950 1030 1978 vel
1054 1950 1200 1987 imagines,
1217 1948 1244 1976 in
1261 1947 1369 1976 ecclesia
1384 1957 1457 1984 esse,
1472 1957 1558 1985 neque
1580 1948 1658 1986 plura

922 1996 1015 2034 adjicit
1029 1996 1055 2023 in
1069 2006 1106 2029 re,
1115 2004 1197 2032 quam
1208 1993 1293 2031 magis
1305 2002 1450 2031 expensam
1462 1992 1544 2021 fuisse
1553 1993 1659 2022 vellem.

923 2041 1066 2070 Hoereticos
1078 2040 1175 2080 passim
1187 2040 1316 2077 exagitat,
1328 2038 1504 2076 Marcionem,
1516 2039 1660 2074 Manetem‚

922 2087 1114 2121 Valentinum,
1131 2086 1260 2113 Catharos
1275 2095 1320 2113 seu
1333 2084 1508 2122 Novatianos,
1522 2085 1618 2113 Arium
1632 2085 1659 2113 in

921 2133 1045 2162 omnibus
1062 2142 1129 2171 pene
1143 2130 1322 2166 concionibus,
1339 2130 1459 2168 aliosque
1475 2130 1556 2159 etiam
1571 2130 1658 2159 haere-

920 2179 993 2208 ticos.

960 2224 1091 2253 Homilias
1114 2233 1218 2261 quoque
1234 2222 1260 2250 in
1276 2222 1411 2261 Epistulas
1425 2221 1492 2250 duas
1513 2221 1548 2251 ad
1563 2222 1660 2252 Timo·
1704 2236 1731 2258 T,
1746 2243 1811 2266 ¹¹·t’-

920 2272 1012 2299 theum
1025 2277 1150 2309 putamus
1162 2279 1224 2303 nos,
1236 2267 1310 2296 haud
1324 2268 1430 2296 levibus
1445 2268 1557 2306 permoti
1573 2269 1656 2297 ratio·
1672 2268 1726 2296 546-

920 2317 1014 2351 nibus,
1036 2314 1183 2344 Antiochiae
1206 2313 1328 2349 habitas,
1341 2319 1370 2340 ut
1385 2312 1477 2341 videas
1499 2313 1525 2341 in
1542 2314 1656 2342 Monito.

919 2365 950 2392 In
965 2362 1006 2390 his
1020 2372 1084 2390 vero
1099 2360 1282 2397 concionibus,
1294 2359 1355 2387 licet
1367 2359 1470 2397 aliquot
1487 2359 1513 2387 in
1535 2359 1600 2388 locis
1613 2370 1659 2388 ne-

919 2409 1063 2448 gligentius
1077 2418 1153 2446 agere
1165 2413 1189 2435 et
1201 2416 1402 2443 nonnumquam
1415 2405 1479 2433 vilia
1495 2416 1542 2434 nec
1557 2416 1658 2434 memo-

919 2462 979 2483 ratu
993 2454 1073 2492 digna
1090 2460 1203 2481 tractare
1214 2451 1356 2486 videatur,
1373 2451 1472 2490 passim
1489 2458 1577 2479 tamen
1595 2462 1658 2480 ava-

919 2511 973 2537 ros,
989 2506 1015 2528 et
1028 2509 1071 2527 eos
1083 2498 1129 2536 qui
1144 2497 1277 2526 facultatis
1296 2496 1425 2535 augendae
1446 2496 1535 2524 studio
1550 2504 1659 2525 caetero-

918 2557 979 2575 rum
1001 2545 1069 2573 bona
1084 2544 1201 2583 diripere
1223 2542 1396 2581 satagebant,
1411 2542 1516 2580 egregie
1531 2544 1616 2581 carpit
1633 2550 1658 2571 et

918 2592 1069 2627 insectatur,
1084 2599 1216 2627 nusquam
1230 2588 1308 2616 finem
1324 2588 1386 2616 facit
1399 2587 1542 2626 impetendi
1555 2600 1561 2615 :
1574 2598 1658 2626 neque
