1950 2922
257 204 323 240 152
728 213 758 236 s.

207 287 245 306 aso
253 279 336 307 alium
351 278 408 317 ejus
421 276 643 307 commentarium
660 276 761 312 videas,
776 274 823 302 ubi
835 274 900 302 huic
914 284 990 302 amo-

128 1475 158 1495 T.
173 1481 208 1496 11.
222 1483 244 1503 p.

105 1506 159 1536 728.

252 324 340 354 vendo
357 324 427 353 malo
444 334 533 364 parem
548 323 700 351 insumserit
714 330 833 359 operam.
846 319 925 348 Unde
946 320 992 348 in·-

253 372 321 399 seras
333 377 431 410 pestem
442 370 517 398 illam
532 368 681 397 manavisse
696 367 723 394 in
739 365 795 394 dies
807 365 903 401 latius;
916 365 992 394 mul-

254 423 349 454 tosque
363 423 425 445 tunc
449 415 545 451 fuisse,
561 413 607 451 qui
629 412 744 440 aliorum
768 411 910 450 dispendio
937 421 994 439 rem

254 474 330 492 suam
354 473 451 500 augere
476 460 612 489 studerent
625 481 633 494 ‚
657 469 792 497 novosque
817 458 995 486 insurrexisse

255 509 386 547 quotidie,
409 508 456 545 qui
479 507 530 534 hac
554 505 701 545 cupiditate
716 505 806 544 capti,
829 504 857 532 in
879 504 995 533 aliorum

256 565 319 594 opes
337 553 494 582 involarent.

298 601 416 638 Eratque
435 598 509 627 aliud
529 597 617 627 morbi
637 608 739 637 genus,
753 597 839 636 magis
861 597 997 637 periculo-

257 656 330 680 sum,
346 644 417 683 quod
439 651 503 672 tunc
522 643 602 672 latius
624 643 802 682 grassabatur.
816 643 998 681 Praestigiato-

257 702 318 720 rum
335 701 429 730 nempe
448 700 593 727 eorumque
607 689 653 727 qui
675 689 729 717 fato
744 696 769 717 et
783 689 871 727 genesi
886 699 932 717 seu
948 699 998 727 ge-

257 737 438 775 nethlialogiae
457 736 546 764 omnia
565 735 733 770 tribuebant,
746 735 998 774 praestigiarumque

257 793 352 821 genera
374 782 463 810 omnia
487 781 666 814 inducebant,
681 791 797 818 quarum
823 781 932 809 nomina
959 780 998 808 sic

255 827 302 856 ille
313 834 428 856 recenset
440 827 468 855 in
483 827 535 855 fine
548 826 666 854 homiliae
682 826 793 854 decimae
807 837 813 853 ε
829 840 842 852 κ
859 826 917 854 Atia
935 826 998 854 mit·

257 879 284 902 to
299 873 394 912 grandi
410 873 483 901 luctu
501 872 597 911 digna,
611 872 740 910 auguria,
754 871 892 906 vaticinia,
906 872 998 900 obser-

257 919 389 955 vationes,
410 918 543 957 genesim,
560 917 700 957 symbola,
719 917 868 956 ligamina,
884 917 999 946 divina-

257 964 358 1000 tiones,
381 963 590 999 incantationes,
619 963 751 1001 magicam
780 970 905 993 artem.»
935 965 999 993 Haec

256 1011 346 1039 omnia
362 1011 412 1039 isto
427 1017 546 1049 tempore
559 1009 596 1037 ita
610 1009 811 1044 exercebantur,
826 1016 855 1038 ut
866 1020 998 1048 nusquam

256 1056 372 1096 reperias
386 1056 465 1084 illum
480 1063 534 1084 tam
548 1055 698 1094 frequenter
718 1055 842 1084 morbum
858 1055 998 1095 hujusmo-

256 1103 284 1132 di
309 1103 499 1131 insectantem.

296 1150 387 1179 Aliam
407 1160 514 1187 quoque
536 1160 592 1178 rem
607 1148 775 1188 aggreditur,
789 1159 849 1186 quae
863 1155 927 1177 tunc
941 1159 999 1177 ser-

255 1195 335 1234 pebat
349 1195 376 1223 in
392 1195 507 1223 ecclesiae
524 1195 664 1229 damnum,
682 1194 755 1232 quod
774 1205 868 1234 nempe
881 1195 999 1233 virgines

254 1243 312 1270 Deo
322 1241 416 1269 dicatae
431 1241 547 1269 vestium
559 1241 644 1269 cultui
659 1240 739 1268 nimis
753 1240 904 1277 studerent,
922 1247 946 1268 et
962 1250 997 1269 ex

254 1287 359 1316 incessu
380 1294 405 1315 ct
427 1293 523 1315 ornatu
547 1287 613 1315 viris
638 1287 744 1326 placere
760 1293 898 1325 cuperent.
925 1287 1000 1322 Quid

254 1332 317 1361 inde
336 1332 428 1361 damni
446 1343 612 1361 emersurum
632 1339 712 1366 esset,
727 1343 788 1360 cum
804 1333 860 1371 ipse
874 1333 1000 1372 pluribus

255 1379 431 1418 persequitur,
445 1385 504 1407 tum
524 1378 604 1406 etiam
627 1377 715 1416 quivis
740 1378 833 1407 statim
850 1378 999 1418 deprehen-

254 1425 318 1453 dere
329 1424 422 1464 possit.

296 1471 428 1499 Homilias
439 1470 518 1499 etiam
534 1469 561 1498 in
576 1469 727 1508 Epistolam
743 1469 777 1498 ad
792 1470 887 1499 Titum
903 1471 1001 1500 Antio-

256 1517 322 1545 chiae
338 1516 424 1544 dictas
440 1516 521 1544 fuisse
541 1515 669 1554 probatur
693 1515 775 1544 exiis
796 1527 854 1554 qnae
877 1516 1001 1555 Chryso-

256 1569 359 1591 stomus
374 1562 410 1590 ait
424 1562 495 1590 hom.
513 1562 531 1589 5
547 1572 622 1590 num.
635 1563 673 1589 2:
693 1573 706 1587 α
726 1561 802 1596 Quid
813 1562 884 1590 enim
898 1562 932 1591 de
946 1563 1001 1592 illis

257 1607 368 1645 dixeris,
384 1619 398 1634 η
416 1607 514 1645 inquit,
532 1607 601 1645 «qui
621 1617 682 1635 cum
695 1607 797 1636 Judaeis
806 1608 939 1646 jejunant,
953 1609 999 1646 qni

256 1656 367 1684 sabbata
385 1655 513 1683 servant?
527 1654 560 1682 de
579 1654 612 1682 iis
623 1655 668 1692 qui
685 1654 720 1683 ad
735 1662 885 1684 consecrata
901 1656 947 1685 illa
962 1657 1001 1686 lo-

257 1712 287 1729 ca
302 1707 435 1740 pergunt3
452 1700 479 1728 in
494 1700 638 1739 Daphnen,
655 1700 776 1738 inquam,
793 1707 872 1738 atque
896 1702 922 1730 in
938 1713 1001 1742 spe-

257 1747 367 1775 luncam
381 1748 513 1775 Matronae
527 1745 628 1774 dictam
638 1769 645 1780 ,
659 1746 686 1774 in
700 1745 789 1774 locum
804 1746 880 1775 illum
901 1748 1001 1777 Ciliciae

259 1793 369 1821 Saturni
397 1791 586 1831 appellatum?
612 1791 746 1829 quomodo
779 1792 819 1820 illi
841 1794 897 1821 sani
917 1795 1002 1823 sunt?

258 1838 320 1867 hleo
335 1837 531 1866 vehementiore
552 1838 631 1876 plaga
643 1848 709 1876 opus
721 1837 847 1867 habenta,
863 1840 927 1868 Haec
941 1840 999 1869 loca

259 1885 385 1923 Daphnes
408 1891 432 1912 et
447 1884 572 1922 spelunca
589 1885 719 1912 Matronae
734 1884 760 1912 in
776 1884 923 1914 Antiochiae
938 1887 1001 1915 sub-

258 1929 345 1957 urbiis
367 1936 449 1957 erant.
462 1929 552 1966 Pergit
566 1935 656 1967 postea
671 1929 878 1968 Cbrysostomus
890 1953 896 1965 ‚
912 1938 937 1960 et
956 1931 1002 1960 ad-

258 1986 351 2003 versus
372 1985 431 2009 eos,
447 1975 492 2013 qui
506 1975 633 2004 Judaicos
650 1975 718 2003 ritus
733 1975 759 2002 in
775 1976 860 2014 pretio
875 1976 1003 2007 haberent

258 2022 293 2050 ad
309 2022 389 2049 tinem
402 2032 483 2059 usque
497 2021 633 2049 concionis
647 2021 780 2050 edisserit.

298 2071 330 2096 In
344 2067 416 2095 hisce
435 2067 554 2095 homiliis
569 2067 630 2105 plus
649 2066 731 2095 studii
751 2074 776 2096 et
792 2067 939 2106 diligentiae
953 2069 1002 2098 ob-

260 2123 365 2149 serves,
378 2124 460 2151 quam
476 2113 502 2141 in
525 2113 618 2141 multis
640 2113 700 2141 aliis
714 2136 721 2149 ,
743 2114 832 2142 omnia
854 2115 900 2143 ille
918 2116 1002 2144 fusius

260 2158 440 2197 prosequitur.
458 2158 538 2187 Initio
553 2159 637 2187 tertiae
651 2159 769 2188 homiliae
784 2160 817 2188 de
837 2161 1001 2191 Cretensium

260 2203 334 2231 vitiis
349 2203 473 2242 pluribus
488 2204 558 2242 agit,
573 2211 598 2232 et
622 2204 648 2232 in
665 2205 771 2242 quinta,
796 2212 824 2234 ut
851 2207 877 2235 in
903 2216 1002 2245 quanta

261 2249 358 2276 scelera
375 2249 532 2277 Graecorum
551 2250 716 2278 celeberrimi
740 2251 805 2280 olim
830 2254 1003 2292 proruperint

261 2301 463 2329 commonstret,
478 2294 587 2323 illorum
602 2295 727 2324 historias
741 2297 828 2325 tacitis
848 2299 1002 2329 nominibus

260 2339 377 2367 breviter
401 2339 527 2378 decerpit.
551 2341 582 2369 In
604 2348 678 2369 sexta
704 2342 815 2371 bomilia
837 2343 871 2372 de
896 2344 1002 2374 duobus

260 2384 432 2421 Christianis,
448 2385 493 2422 qui
513 2396 560 2423 pro
577 2385 683 2414 Christo
700 2389 862 2427 martyrium
879 2390 998 2425 subiere,

258 2431 346 2460 tacitis
358 2431 436 2460 etiam
453 2431 606 2460 nominibus
621 2432 676 2470 agit
692 2445 698 2460 ε
712 2444 771 2472 qnae
785 2434 897 2464 historia
912 2437 1001 2465 nescio

258 2486 291 2503 an
310 2475 413 2514 uspiam
425 2475 490 2503 alibi
503 2476 660 2514 reperiatur.

296 2522 414 2550 Tantum
426 2520 532 2549 dicendi
544 2521 692 2556 artificem,
709 2522 755 2560 qui
769 2533 821 2552 non
834 2524 923 2554 minus
939 2526 998 2564 pie-

256 2574 308 2596 tate
323 2575 402 2605 atque
417 2568 478 2596 vitae
493 2567 682 2603 sanctimonia,
695 2579 776 2606 quam
796 2570 935 2606 facundia,
951 2583 999 2611 po-

255 2614 350 2652 pulum
368 2613 564 2642 Antiochennm
580 2619 605 2642 et
618 2612 753 2643 auditores
767 2624 857 2645 omncs
879 2617 931 2645 sibi
951 2617 998 2646 de-

788 213 824 236 JO
833 212 928 235 tNNts
955 211 1191 235 CHRYSOSTOMt
1219 209 1314 242 vrrA,

1046 273 1188 307 vinxerat,
1205 272 1299 301 nuntia
1314 273 1384 301 sama
1404 283 1450 312 per
1471 272 1608 303 Orientem
1632 279 1717 302 totum
1737 282 1784 301 no-

1047 319 1181 347 tissimum
1197 319 1301 347 fecerat.
1316 319 1419 349 Accidit
1431 326 1520 347 antem
1535 326 1565 348 ut
1578 319 1726 355 Nectarins,
1738 319 1783 357 qui
1822 322 1933 358 Nectarii»

1729 365 1779 404 eri*
1798 352 1928 406 Ξῖἱῖἶμῗρ

1048 421 1197 450 scopusqne
1215 411 1524 450 Constantinopolitanus
1545 411 1663 440 adlectus
1685 411 1856 443 fuerat,ann0
1884 415 1928 446 398

1047 375 1116 393 anno
1135 367 1188 394 551
1209 365 1341 403 Gregorio
1361 365 1525 394 Nazianzeno
1548 372 1717 401 successerat,

1048 467 1117 484 anno
1130 458 1196 492 597,
1205 456 1248 485 die
1257 457 1267 482 1
1276 458 1293 485 7
1309 457 1483 496 Septembris,
1498 458 1552 485 vita
1565 458 1680 491 functus,
1698 456 1786 485 sedem

1049 511 1187 532 vacantem
1207 503 1376 541 relinqueret.
1391 504 1470 532 Tunc
1482 504 1576 539 multi,
1590 504 1637 542 qui
1650 510 1728 532 tantae
1744 513 1788 531 oc-

1050 549 1178 589 cupandae
1207 549 1277 578 sedis
1295 549 1441 589 cupiditate
1461 551 1625 589 flagrabant,
1648 550 1717 579 nibil
1735 559 1787 578 non

1050 604 1160 635 egerunt
1175 603 1203 624 ut
1216 603 1337 635 optatum
1350 605 1568 635 assequerentur3
1586 597 1631 625 alii
1647 597 1790 635 magistra-

1051 643 1123 672 tibus
1138 642 1287 677 adulantes,
1303 643 1348 671 alii
1364 643 1442 672 donis
1458 655 1488 672 ac
1503 644 1658 673 muneribus
1677 643 1790 672 adhibi-

1051 689 1096 724 tis,
1109 689 1155 716 alii
1171 688 1266 728 populi
1286 688 1400 727 gratiam
1415 696 1549 728 captantes
1567 696 1648 727 atque
1664 689 1690 717 in
1705 699 1790 727 genua

1051 735 1264 774 procumbentes,
1282 738 1481 773 γονυπετοῖντες
1491 758 1498 771 ,
1512 748 1526 762 «
1542 735 1703 775 presbyteri,
1714 747 1728 762 »
1746 735 1788 763 in-

1053 781 1109 819 quit
1134 781 1287 816 Palladius,
1315 795 1328 809 «
1345 792 1397 810 non
1424 781 1570 810 sacerdotio
1595 788 1697 809 tantum
1708 804 1717 818 7
1745 780 1790 809 scd

1052 827 1130 856 etiam
1152 828 1204 856 viri
1227 828 1334 857 nomine
1358 827 1472 866 indigni.
1493 840 1506 854 ι)
1525 830 1557 856 At
1571 827 1791 856 Orthodoxoruin

1052 884 1114 913 pars
1133 874 1260 902 sincerior
1274 875 1464 914 Imperatorem
1487 873 1586 902 obnixe
1602 873 1730 911 rogabat,
1745 873 1791 901 tali

1053 919 1165 958 dignum
1180 920 1281 959 gradu,
1300 927 1326 949 et
1338 920 1365 948 in
1384 920 1463 948 rebus
1478 919 1580 948 divinis
1601 919 1718 958 peritum
1740 919 1791 947 sibi

1052 965 1193 1004 praesulem
1207 966 1386 994 constitueret.
1400 965 1549 1005 Eutropius
1563 975 1626 994 vero
1643 965 1792 1000 eunuchus,

1054 1011 1215 1051 Praepositus
1241 1012 1310 1040 sacri
1326 1011 1463 1047 cubiculi,
1480 1012 1525 1050 qui
1542 1021 1675 1040 summam
1702 1021 1792 1039 rerum

1053 1056 1174 1090 tenebat,
1191 1057 1321 1085 Joannem
1344 1063 1462 1084 nostrum
1480 1055 1677 1084 Antiochenum
1701 1065 1793 1083 sacer-

1053 1101 1143 1130 dotem
1171 1102 1272 1130 caeteris
1291 1102 1415 1130 anteferri
1439 1102 1606 1141 peroptabat.
1625 1102 1692 1130 Cum
1719 1101 1791 1130 enim

1053 1147 1131 1176 illum
1146 1147 1251 1187 imperii
1267 1148 1370 1187 negotia
1387 1148 1413 1176 in
1429 1148 1581 1176 interiorem
1599 1147 1717 1176 Orientis
1732 1158 1793 1186 par-

1053 1200 1106 1222 tem
1131 1201 1299 1228 evocassent,
1313 1195 1442 1223 ,Ioannem
1459 1193 1607 1222 Antiochiae
1631 1192 1745 1228 viderat,
1761 1204 1792 1221 ea

1053 1240 1169 1275 virtute,
1183 1240 1216 1268 iis
1229 1240 1338 1268 dotibus
1360 1239 1503 1279 praeditum
1514 1261 1522 1275 ,
1537 1249 1596 1277 quae
1611 1245 1684 1267 tamo
1699 1249 1793 1278 capes-

1053 1285 1136 1314 sendo
1151 1286 1253 1314 muneri
1267 1296 1359 1325 parem
1370 1285 1524 1315 redderent.

1094 1332 1229 1366 Quoniam
1241 1342 1305 1360 vero
1320 1331 1469 1360 timendum
1483 1331 1591 1360 omnino
1612 1337 1677 1366 erat,
1692 1342 1723 1360 ne
1737 1332 1794 1360 An-

1054 1377 1192 1406 tiochenus
1205 1380 1331 1418 populus,
1350 1379 1398 1416 qui
1413 1379 1510 1408 ‚Ioanni
1524 1389 1586 1407 rere
1601 1378 1795 1417 Chrysostomo

1054 1423 1201 1452 admodum
1221 1424 1344 1452 addictus
1365 1431 1438 1459 erat,
1458 1424 1534 1452 illum
1556 1424 1607 1453 sibi
1622 1425 1709 1464 abripi
1725 1435 1796 1463 aegre

1055 1476 1206 1509 pateretur,
1224 1480 1290 1498 neve
1309 1470 1336 1498 in
1355 1470 1473 1498 discessu
1487 1471 1544 1509 ejus
1559 1470 1690 1498 tumultus
1705 1471 1796 1499 conei-

1055 1523 1172 1552 taretur;
1185 1527 1246 1544 cum
1260 1517 1340 1545 etiam
1356 1527 1407 1544 non
1424 1516 1512 1544 minus
1528 1516 1700 1545 metuendum
1716 1523 1792 1552 esset,

1055 1573 1088 1590 ne
1101 1564 1215 1591 Joannes
1230 1562 1287 1602 ipse
1299 1569 1371 1591 tanto
1386 1573 1413 1591 se
1427 1562 1512 1601 gradu
1531 1562 1672 1601 indignum
1686 1569 1793 1601 putam,

1055 1608 1249 1647 subterfugeret
1260 1620 1267 1645 ;
1278 1609 1321 1637 his
1344 1609 1506 1648 prospiciens
1532 1608 1677 1647 Eutropius
1703 1609 1796 1648 Impe-

1055 1655 1137 1683 ratori
1154 1662 1246 1683 auctor
1260 1655 1327 1691 fuit,
1343 1662 1372 1683 ut
1389 1654 1422 1683 ad
1445 1655 1577 1683 Comitem
1591 1654 1710 1683 Orientis
1727 1655 1795 1682 scri-

1054 1701 1139 1737 beret,
1153 1701 1282 1740 illumque
1294 1702 1401 1741 juberet
1418 1701 1588 1730 Antiochiam
1603 1700 1749 1739 proficisci,
1766 1707 1796 1729 ut

1055 1754 1111 1776 arte
1136 1747 1252 1785 quadam
1282 1749 1410 1778 Joannem
1438 1748 1494 1776 sine
1519 1747 1632 1786 strepitu
1657 1753 1796 1782 evocaret,

1055 1793 1198 1832 ipsumque
1213 1794 1469 1833 Constantinopolim
1484 1793 1613 1821 mitteret.
1631 1794 1726 1822 Comes
1742 1799 1795 1821 sta-

1057 1839 1105 1866 tim
1118 1861 1124 1874 ,
1139 1839 1253 1878 acceptis
1268 1839 1368 1875 literis,
1383 1840 1512 1868 Joannem
1529 1838 1650 1867 hortatur
1671 1845 1702 1867 ut
1721 1845 1796 1866 extra

1056 1884 1192 1913 civitatem
1207 1885 1241 1913 ad
1258 1885 1387 1924 martyria
1399 1896 1426 1913 se
1436 1885 1562 1914 conferat.
1577 1885 1618 1913 Eo
1634 1895 1694 1913 cnm
1707 1885 1797 1913 venis·

1057 1938 1094 1958 set
1109 1931 1175 1958 nihil
1188 1931 1314 1959 dubitans
1329 1932 1453 1966 Joannes,
1469 1931 1549 1960 militi
1564 1930 1671 1959 cuidam
1687 1930 1722 1959 ad
1737 1941 1794 1959 eam

1056 1987 1112 2004 rem
1128 1977 1208 2005 misso
1226 1977 1358 2013 traditur,
1376 1984 1401 2005 et
1416 1977 1504 2006 rhedae
1519 1977 1634 2016 publica:
1654 1977 1796 2016 impositus

1057 2023 1317 2062 Constantinopolim
1330 2023 1487 2052 adducitur.

1097 2067 1148 2097 Illo
1161 2075 1268 2097 venerat
1283 2068 1317 2096 ad
1327 2069 1457 2098 Joanncm
1468 2067 1647 2096 ordinandum
1657 2067 1796 2106 Theophi<

1056 2115 1098 2144 lus
1115 2114 1313 2143 Alexandrinus
1326 2114 1434 2153 praesul,
1450 2113 1530 2142 homo
1546 2114 1620 2142 vafer
1633 2121 1658 2142 et
1672 2113 1797 2144 callidus,

1058 2160 1105 2198 qui
1119 2171 1154 2188 ex
1168 2167 1276 2199 aspectu
1293 2160 1348 2188 solo
1366 2160 1505 2188 bominum
1527 2159 1636 2188 consilia
1652 2166 1677 2188 et
1695 2160 1796 2198 ingenii

1057 2206 1131 2234 dotes
1154 2213 1273 2234 noverat.
1289 2206 1315 2234 Is
1331 2213 1466 2244 perspecta
1486 2206 1598 2235 Joannis
1617 2205 1743 2243 loquendi
1764 2205 1797 2233 li-

1057 2253 1169 2287 bertate,
1184 2252 1344 2287 constantia,
1361 2252 1474 2287 virtute,
1486 2252 1573 2290 ipsum
1590 2251 1659 2279 votis
1674 2252 1729 2280 suis
1744 2262 1797 2280 non

1056 2298 1302 2336 obtemperaturum
1339 2308 1393 2326 esse
1428 2297 1610 2336 prospiciens;
1645 2297 1797 2336 imperandi

1057 2345 1129 2373 enirn
1149 2343 1275 2383 cupidine
1299 2343 1456 2378 tenebatur;
1472 2343 1530 2382 ejus
1551 2343 1712 2371 ordinationi
1726 2343 1798 2371 obsi·

1057 2390 1153 2419 siebat.
1165 2391 1202 2419 Ut
1217 2400 1279 2418 vero
1297 2389 1349 2418 sibi
1364 2389 1550 2427 obsequentem
1566 2388 1592 2417 in
1612 2389 1796 2417 Constantino-

1058 2436 1176 2474 politaua
1187 2435 1248 2464 sede
1259 2435 1412 2475 episcopum
1428 2435 1546 2469 haberet,
1558 2434 1692 2463 Isidorum
1702 2435 1793 2464 Eccle-

1055 2482 1100 2511 site
1114 2493 1168 2511 sua}
1182 2481 1369 2521 presbyterum
1379 2503 1386 2517 ‚
1400 2491 1478 2518 quem
1490 2481 1544 2518 lille
1560 2480 1675 2509 Nectarii
1690 2491 1796 2509 succes-

1055 2539 1142 2557 sorem
1158 2528 1323 2563 destinabat,
1337 2526 1585 2566 Constantinopolin
1599 2526 1686 2562 misit,
1697 2537 1795 2555 mune-

1055 2573 1131 2602 ribus
1155 2573 1311 2612 Imperatori
1332 2571 1474 2601 osserendis
1496 2571 1620 2610 binisque
1642 2571 1724 2599 literis
1753 2571 1795 2600 in-

1055 2626 1195 2650 structum.
1206 2621 1310 2650 Verum
1323 2620 1418 2648 Lector
1433 2617 1478 2658 qui
1494 2618 1583 2656 ipsum
1597 2617 1790 2654 comitabatur,

1799 481 1871 508 μμ.

1855 449 1928 470 Paua-t

1824 2402 1876 2422 socr
1896 2401 1913 2422 1.

1810 2440 1829 2453 t.
1846 2439 1867 2453 2·
