1910 2907
8 591 94 613 ¹omiliae

12 628 69 643 ntro-

9 659 72 676 05.t.

12 685 59 706 itiu.

4 1203 83 1224 joche-

14 1235 83 1254 ditio-

5 1267 80 1286 sturia.

6 1302 79 1333 1⁴14.

652 211 739 234 NUNC
766 210 896 234 PRtMUM
924 210 1103 236 ADORNATA
1112 228 1119 236 .

111 270 208 299 ratoris
222 277 247 299 et
259 270 392 299 Flaccillae
408 272 464 311 ejus
478 272 570 301 uxoris
583 274 688 311 statuis,
704 273 850 312 iisdemque

109 328 157 356 per
179 318 272 346 urbem
292 319 421 358 raptatis,
446 320 631 349 Theodosium
654 322 689 350 ita
709 332 850 360 exaspera-

109 371 186 399 runt,
207 371 236 393 ut
256 364 289 392 de
311 365 376 393 urbe
396 364 508 394 delenda
530 367 697 405 cogitaverit.
719 367 780 395 Ha’c
801 368 850 395 fuit

108 410 300 450 Chrysostomo
326 418 416 439 nostro
438 412 471 440 ad
495 413 670 442 concionandi
693 414 850 441 facultatem

106 458 281 486 exercendam
302 458 391 497 ampla
410 459 540 488 materies.
562 461 734 489 Antioche-nis
750 461 850 499 quippe

106 504 176 532 inter
191 515 265 543 spem
284 511 423 532 etinctum
446 505 650 540 fluctuantibus,
670 506 736 534 dum
757 516 850 545 repen-

106 549 155 577 tini
173 561 249 578 casus
270 560 366 578 novam
387 551 653 590 inexspectatamque
668 552 788 590 quotidie
807 552 848 580 vel

105 595 230 634 sperandi
254 596 296 624 vel
317 596 426 625 timendi
447 608 553 625 causam
575 598 715 634 offerrent,
734 599 848 637 impara-

105 648 146 670 tus
162 642 214 670 fere
229 652 333 681 semper
348 642 567 681 Chrysostomus,
582 652 661 683 prout
678 655 718 672 res
730 655 785 672 sese
800 644 847 672 da-

104 689 167 717 bant
190 689 416 728 stylum-vertere
434 697 556 724 coactus,
578 701 647 730 saepe
666 702 700 720 ex
720 698 847 730 tempore,

103 735 164 763 illas
179 735 359 764 admiratione
373 735 469 774 dignas
484 737 624 766 conciones
639 737 846 776 pronuntiabat3

103 780 182 809 modo
195 789 223 810 ut
239 781 266 809 in
283 781 436 810 calamitate
449 789 596 811 versantem
610 783 741 822 populum
755 794 846 812 conso-

101 826 218 862 laretur,
245 827 324 855 modo
348 834 376 856 ut
400 827 497 856 fractos
522 829 634 867 periculi
660 829 846 868 magnitudine

101 872 204 901 animos
223 873 393 901 confirmaret
412 885 418 900 :
433 880 491 901 tum
509 874 643 913 przrcipue
661 881 689 902 ut
708 874 845 903 occasione

99 918 298 947 imminentium
313 919 446 947 malorum
461 919 642 948 Antiochenos
655 920 689 948 ad
706 920 771 948 vitia
783 931 844 949 cor-

98 965 208 1004 rigenda
227 973 251 994 et
270 977 355 995 mores
376 966 587 1005 componendos,
606 967 771 1006 eluendaque
785 979 842 997 sce—

97 1011 163 1048 lera,
177 1022 237 1049 qua}
253 1019 353 1040 tantam
371 1012 421 1040 Dei
436 1012 504 1040 iram
519 1012 706 1048 accenderant,
726 1014 841 1043 monito—

96 1069 157 1087 rum
184 1060 332 1098 frequentia
357 1059 503 1088 deduceret
531 1072 538 1087 ε
564 1060 609 1099 qui
635 1068 704 1089 cette
729 1068 840 1091 conatus

97 1105 289 1144 Chrysostomo
310 1106 387 1134 cessit
410 1116 443 1134 cx
465 1113 541 1142 voto,
561 1106 652 1135 ut‘ille
674 1107 774 1136 alicubi
794 1108 838 1136 fa-

96 1157 175 1179 tetur.

135 1198 229 1227 Tantae
245 1209 308 1227 vero
318 1198 457 1227 seditionis
469 1209 547 1227 causa
560 1199 622 1235 suit,
639 1206 704 1228 teste
716 1200 834 1236 Zosimo,

94 1243 176 1272 nimia
192 1244 367 1277 tributorum,
385 1255 443 1282 quae
458 1245 580 1283 quotidie
600 1246 832 1284 excogitabantur,

93 1290 207 1326 exactio,
221 1291 279 1319 sive
293 1301 341 1330 pro
354 1291 507 1319 celebritate
520 1291 604 1329 quinti
625 1291 684 1320 initi
699 1293 733 1320 ab
752 1295 836 1322 Arca-

91 1335 137 1364 dio
151 1336 213 1364 anni
231 1347 263 1364 ex
273 1347 326 1375 quo
337 1337 476 1375 Augustus
490 1337 675 1376 promulgatus
691 1339 792 1374 fuerat,
808 1346 833 1368 et

90 1383 187 1412 decimi
200 1384 263 1412 anni
276 1384 422 1413 Theodosii
434 1385 617 1424 Imperatoris,
635 1385 681 1423 qui
696 1397 764 1414 anno
776 1387 828 1418 581

90 1429 250 1469 incipiebat,
272 1430 328 1458 sive
342 1441 390 1469 pro
410 1437 542 1469 apparatu
558 1431 620 1459 belli
637 1439 726 1461 eontra
743 1433 833 1461 Maxi·

89 1486 164 1504 mum
177 1483 337 1515 tyrannum,
351 1476 408 1505 sive
424 1487 472 1515 pro
485 1476 546 1505 aliis
557 1477 673 1516 publicis
689 1479 833 1507 necessita-

89 1521 170 1550 tibus.
192 1522 301 1550 Tributi
326 1532 404 1551 onere
426 1523 542 1562 perculsi
571 1524 732 1553 Antiocheni
761 1526 832 1555 cives

89 1567 247 1596 Praefectum
262 1567 376 1603 adeunt,
388 1568 406 1596 ii
421 1569 521 1597 scilicet
534 1569 580 1607 qui
596 1570 749 1599 urbanioris
764 1579 832 1600 notas

88 1621 177 1649 erant3
192 1621 218 1643 et
229 1614 422 1654 lacrymantes,
442 1615 556 1654 vectigal
568 1616 699 1645 indictum
717 1618 832 1647 nimium

87 1667 248 1698 queruntur,
264 1661 368 1698 Deique
381 1671 458 1699 opem
473 1661 628 1700 implorant.
648 1663 752 1692 Deinde
768 1675 831 1693 vero

87 1705 359 1735 circumforaneorum
379 1714 403 1735 et
417 1714 569 1736 exterorum
588 1708 729 1737 hominum
741 1720 774 1738 ex
790 1710 830 1739 in-

87 1753 151 1781 fima
168 1754 246 1793 plebe
264 1754 353 1787 turba,
378 1755 518 1783 commotis
532 1755 641 1791 animis,
664 1756 690 1784 in
713 1757 829 1787 facinora

85 1807 239 1840 erumpunt.
254 1801 346 1829 Primo
361 1801 387 1829 in
399 1802 509 1840 publico
524 1802 618 1831 balneo
634 1803 724 1832 omnia
736 1804 828 1833 susde-

84 1856 137 1884 que
157 1853 260 1885 ponunt
276 1847 359 1876 :hinc
376 1848 497 1876 Praefecti
511 1847 623 1877 domum
636 1849 746 1886 adeunt,
764 1861 827 1879 can-

82 1891 162 1920 cellos
174 1892 323 1931 januasque
344 1893 493 1930 invadunt;
518 1895 619 1932 vixque
637 1896 754 1930 coerciti,
773 1897 825 1926 alio

80 1937 198 1965 furorem
222 1945 396 1974 convertunt,
425 1938 600 1978 depictasque
627 1941 824 1979 Imperatorum

81 1983 192 2011 tabellas
213 1983 351 2022 lapidibus
374 1984 520 2024 impetunt,
549 1984 651 2015 soedant
672 1994 697 2015 et
721 1987 825 2016 labefa-

81 2036 152 2057 ctant
170 2041 176 2057 :
190 2029 315 2069 ipsosque
333 2031 468 2069 Augustos
481 2030 630 2059 maledictis
646 2038 670 2060 et
684 2032 823 2069 conviciis,

81 2082 190 2104 onerant
211 2088 216 2103 :
231 2075 341 2104 demum
359 2076 530 2115 Imperatoris
545 2077 692 2106 Theodosii
707 2078 820 2107 Flaccil—

81 2119 166 2158 laeque
179 2121 236 2160 ejus
252 2121 345 2150 uxoris
356 2122 413 2161 jam
427 2122 558 2151 defunctae
570 2130 670 2152 statuas
686 2124 822 2162 dejiciunt,

82 2172 107 2193 et
124 2176 171 2204 per
189 2167 262 2195 vicos
277 2167 352 2196 urbis
367 2175 483 2207 raptant.
500 2170 616 2207 Jamque
630 2170 708 2208 plura
725 2170 822 2199 inferre

81 2211 179 2240 damna
193 2221 335 2252 coeperant,
351 2225 412 2242 cum
429 2215 547 2244 immissa
563 2226 578 2243 a
596 2215 723 2244 Praefecto
738 2216 820 2254 sagit-

82 2257 210 2285 tariorum
227 2269 306 2287 manu
317 2281 324 2295 ‚
335 2259 441 2299 depulsi
456 2268 526 2289 sunt.
545 2261 590 2290 Sic
603 2262 733 2290 exstincta
749 2262 820 2290 scdi-

87 2303 169 2338 tione,
191 2304 275 2333 furori
295 2305 376 2334 timor
394 2307 533 2343 successit,
554 2314 633 2345 atque
655 2308 820 2336 imminentis

80 2360 165 2389 poenae
179 2351 340 2389 exspectatio
352 2352 456 2380 onerosi
468 2352 587 2392 impositi
599 2353 739 2391 vectigalis
751 2353 820 2381 obli-

81 2396 185 2425 vionem
210 2396 328 2426 induxit.
360 2398 433 2432 Quid
458 2398 521 2427 binc
550 2400 582 2427 sit
607 2406 817 2436 consequutum‚

80 2441 150 2470 infra
170 2442 324 2470 narrabitur
341 2443 368 2471 in
387 2444 538 2472 recensione
560 2445 745 2479 homiliarum3
761 2445 817 2483 jam

79 2488 113 2517 de
129 2499 198 2517 anno
215 2488 362 2527 seditionis,
379 2500 432 2527 quo
449 2490 490 2518 hae
502 2498 564 2520 sunt
577 2491 675 2520 liabitae
691 2491 818 2527 homiliae,

79 2533 180 2572 aliquid
195 2533 350 2563 dicendum.

119 2581 202 2609 Missa
217 2580 379 2609 Theodoreti
400 2588 423 2609 et
443 2582 581 2610 Sozomeni
597 2583 762 2616 narratione,
784 2593 819 2611 ex

81 2638 131 2667 qua
145 2634 204 2667 post
223 2627 324 2656 bellum
343 2635 433 2657 contra
449 2629 601 2658 Maximum
628 2629 723 2659 seditio
748 2629 819 2660 istaec

1578 217 1638 239 121

904 280 928 302 et
950 275 1086 303 conciones
1100 286 1115 304 a
1135 275 1327 315 Chrysostomo
1345 276 1444 306 habitae
1463 277 1581 306 locandae
1602 289 1644 307 es-

903 327 975 355 sent,
996 331 1030 349 cx
1053 321 1122 350 notis
1147 323 1273 362 temporis
1298 323 1377 362 longe
1400 324 1560 352 certioribus
1582 332 1643 353 ante

904 366 1003 395 bellum
1019 375 1110 396 contra
1128 369 1282 397 Maximum
1300 370 1357 398 ha’c
1371 370 1500 399 accidisse
1512 371 1569 408 jam
1582 381 1644 409 pro-

903 412 1001 441 barunt
1015 413 1067 442 viri
1082 413 1166 450 docti,
1185 422 1209 443 et
1223 415 1345 453 pluribus
1365 416 1477 444 asseruit
1493 416 1644 445 Tillemon-

904 458 955 486 tius
979 459 1004 487 in
1027 467 1086 488 nota
1108 462 1145 488 227
1165 461 1198 489 ad
1212 462 1304 490 Vitam
1328 462 1474 490 Theodosii
1496 464 1644 500 Imperato-

903 504 948 533 ris.
970 505 1178 536 Validis-simum
1198 518 1276 546 porro
1291 507 1419 537 adversus
1436 508 1508 536 illam
1525 508 1642 547 priorem

902 551 1057 579 sententiam
1073 553 1174 580 eruitur
1189 560 1376 591 argumentum
1394 564 1427 582 ex
1444 554 1509 593 ipsis
1522 554 1642 594 Chryso-

901 596 978 624 stomi
990 597 1079 626 verbis
1091 609 1169 626 :nam
1186 598 1297 627 homilia
1312 599 1392 634 XVI,
1409 610 1484 628 num.
1500 602 1530 636 ⁶2,
1547 601 1641 629 testiti-

901 649 977 670 catur
998 643 1069 672 bunc
1086 654 1185 673 annum
1205 645 1352 673 secundum
1367 656 1438 681 esse,
1453 656 1485 674 ex
1505 657 1558 684 quo
1576 657 1640 675 con-

900 688 999 717 cionari
1029 697 1151 728 coepcrat.
1178 691 1266 730 Coepit
1294 699 1382 720 autem
1413 703 1473 720 cum
1499 693 1641 733 presbyter

899 734 1038 764 ordinatus
1056 736 1123 771 fuit,
1142 747 1212 765 anno
1232 737 1339 766 ineunte
1357 739 1415 767 386
1439 750 1445 765 :
1464 739 1639 777 quamobrem

899 779 925 808 in
946 791 1046 809 annum
1073 781 1131 811 587
1153 782 1210 810 haec
1237 783 1394 811 conserenda
1416 791 1486 813 sunt.
1508 785 1640 814 Baronius

899 832 998 863 tamen,
1017 827 1142 856 Petavius
1161 835 1186 856 et
1204 828 1336 857 Henricus
1356 829 1481 858 Valesius
1496 830 1522 858 in
1538 841 1638 860 annum

898 871 957 901 588
982 872 1037 902 haec
1065 873 1211 912 conjiciunt
1236 887 1242 902 :
1267 874 1379 913 ideoque
1405 875 1477 904 hunc
1504 876 1640 906 calculum

896 927 1007 958 ponunt,
1022 921 1084 958 quia
1102 921 1149 950 illo
1162 932 1231 950 anno
1246 922 1389 962 incipiebat
1400 923 1520 952 decimus
1532 924 1639 964 imperii

897 964 1055 1002 Theodosii,
1072 966 1106 995 ad
1126 969 1202 1005 cujus
1221 968 1401 997 celebritatem
1424 969 1566 998 inductum
1587 971 1638 1000 suit

895 1011 1026 1041 tributum
1043 1024 1123 1053 supra
1140 1022 1326 1044 memoratum.
1343 1015 1424 1051 Quod
1439 1023 1526 1045 autem
1547 1028 1579 1046 ex
1593 1017 1639 1047 Li-

893 1057 974 1087 banio
984 1059 1096 1088 affertur
1107 1060 1140 1089 ad
1154 1061 1229 1089 illam
1242 1061 1368 1090 tuendam
1383 1064 1550 1098 sententiam,
1564 1063 1638 1092 intri-

893 1111 982 1133 catum
997 1106 1107 1134 omnino
1120 1113 1169 1143 est,
1186 1113 1212 1135 et
1226 1107 1260 1135 ad
1274 1108 1405 1136 utramvis
1421 1109 1574 1147 opinionem
1589 1120 1637 1148 po-

892 1156 941 1179 test
970 1151 1134 1189 detorqueri.
1160 1152 1305 1181 Certiorem
1333 1164 1413 1192 porro
1440 1154 1483 1183 his
1509 1155 1634 1184 omnibus

891 1203 981 1225 notam
990 1198 1108 1226 eruimus
1121 1209 1154 1226 ex
1166 1209 1207 1233 eo,
1221 1199 1293 1237 quod
1305 1199 1474 1229 Theodosius
1484 1201 1634 1240 Imperator

890 1240 1036 1272 certissime
1053 1245 1284 1284 Constantinopoli
1301 1246 1408 1285 degeret
1420 1258 1467 1285 per
1481 1247 1594 1276 hiemem
1607 1256 1633 1278 et

890 1290 1129 1328 Quadragesimam
1145 1291 1206 1319 anni
1225 1291 1282 1320 :287
1298 1304 1303 1319 :
1321 1303 1374 1328 quo
1386 1293 1464 1320 etiam
1478 1304 1547 1322 anno
1561 1294 1632 1322 sedi-

891 1336 987 1364 tionem
997 1336 1139 1374 contigisse
1149 1344 1251 1375 oportet
1266 1349 1272 1364 :
1288 1348 1349 1365 nam
1364 1345 1482 1377 tempore
1491 1339 1630 1369 seditionis

889 1382 1120 1420 Constantinopoli
1139 1390 1212 1418 erat3
1237 1394 1306 1411 anno
1327 1390 1415 1411 autem
1438 1385 1557 1422 sequenti
1579 1385 1629 1414 hac

887 1428 943 1468 ipsa
961 1436 1115 1468 tempestate
1125 1429 1320 1457 Thessalonicen
1337 1430 1494 1458 versabatur
1504 1431 1629 1460 Theodo-

887 1477 952 1503 sius.
966 1475 1045 1510 Quod
1062 1475 1188 1513 objicitur
1203 1486 1265 1503 vero
1276 1486 1309 1503 ex
1324 1475 1499 1504 celebratione
1511 1477 1571 1505 anni
1582 1478 1628 1506 de-

886 1521 948 1549 cimi
964 1520 1122 1556 Theodosii,
1139 1522 1185 1559 qui
1203 1532 1272 1549 anno
1288 1521 1346 1550 588
1362 1521 1525 1560 incipiebat3
1545 1523 1625 1561 illud,

885 1567 1006 1605 inquam,
1023 1566 1103 1594 nihili
1114 1573 1162 1601 est,
1177 1578 1238 1595 cum
1250 1573 1351 1595 certum
1363 1567 1399 1596 sit
1410 1577 1443 1595 ex
1457 1568 1531 1596 fastis
1546 1568 1626 1597 ldatii

885 1619 909 1641 et
925 1613 1087 1649 Marcellini,
1104 1613 1192 1651 ipsum
1208 1613 1270 1641 anni
1286 1613 1384 1641 decimi
1398 1613 1503 1653 imperii
1521 1615 1561 1643 sui
1580 1626 1625 1644 ce-

884 1659 1035 1687 lebritatem
1051 1669 1102 1687 uno
1115 1669 1185 1687 anno
1198 1660 1374 1698 prmverfisse,
1390 1667 1419 1688 ut
1431 1671 1492 1688 cum
1509 1661 1564 1689 filio
1577 1672 1625 1690 suo

884 1705 1012 1741 Arcadio,
1029 1705 1075 1744 qui
1093 1716 1193 1733 annum
1208 1705 1333 1743 quintum
1351 1706 1456 1745 imperii
1475 1717 1544 1735 anno
1564 1709 1624 1737 587

883 1750 980 1788 inibat,
1001 1762 1052 1779 una
1069 1750 1204 1779 decimum
1219 1762 1297 1779 suum
1316 1751 1472 1788 celebraret,
1490 1753 1623 1790 quemad-

881 1797 992 1825 modum
1015 1804 1040 1826 et
1057 1797 1240 1825 Maximianus
1261 1797 1417 1833 Herculius,
1438 1808 1498 1826 cum
1521 1809 1621 1827 annum

879 1842 1016 1871 decimum
1028 1850 1152 1872 octavum
1162 1850 1266 1872 tantum
1282 1844 1388 1882 imperii
1399 1844 1439 1872 sui
1456 1852 1554 1882 ageret,
1569 1855 1621 1874 una

880 1889 1132 1923 cum'Diocletiano,
1150 1889 1196 1927 qui
1211 1890 1372 1927 vigesimum
1391 1891 1500 1928 agebat,
1517 1891 1619 1929 vigesi—

879 1945 952 1964 mum
968 1943 993 1964 ct
1011 1936 1067 1974 ipse
1083 1935 1238 1963 celebrarat.
1255 1935 1331 1963 Nihil
1346 1935 1436 1972 itaque
1450 1935 1512 1965 hinc
1534 1943 1620 1975 potest

878 1989 969 2010 contra
985 1981 1118 2009 calculum
1132 1987 1253 2009 nostrum
1269 1981 1372 2016 inferri,
1388 1988 1417 2008 ut
1436 1981 1537 2020 optime
1549 1993 1618 2021 pro-

876 2028 922 2056 bat
938 2027 1136 2056 Tillemontius.

917 2075 1007 2111 Longe
1030 2072 1140 2111 gravior
1165 2072 1311 2101 difficultas
1337 2073 1437 2112 opponi
1463 2081 1550 2112 posset
1580 2086 1614 2104 ex
1628 2095 1665 2114 106

874 2120 976 2149 calculo
992 2118 1113 2147 paschali
1133 2118 1209 2146 istius
1228 2118 1290 2146 anni
1306 2118 1377 2153 587,
1393 2129 1446 2157 quo
1465 2120 1613 2150 secundum

873 2167 980 2195 tabulas
998 2165 1138 2193 Pascbales
1156 2164 1257 2192 Pascha
1278 2164 1410 2192 incidebat
1430 2165 1456 2193 in
1477 2165 1549 2194 diem
1571 2168 1609 2196 ⁸25

874 2212 988 2251 Aprilis;
1011 2217 1036 2239 et
1055 2217 1142 2238 tamen
1171 2210 1272 2238 Pascha
1293 2210 1449 2240 Judaeorum
1472 2211 1522 2240 hoc
1544 2223 1614 2242 anno

872 2258 1073 2293 celebrabatur,
1091 2263 1155 2284 teste
1172 2256 1381 2295 Chrysostomo‚
1400 2257 1501 2295 aliquot
1518 2257 1614 2287 diebus

872 2312 932 2344 post
958 2303 1059 2331 Pascha
1080 2302 1304 2330 Christianorum.
1325 2302 1406 2338 Quod
1434 2314 1496 2332 vero
1521 2304 1612 2333 Judaei

873 2357 931 2390 post
946 2349 1104 2388 vigesimam
1118 2348 1241 2387 quintam
1257 2348 1359 2387 Aprilis
1373 2349 1473 2377 Pascha
1489 2350 1610 2378 celebra-

871 2399 932 2431 rint,
944 2396 971 2425 id
982 2396 1074 2434 utique
1087 2405 1231 2433 numquam
1244 2395 1394 2433 contingere
1401 2395 1500 2434 potuit.
1510 2396 1612 2430 Quam-

870 2443 962 2471 obrem
973 2465 980 2478 ,
999 2448 1029 2470 ut
1045 2441 1168 2480 pluribus
1191 2451 1273 2479 supra
1297 2440 1434 2476 diximus,
1449 2441 1608 2470 varietatem

870 2490 897 2518 in
918 2488 1019 2517 calculo
1041 2487 1164 2515 Paschali
1185 2487 1330 2515 Antiochiae
1355 2497 1424 2515 anno
1446 2489 1505 2516 587
1527 2488 1609 2517 fuisse

870 2534 1018 2575 putandum
1030 2540 1069 2562 est
1082 2545 1088 2560 :
1104 2543 1164 2570 quae
1174 2533 1316 2562 varietates
1330 2540 1383 2562 tam
1396 2534 1546 2571 frequenter
1559 2545 1606 2562 ac-

869 2581 1004 2615 ciderunt,
1020 2586 1050 2608 ut
1064 2579 1166 2607 ibidem
1182 2579 1314 2617 dicimus,
1331 2588 1360 2609 ut
1375 2579 1420 2609 hic
1435 2580 1515 2608 etiam
1532 2580 1604 2610 acci-

869 2627 939 2657 disse
950 2626 1048 2655 mirum
1060 2636 1110 2654 uon
1126 2625 1168 2655 sit.
