1950 2922
335 179 398 215 128

336 254 409 283 Inter
418 254 530 283 rusticos
540 260 630 283 autem
642 253 702 282 illos
711 252 860 292 presbyteri
869 250 979 289 quidam
989 255 1074 284 erant,

336 301 381 338 qui
397 308 493 329 terram
510 300 620 329 arabant
634 306 658 328 et
672 306 766 328 caetera
782 296 887 325 rusticae
901 295 963 324 vitre
983 295 1076 323 munia

335 347 509 384 praestabant,
523 353 603 383 atque
617 345 799 383 apostulorum
816 352 888 370 more
900 341 1003 370 victum
1023 340 1077 369 sibi

807 190 836 213 S.
861 188 1000 213 JOANNts
1027 185 1264 210 CHRYSOSTOMI
1289 186 1382 217 VlTA,

1130 255 1220 276 autem
1236 247 1281 276 illa
1296 247 1446 277 Samuelem
1470 257 1522 276 arae
1545 258 1627 277 sacrae
1646 249 1732 278 cultui
1756 249 1870 279 addixe-

1130 294 1181 331 rit,
1203 294 1259 332 ejus
1279 293 1442 321 sacrificium
1462 294 1629 323 sacerdotum
1650 295 1746 324 oblatis
1775 295 1869 324 hostiis

1130 347 1312 379 comparatur.
1328 340 1443 368 Demum
1466 339 1608 379 disciplina
1629 341 1725 370 caelesti
1740 342 1868 370 imbuen—

1130 385 1178 414 dos
1190 387 1302 424 juvenes
1317 396 1372 413 esse
1388 385 1466 414 dicit.

335 391 466 429 parabant
477 402 509 419 ex
521 390 678 428 quotidiano
692 389 791 417 labore.

222 435 324 456 Homiliae
378 437 473 465 Paucis
493 436 589 465 dicbus
606 442 663 474 post
679 434 747 474 lianc
761 433 900 462 homiliam
920 432 1029 472 elapsis,
1042 431 1076 460 de

181 466 321 524 ξεῃῖῃηζςγ
337 483 411 510 Anna
427 489 511 510 matre
527 481 659 509 Samuelis
680 479 829 509 concionari
849 479 938 518 coepit.
957 479 1075 507 Primam

183 526 319 556 ¹·4·1⁸·599⁴
335 538 397 556 vero
416 527 555 555 homiliam
573 526 678 555 orditur
699 527 800 561 dicens,
817 525 973 553 memoriam
996 525 1075 559 Qua-—

1170 432 1306 466 Quartus,
1324 442 1402 469 quem
1421 431 1454 460 de
1470 433 1545 460 Anna
1560 432 1669 467 habuit,
1685 443 1770 461 sermo
1786 433 1870 461 inter-

1131 478 1209 516 cidit,
1223 485 1251 506 ut
1266 478 1402 516 colligitur
1414 489 1447 506 ex
1462 478 1494 506 iis
1509 489 1568 516 quae
1586 478 1611 506 in
1630 478 1722 516 quinto
1737 490 1867 513 sermone,

1131 524 1177 562 qui
1189 525 1246 563 jain
1257 532 1369 562 quartus
1385 525 1432 553 illo
1447 525 1544 553 amisso
1560 525 1726 559 inscribitur,
1742 525 1871 554 dicuntur

333 573 489 611 dragesimae
506 583 568 601 eum
582 573 680 600 affeetu
695 579 720 600 et
735 571 817 600 futuri
828 571 923 609 jejunii
943 570 1075 599 desiderio

333 629 437 658 semper
456 629 511 647 esse
524 618 692 647 servandam.
707 618 776 646 Hinc
789 623 889 655 quanta
902 616 970 644 hona
986 627 1020 644 ex
1035 617 1077 654 je-

331 665 407 704 junio
419 665 539 693 oriantur
552 671 665 693 enarrat.
680 665 720 692 Ita
740 674 820 702 porro
835 663 869 691 dc
879 662 982 702 jejunio
998 664 1075 698 Qua-

333 709 490 749 dragesimae
510 711 642 748 loquitur,
659 717 688 738 ut
705 709 825 738 crederes
842 709 932 737 statim
949 707 1017 736 illud
1035 708 1076 736 vel

333 755 456 784 hesterno
468 756 510 785 vel
522 756 653 795 proximis
663 755 758 784 diebus
769 755 887 784 desiisse.
899 753 951 783 Sed
967 761 1056 793 postea
1068 777 1076 790 ,

334 812 396 830 cum
422 802 543 840 loquitur
565 801 598 830 de
620 802 652 829 iis
675 812 734 839 quae
756 808 815 840 post
834 800 1076 838 Quadragesimam

333 855 485 885 evenerant,
498 847 575 876 facile
590 847 739 875 advertitur
756 857 807 875 non
823 857 918 886 parum
937 846 1017 885 spatii
1033 846 1073 874 in-

333 894 494 929 tercessisse‚
507 900 531 921 et
544 893 660 932 plurima
676 900 779 932 peracta
795 893 875 921 fuisse
888 904 894 920 ι
911 903 1004 931 nempe
1019 893 1076 920 dis-

331 941 498 977 putationes
521 949 567 967 seu
588 939 722 976 colloquia
744 949 805 967 cum
835 938 991 977 gentilibus,
1015 949 1075 976 quae

335 985 546 1024 Chrysostomus
558 985 667 1021 habuit,
677 992 706 1013 ut
718 985 777 1013 illos
789 985 948 1014 calamitatis
959 992 1076 1023 tempore

288 1029 370 1061 mad
397 1031 579 1059 Christianam
608 1030 764 1068 religionem
792 1040 948 1066 conversos,
970 1030 997 1058 in
1023 1030 1077 1058 fide

335 1076 506 1104 confirmaret
521 1089 528 1105 τ
545 1075 642 1104 deinde
659 1076 722 1104 festa
739 1083 889 1115 martyrum
908 1086 966 1114 quae
985 1076 1076 1104 multis

333 1121 430 1150 diebus
447 1122 473 1150 in
486 1122 650 1150 Antiochena
664 1122 730 1150 urbe
743 1122 873 1150 celebrata
886 1122 993 1150 suerunt
1009 1134 1014 1149 :
1029 1122 1077 1150 de-

335 1179 464 1206 mumque
484 1169 647 1196 rusticorum
666 1168 797 1196 adventus
812 1175 836 1196 et
851 1168 1000 1196 cohortatio
1022 1168 1076 1196 illis

332 1215 401 1242 facta
417 1215 443 1242 in
457 1214 598 1242 Dominica
611 1216 658 1249 τῆς
674 1213 877 1251 ἐπισωζομένης.

373 1259 478 1288 Deinde
490 1270 574 1297 neque
588 1266 643 1287 tam
660 1259 735 1288 brevi
749 1259 906 1298 compendio
919 1259 999 1287 refert
1014 1270 1077 1288 eon-

334 1304 436 1333 cionem
458 1305 550 1338 illam,
566 1315 646 1343 quam
661 1315 723 1333 cum
739 1305 842 1334 Groecis
862 1315 908 1333 seu
930 1305 1076 1343 gentilibus

334 1350 389 1379 illis
406 1351 440 1379 ad
455 1351 537 1379 fidem
553 1351 688 1379 conversis
704 1351 843 1379 habuerat.
867 1351 898 1379 In
919 1361 948 1379 ea
969 1351 1076 1380 concio-

334 1398 376 1426 nis
390 1398 488 1426 hahitae
504 1400 570 1427 serie
584 1399 642 1427 haee
656 1399 761 1433 effatur,
775 1409 843 1436 quae,
858 1398 880 1426 si
895 1409 947 1427 non
963 1409 1075 1438 semper,

334 1445 492 1483 plerumque
512 1444 606 1473 saltem
628 1455 691 1472 vera
713 1455 769 1473 esse
794 1445 988 1483 comperimus,
1003 1445 1076 1483 quod

334 1500 428 1529 nempe
448 1490 527 1519 liberi
548 1490 655 1518 arbitrii
679 1492 765 1528 major
779 1490 820 1519 vis
836 1491 886 1527 sit,
903 1501 984 1528 quam
1000 1498 1075 1519 natu-

333 1546 380 1564 rae.
399 1537 515 1564 Demum
540 1536 578 1564 ait
603 1536 762 1564 mulieribus
789 1537 907 1564 maxime
926 1544 1076 1576 competere

333 1582 519 1610 educationem
548 1582 806 1620 liberorum,idque
831 1583 927 1621 probat
952 1584 1075 1623 exemplo

334 1630 418 1656 Annae
439 1628 533 1656 matris
555 1628 702 1663 Samuelis,
718 1628 808 1666 sicque
825 1628 935 1657 demum
957 1628 992 1657 ad
1017 1640 1074 1658 sco-

333 1685 399 1713 pum
416 1674 488 1702 venit
514 1681 539 1702 et
562 1674 596 1702 ad
621 1674 755 1702 concionis
778 1682 975 1713 argumentum.
992 1678 1074 1704 Annae

334 1720 461 1749 virtutem
485 1727 510 1748 et
536 1719 628 1748 laudes
653 1720 800 1758 praedicat,
825 1721 919 1749 seriem
945 1731 978 1749 ex
1002 1732 1074 1750 sacra

334 1765 472 1804 Scriptura
487 1772 624 1794 mutuatus
654 1765 728 1793 Hanc
748 1776 829 1805 porro
851 1766 1005 1795 concionem
1027 1767 1075 1795 ha-

334 1811 394 1839 buit
409 1811 451 1840 vel
466 1819 526 1840 ante
542 1811 727 1840 Ascensionem
750 1812 831 1850 hujus
851 1812 912 1840 anni
937 1819 995 1851 post
1022 1814 1075 1842 Do-

334 1857 462 1886 minieam
482 1857 603 1896 quintam
616 1879 623 1893 ‚
638 1858 680 1886 vel
695 1858 798 1896 aliquot
813 1857 908 1886 diebus
929 1864 989 1886 ante
1004 1860 1075 1887 Pen-

334 1911 459 1933 tec-osten.

375 1951 530 1980 Secundum
552 1962 701 1980 sermonem
724 1951 751 1980 in
768 1953 871 1980 Annam
900 1952 993 1991 paucis
1016 1959 1075 1991 post

334 1998 454 2038 primum
470 1998 566 2027 diebus
581 1998 781 2037 pronuntiavit,
797 2006 822 2026 et
835 1998 955 2036 quidem,
970 2005 999 2026 ut
1015 2009 1076 2027 cre-

334 2046 397 2074 dere
417 2053 471 2081 est,
493 2052 553 2074 aute
568 2047 746 2075 Pentecosten.
762 2046 851 2074 Primo
869 2053 958 2074 autem
979 2047 1076 2085 probat

333 2092 437 2118 Annam
451 2098 474 2118 et
490 2097 591 2129 patrem
613 2090 693 2118 simul
706 2098 731 2118 et
746 2098 857 2118 matrem
875 2090 1006 2119 Samuelis
1021 2091 1075 2119 dici

333 2147 419 2174 posse,
434 2137 544 2175 ejusque
558 2137 693 2176 duplicem
711 2137 838 2165 virtutem
854 2137 981 2172 celebrat,
999 2148 1074 2166 nem-

333 2192 366 2220 pe
379 2182 404 2210 in
418 2182 543 2221 precibus
555 2183 741 2211 assiduitatem
757 2189 782 2210 et
796 2183 878 2211 animi
893 2183 1072 2221 vigilantiam,

334 2227 432 2264 quibus
444 2227 541 2256 deiude
556 2229 661 2256 tertiam
676 2228 769 2263 addit,
782 2239 877 2267 nempe
890 2229 1074 2258 conviciorum

334 2274 500 2302 tolerantiam
521 2281 546 2302 et
567 2274 799 2303 mansuetudinem
812 2298 820 2311 ,
838 2276 1006 2314 carptimque
1028 2275 1074 2304 di-

334 2319 368 2347 cit
390 2320 552 2358 precandum
575 2330 630 2348 esse
652 2327 794 2359 antequam
812 2320 845 2348 ad
861 2331 979 2350 mensam
1001 2332 1072 2350 acce·

334 2365 425 2394 datur.

375 2410 514 2446 Tertium,
532 2422 610 2449 quem
626 2418 684 2440 ante
705 2413 873 2441 Pentecosten
895 2413 984 2447 dixit,
998 2414 1075 2442 ordi-

335 2464 379 2486 tur
390 2467 405 2485 a
417 2457 544 2496 lacrymis
555 2459 637 2485 Auum
648 2469 656 2494 3
666 2459 756 2496 aitque
767 2459 950 2498 laerymarum
962 2460 1074 2489 imbrem

334 2503 446 2542 irrigare
457 2504 576 2542 plantam
594 2505 768 2542 precationi53
783 2506 817 2533 ita
832 2513 860 2534 ut
877 2507 980 2535 fructus
993 2515 1016 2536 et
1030 2519 1075 2536 ee-

334 2549 415 2577 lerior
437 2556 462 2577 et
482 2549 567 2588 major
590 2550 738 2588 proveniat.
752 2553 854 2579 Annam
876 2552 901 2580 iu
921 2554 1075 2593 exemplum

336 2595 478 2635 proponit,
495 2606 547 2633 quo
563 2602 640 2634 pacto
662 2596 741 2625 liberi
767 2597 819 2625 sint
843 2597 986 2627 educandi.
1006 2601 1074 2628 Cum

1131 581 1207 599 num.
1222 573 1240 599 5
1253 583 1259 598 :
1273 581 1368 610 nempe
1382 571 1409 599 in
1429 571 1589 610 praecedenti
1603 582 1723 600 sermone
1738 571 1871 610 explicata

1130 617 1212 646 fuisse
1234 617 1290 646 hmc
1315 618 1396 647 verba
1420 618 1516 646 cantici
1538 620 1620 646 Annae
1635 629 1640 645 :
1656 618 1870 657 Confirmatunz

1130 670 1172 692 est
1188 674 1237 692 cor
1255 675 1348 692 meum
1366 667 1396 692 in
1419 665 1550 692 Domino
1561 687 1568 697 ,
1583 671 1647 692 etc.:
1659 674 1774 702 quorum
1789 664 1871 691 iuter-

1131 710 1244 749 pretatio
1257 721 1308 738 non
1324 710 1438 738 babetur
1453 710 1478 738 in
1492 720 1522 738 eo
1536 710 1581 748 qui
1594 710 1687 738 tertius
1700 716 1749 738 est.

1172 757 1309 792 Quintus,
1326 757 1371 794 qui
1394 767 1464 784 nunc
1485 763 1597 794 quartus
1616 756 1643 784 in
1669 755 1747 784 titulo
1769 755 1871 789 fertur,

1129 799 1164 828 ab
1180 799 1333 828 auditorum
1349 800 1482 839 paucitate
1496 800 1599 839 incipit,
1612 806 1636 828 et
1651 799 1715 838 quia
1731 799 1794 828 circi
1811 808 1871 837 spe-

1130 846 1235 874 ctacula
1250 846 1357 874 solitam
1379 846 1556 884 frequentiam
1581 845 1761 881 abstulerant,
1780 852 1870 874 eontra

1130 891 1208 920 ludos
1224 899 1370 930 equestres,
1382 903 1479 930 eosque
1492 892 1538 930 qui
1555 892 1601 920 illo
1617 891 1778 931 properandi
1792 902 1870 920 causa

1131 937 1268 966 ecclesiam
1284 937 1443 973 desererent,
1457 938 1540 966 multa
1555 949 1603 977 pro
1616 948 1689 966 more
1702 948 1749 966 suo
1761 938 1871 977 prosun-

1130 981 1179 1011 dit.
1200 984 1240 1011 De
1261 983 1413 1022 precatione
1435 983 1542 1012 demum
1567 984 1639 1021 agit,
1656 984 1746 1022 aitque
1767 985 1872 1013 oratio-

1132 1038 1192 1056 nem
1204 1039 1263 1057 cum
1276 1030 1370 1058 affectu
1387 1030 1555 1068 conjunctam
1568 1040 1622 1057 esse
1632 1029 1739 1066 debere,
1754 1041 1873 1060 omnem-

1131 1085 1182 1112 que
1195 1075 1283 1103 locum
1297 1086 1352 1104 esse
1370 1075 1403 1104 ad
1421 1075 1552 1104 orandum
1569 1082 1761 1114 opportunum.
1777 1078 1871 1112 Quar-

1132 1127 1174 1149 tus
1189 1128 1215 1149 et
1230 1122 1339 1159 quintus
1354 1129 1413 1150 ante
1426 1123 1595 1150 Pentecosten
1611 1121 1674 1149 dicti
1689 1122 1770 1150 fuere.

1171 1167 1285 1201 Sextus,
1299 1167 1345 1205 qui
1361 1178 1430 1196 nunc
1443 1168 1552 1205 quintus
1570 1167 1735 1202 inscribitur,
1752 1175 1811 1206 post
1828 1169 1870 1196 se—

1131 1219 1202 1240 stum
1224 1214 1389 1241 Pentecostes
1410 1213 1519 1241 habitus
1544 1214 1609 1248 fuit,
1630 1220 1658 1241 ut
1681 1220 1741 1252 post
1763 1215 1870 1244 initium

1130 1258 1239 1287 dicitur.
1266 1260 1401 1298 Principio
1417 1259 1547 1288 adversus
1567 1270 1610 1288 eos
1631 1260 1763 1298 loquitur,
1779 1263 1825 1300 qui
1844 1263 1870 1291 in

1130 1304 1224 1333 diebus
1244 1306 1315 1335 festis
1332 1313 1357 1334 et
1373 1306 1585 1335 solemnitatibus
1606 1314 1710 1336 tantum
1731 1309 1869 1338 ecclesiam

1131 1350 1354 1389 frequentabant:
1369 1351 1465 1380 deinde
1484 1352 1601 1391 explicat
1621 1353 1688 1391 quid
1708 1354 1741 1382 sit
1759 1354 1817 1383 dies
1831 1355 1870 1384 se-

1131 1403 1204 1430 stus,
1222 1408 1252 1426 ac
1272 1398 1306 1426 de
1324 1401 1399 1426 Anna
1420 1408 1468 1437 pro
1490 1409 1562 1426 more
1577 1398 1704 1437 loquitur.
1721 1401 1788 1429 Item
1813 1401 1870 1439 agit

1130 1441 1259 1471 adversus
1280 1454 1334 1477 eos,
1360 1444 1405 1481 qui
1430 1444 1552 1472 incusant
1579 1444 1699 1473 divinam
1725 1446 1871 1485 providen-

1131 1489 1195 1516 tiam
1207 1511 1213 1523 ,
1229 1499 1259 1517 eo
1279 1489 1351 1527 quod
1367 1489 1394 1517 in
1408 1489 1459 1517 hac
1481 1490 1534 1517 vita
1550 1490 1661 1527 quidam
1675 1491 1728 1519 sint
1754 1491 1868 1528 divites,

1130 1534 1242 1572 quidam
1265 1546 1404 1574 pauperes.
1421 1535 1543 1574 Denique
1558 1536 1594 1564 ait
1619 1544 1799 1576 paupertatem
1816 1539 1871 1567 uti-

1131 1579 1260 1609 lissimam
1278 1592 1349 1616 esse,
1366 1592 1395 1610 ae
1408 1581 1470 1621 plus
1489 1583 1634 1621 voluptatis
1649 1590 1726 1621 atque
1740 1585 1871 1613 securita-

1130 1626 1164 1654 tis
1178 1626 1293 1664 habere,
1314 1638 1394 1666 quam
1414 1627 1516 1656 divitiae
1540 1628 1671 1661 habeant,
1694 1628 1869 1660 demonstrat.

1176 1674 1321 1703 Homiliam
1338 1673 1473 1702 Debitoris
1494 1675 1585 1702 decem
1613 1674 1731 1703 millium
1758 1676 1869 1706 talento·
1931 1710 1933 1713 ¹

1130 1734 1192 1752 rum
1210 1723 1260 1752 hoc
1275 1733 1343 1751 anno
1358 1733 1386 1750 se
1404 1722 1529 1750 habuisse
1543 1730 1734 1751 commemorat
1749 1723 1868 1763 Chryso·
1880 1724 1933 1744 “¹⁸³³-

1130 1778 1241 1807 stomus‚
1253 1781 1314 1800 cum
1329 1770 1365 1798 ait
1378 1775 1470 1799 numA
1486 1771 1579 1798 :«Nos
1593 1777 1682 1798 autem
1693 1781 1773 1799 unam
1791 1773 1870 1801 chor—

1128 1817 1191 1845 dam
1206 1816 1373 1856 pulsavimus
1384 1826 1431 1855 per
1442 1822 1524 1844 totam
1536 1816 1788 1855 Quadragesimam,
1803 1818 1869 1847 dum

1129 1862 1215 1902 legem
1237 1863 1314 1891 vobis
1332 1862 1365 1890 de
1381 1863 1533 1901 juramento
1558 1862 1748 1898 recitavimus;
1772 1871 1796 1892 et
1819 1865 1869 1893 Dei

1130 1910 1215 1948 gratia
1237 1910 1360 1937 effectum
1384 1915 1439 1943 est,
1460 1915 1487 1936 ut
1503 1908 1630 1946 pleraque
1644 1919 1658 1936 a
1674 1909 1751 1937 uobis
1774 1920 1820 1938 ora
1841 1910 1868 1939 in

1129 1955 1179 1984 hac
1198 1955 1265 1993 legis
1282 1954 1397 1983 melodia
1421 1954 1457 1982 ita
1476 1954 1596 1982 instituta
1619 1954 1689 1989 sint,
1710 1962 1738 1983 ut
1757 1955 1868 1995 depulsa

1130 2012 1212 2040 prava
1229 2000 1420 2029 consuetudine
1430 2022 1437 2035 ,
1449 2010 1497 2038 pro
1512 2010 1542 2027 eo
1555 1999 1628 2038 quod
1642 2007 1702 2028 ante
1721 2002 1807 2029 Deum
1823 2001 1870 2039 ju-

1130 2047 1235 2081 rabant,
1251 2047 1305 2086 jam
1320 2046 1389 2074 nihil
1405 2045 1454 2074 nisi
1475 2047 1532 2076 Est.
1554 2052 1580 2073 et
1597 2046 1655 2074 Non
1670 2053 1724 2081 est,
1739 2053 1763 2074 et
1784 2047 1868 2076 Crede

1130 2093 1213 2129 mihi,
1227 2093 1253 2120 in
1274 2093 1365 2130 lingua
1381 2103 1426 2119 sua
1444 2091 1642 2127 circumferant,
1660 2092 1738 2130 idque
1754 2093 1779 2120 in
1796 2094 1869 2122 omni

1129 2139 1280 2176 colloquio,
1295 2151 1308 2164 u
1323 2145 1371 2166 etc.
1386 2138 1479 2175 Itaque
1503 2144 1573 2165 certo
1598 2137 1695 2165 certius
1717 2145 1754 2166 est
1779 2139 1867 2178 ipsum

1129 2185 1198 2212 hauc
1213 2184 1365 2212 concionem
1382 2182 1505 2210 habuisse
1521 2182 1613 2210 eodem
1628 2194 1697 2211 auno
1709 2194 1761 2221 quo
1775 2186 1868 2213 Homi-

1128 2230 1177 2258 lias
1199 2230 1225 2258 111
1241 2231 1347 2258 Statuas
1368 2228 1517 2263 babuerat;
1535 2239 1619 2266 neque
1635 2230 1722 2257 minus
1744 2230 1867 2269 explora-

1130 2282 1187 2304 tum
1206 2283 1242 2303 cst
1258 2276 1345 2314 ipsum
1360 2275 1428 2302 hanc
1443 2275 1556 2313 primam
1576 2275 1700 2304 habuisse
1714 2277 1868 2306 concionem

1130 2329 1269 2360 postquam
1289 2331 1323 2349 ex
1346 2320 1439 2348 morbo
1464 2321 1651 2355 convaluerat,
1666 2327 1694 2349 ut
1717 2332 1750 2349 ex
1774 2322 1869 2360 primis

1130 2367 1265 2396 concionis
1279 2366 1369 2395 verbis
1387 2365 1512 2403 arguitur
1526 2378 1531 2392 :
1547 2379 1560 2392 «
1574 2366 1656 2400 Quasi
1673 2377 1708 2395 ex
1722 2367 1868 2406 longinqua

1130 2413 1352 2454 peregrinatione,
1369 2412 1465 2449 inquit,
1477 2411 1509 2439 ad
1524 2422 1571 2439 vos
1584 2423 1705 2440 reversus
1717 2423 1799 2441 essem
1809 2436 1816 2447 ,
1833 2414 1868 2442 ita

1130 2472 1172 2489 me
1200 2460 1279 2488 hodie
1306 2459 1430 2487 aft'ecuun
1458 2458 1541 2486 sentio
1557 2467 1562 2484 ῖ
1578 2469 1638 2486 cum
1664 2459 1734 2487 enim
1764 2459 1868 2488 nullum

1130 2507 1276 2535 amicorum
1292 2505 1455 2533 consortium
1478 2515 1533 2532 esse
1549 2511 1649 2543 potest,
1666 2504 1732 2532 nihil
1750 2515 1869 2533 comino-

1129 2553 1156 2581 di
1179 2554 1255 2581 assei-t
1277 2562 1368 2580 eorum
1383 2550 1534 2588 praesentia.
1549 2550 1730 2584 Quamobrem
1755 2562 1801 2579 nos
1822 2552 1868 2589 qni

1130 2599 1203 2627 domi
1223 2597 1414 2633 versabamur,
1430 2606 1538 2635 peregre
1552 2596 1718 2624 versantibus
1734 2596 1801 2625 1111111
1820 2598 1868 2625 hac

1880 1755 1933 1778 T.3
