1915 2947
247 210 329 233 X'Vttt
762 209 894 231 ttliNtttCt
916 208 1037 229 stvnitt
1061 207 1278 230 Dissiiu'rsstTto

248 271 309 301 serit
319 294 325 307 ,
337 278 362 300 et
373 271 476 309 aliquot
487 280 598 300 menses.
615 272 701 308 Atque
716 269 773 297 haec
783 270 836 298 sere
848 275 920 305 sunt,
934 269 960 296 iu
972 268 1070 305 quibus
1084 275 1212 307 tempora,
1225 275 1250 297 et
1263 275 1412 306 temporum
1425 279 1508 308 prope
1523 277 1656 299 momenta
1669 282 1702 300 ex
1726 271 1810 301 histo-

251 319 298 347 riis
314 324 405 347 notare
420 318 490 346 licet.
503 317 630 355 Reliqua,
648 317 683 348 ὡς
699 317 725 344 ἐν
740 315 850 350 πλάτει,
865 315 908 343 vel
926 313 1104 351 argitrnenti5‚
1118 314 1160 342 vel
1177 314 1255 342 etiam
1271 315 1430 353 conjecturis
1445 315 1602 354 colligenda.
1617 320 1657 346 Ac
1672 318 1789 357 primurn
1801 340 1808 354 ,
1825 311 1830 318 ⁸

250 365 397 404 Eutropius
414 364 481 392 iram
494 364 598 401 fugiens
615 365 704 401 Augg.
721 363 754 390 atl
769 361 906 390 ecclesiam
922 361 1000 399 sugit,
1018 371 1046 389 se
1069 361 1176 389 consule
1192 369 1219 389 et
1233 362 1388 396 Theodoro,
1405 362 1456 390 lioe
1468 369 1520 398 est,
1533 374 1600 392 anno
1614 364 1714 394 Christi
1733 366 1809 401 599,

249 412 330 440 homo
346 421 398 440 non
413 410 500 439 solum
513 410 691 445 Christianus,
709 409 755 437 sed
772 408 853 436 etiam
872 407 1060 443 orthodoxus,-
1076 407 1163 445 utqui
1182 408 1268 436 libros
1282 408 1409 438 Eunomii
1430 409 1629 446 haeresiarchae,
1646 411 1692 449 qui
1715 412 1809 440 Arium

249 460 337 497 ipsum
352 458 488 496 impietate
502 455 650 495 superavit,
668 453 774 493 publice
790 453 871 492 jussit
884 453 1009 490 cremari,
1024 453 1193 491 cadaverque
1207 455 1265 493 ejus
1279 461 1426 483 extractum
1442 455 1547 494 projici.
1562 455 1675 495 Nicepb.
1689 457 1738 486 lib.
1753 458 1790 485 15
1800 479 1808 493 ,

243 514 272 530 c.
288 506 316 538 1,
330 504 505 532 Asiaticorum
521 503 709 542 episcoporum
724 501 860 539 negotium
871 507 986 540 coeptum
999 508 1037 528 est
1050 501 1157 529 tractari
1171 501 1214 529 ἐπὶ
1229 502 1448 540 τρισκαιδεκέτης
1462 503 1673 540 ἐπινουμήσεως,
1690 503 1740 532 hoc
1752 512 1808 540 est,

252 550 397 578 indictione
408 554 470 585 (non
487 549 688 584 distributione,
706 556 735 576 ut
753 548 822 576 male
837 549 967 587 interpres
987 548 1100 578 Palladii
1117 555 1140 576 et
1156 548 1224 584 alii),
1240 548 1315 576 tertia
1331 548 1444 584 decima,
1461 549 1479 578 i.
1495 560 1517 577 e.
1531 560 1599 578 anuo
1613 550 1723 578 Domini
1737 551 1806 584 400,

247 596 410 634 duravitque
428 596 578 631 biennium,
596 601 662 623 teste
676 594 814 629 Palladio,
830 594 880 623 boe
899 602 952 630 est,
968 605 1052 632 usque
1070 594 1104 622 ad
1122 595 1202 623 finem
1224 596 1287 623 anni
1305 595 1375 632 401,
1394 596 1435 623 vel
1455 595 1532 624 etiam
1554 596 1662 625 initium
1683 597 1751 626 40:²2.
1769 599 1810 626 De

249 650 367 682 tempore
383 643 480 682 prioris
495 642 583 671 exsilii
595 653 646 670 non
662 649 700 670 est
714 642 780 671 adeo
795 642 914 681 proclive
926 642 1040 670 definire
1058 654 1063 669 :
1083 653 1164 680 quare
1178 642 1342 680 argumentis
1352 665 1361 679 ,
1376 650 1404 670 ut
1419 642 1495 679 dixi,
1510 650 1534 671 et
1549 644 1724 682 conjecturis,
1736 644 1809 682 quod

248 691 409 728 poterimus,
425 689 554 719 elicienda
569 689 676 718 veritas.
693 691 756 718 Post
767 692 804 718 12
818 690 896 718 horas
909 701 924 717 a
938 689 1025 729 prima
1040 690 1200 729 expulsione
1211 692 1301 727 (quam
1314 689 1426 718 meridie
1440 690 1535 718 factam
1551 690 1633 719 tradit
1648 691 1769 720 Socrates
1783 697 1809 719 et

247 737 293 764 alii
310 738 374 776 πρὸς
390 738 502 775 ἑσπέραν
519 739 637 775 βαθεῖαν,
654 736 840 774 Chrysostomi
856 737 940 776 ipsius
960 737 1072 776 epistola
1088 736 1122 764 ad
1137 736 1347 773 Innocentium),
1361 737 1438 775 jussu
1453 739 1646 776 Imperatorum
1669 745 1809 766 revocatus

247 784 362 812 Joannes
377 783 427 819 (sic
439 783 602 819 Palladius,
614 793 766 822 paucosque
782 791 842 823 post
856 783 913 812 dies
923 806 930 819 ‚
946 783 1048 812 invitus
1062 783 1123 812 licet
1136 783 1306 820 multumque
1321 783 1446 818 renitens,
1466 783 1492 812 iu
1509 784 1604 812 throno
1618 784 1732 820 locatus,
1744 794 1809 813 con-

247 830 349 858 cionem
370 831 465 858 habuit
480 830 552 870 apud
569 830 699 870 populum
714 841 789 867 eam,
813 841 872 868 quae
894 837 978 859 exstat
1001 831 1027 859 in
1048 831 1100 859 [ine
1120 830 1250 869 Georgii,
1266 829 1334 859 “Ore
1348 830 1395 864 τὴν
1412 831 1517 869 Σάρραν
1539 831 1591 860 ἀπὸ
1609 833 1654 859 τοῦ
1670 831 1807 871 Ἀθραοίμ,

248 877 401 916 Theopliilo
417 877 506 906 adhuc
520 877 554 906 ad
569 877 664 906 urbem
678 884 814 911 manente,
834 888 918 916 neque
932 878 1033 906 hiscere
1049 885 1140 906 contra
1155 877 1280 913 audente,
1294 878 1399 906 Sozom.
1414 877 1464 905 lib.
1483 878 1513 913 8,
1529 888 1552 905 c.
1569 877 1607 906 18
1624 889 1630 904 :
1648 888 1762 916 eumque
1774 878 1809 906 ob

243 924 378 962 judicium
394 924 685 964 Heraclidae,episcopo
699 924 846 964 Ephesiae,
862 925 965 953 absenti
981 936 1027 964 per
1042 925 1186 964 Theophili
1201 925 1344 953 factionem
1359 925 1518 952 intentatum
1532 924 1699 953 velitationes
1714 924 1809 953 fierent

246 971 273 1000 in
291 972 356 1000 urbe
375 973 473 1000 crebrae
498 974 566 1000 inter
586 973 893 1012 Constantinopolitanos
907 980 932 1001 et
947 973 1104 1012 AEgytitios,
1125 975 1159 1005 ὡς
1174 973 1285 1004 πολλοὺς
1301 972 1465 1011 τραυματίας
1476 972 1611 1010 γενέσθαι,
1628 972 1700 1005 τινὰς
1719 972 1747 1001 δὲ
1761 972 1807 1001 καὶ

247 1019 391 1048 ἀπολέσθαι
410 1031 415 1046 :
440 1026 621 1058 quaereretque
639 1020 824 1059 Theophilum
839 1021 933 1049 civitas
953 1023 978 1048 in
999 1031 1071 1049 mare
1087 1020 1267 1059 praecipitare;
1282 1019 1333 1048 sibi
1353 1026 1472 1048 metuens
1494 1019 1662 1059 Theophilus
1685 1020 1756 1058 fugit
1779 1020 1807 1048 in

248 1065 410 1105 AEgyptnm‚
425 1067 475 1102 ἤδη
488 1071 533 1096 τοῦ
543 1069 674 1105 χειμῶνος
689 1067 847 1107 ἀρχομένου,
865 1068 952 1106 inquit
968 1068 1144 1101 Sozomemm,
1155 1075 1179 1095 et
1194 1067 1362 1106 Nicephorus
1374 1067 1423 1095 lib.
1439 1068 1488 1101 13,
1500 1077 1523 1095 c.
1540 1068 1588 1102 17,
1604 1067 1724 1106 adeoque
1736 1067 1809 1096 diem

243 1112 331 1150 vipsius
343 1113 443 1142 reditus
455 1113 488 1141 ab
501 1114 595 1142 exsilio
608 1115 721 1143 Joannes
736 1116 889 1152 Anonymus
902 1125 962 1153 cap.
978 1114 1249 1153 100,Metapht·astes
1261 1124 1319 1152 cap.
1335 1114 1382 1145 36,
1397 1120 1423 1141 et
1436 1113 1587 1151 Menologia
1596 1113 1690 1142 Graeca
1705 1121 1808 1153 ponunt

248 1161 286 1188 15
298 1160 456 1188 Novembris
470 1173 476 1188 :
491 1171 570 1198 quem
586 1160 657 1188 diem
672 1171 757 1198 usque
771 1161 805 1188 ad
818 1172 864 1189 sua
878 1168 996 1200 tempora
1009 1172 1057 1200 pro
1073 1161 1137 1189 sesto
1154 1160 1282 1189 celebrari
1296 1160 1526 1199 Constantinopoli
1541 1160 1634 1188 scribit
1650 1161 1722 1188 idem
1736 1162 1807 1189 Ano-

247 1216 346 1245 nymus
359 1213 382 1234 et
398 1206 601 1245 Metapbrastes,
614 1214 638 1235 et
652 1207 770 1235 indicant
782 1208 875 1236 Graeca
891 1208 1052 1246 Menologia.
1067 1209 1135 1236 Cum
1151 1208 1239 1245 itaque
1250 1218 1283 1236 ex
1297 1207 1393 1235 horum
1406 1207 1632 1235 consentientibus
1649 1206 1807 1235 testimoniis

248 1263 337 1281 mense
347 1253 493 1282 Novembri
505 1253 613 1281 redierit
622 1253 656 1281 ab
667 1253 777 1289 exsilio,
789 1253 822 1282 dc
834 1265 902 1282 anno
911 1254 1036 1294 deinceps
1050 1255 1236 1291 quaerendum,
1250 1261 1341 1282 utrum
1354 1254 1501 1282 Novembri
1517 1264 1586 1281 anno
1597 1254 1668 1288 405,
1683 1253 1808 1282 Theodo-

248 1301 287 1328 sio
300 1307 325 1328 et
340 1300 488 1328 Rumorido
503 1301 577 1329 Coss.
588 1323 597 1337 ,
614 1311 646 1328 an
662 1301 809 1330 Novembri
821 1303 896 1336 402,
910 1302 1023 1330 Arcadio
1037 1303 1053 1330 5
1071 1309 1096 1330 et
1110 1302 1229 1330 Honorio
1243 1302 1273 1336 5,
1290 1301 1408 1329 redierit.
1423 1300 1506 1331 Dico,
1521 1300 1644 1338 clareque
1655 1300 1809 1340 pronuntio,

250 1347 278 1374 in
290 1347 466 1376 Novembrem
483 1358 551 1376 anno
565 1348 623 1376 405
637 1348 754 1376 reditum
768 1349 825 1386 ejus
838 1349 872 1377 ab
883 1349 978 1377 exsilio
990 1349 1083 1377 eadere
1095 1359 1147 1377 non
1159 1349 1293 1387 potuisse3
1311 1348 1434 1385 quamvis
1447 1347 1527 1382 Card.
1538 1348 1669 1376 Batonius
1681 1354 1705 1376 et
1718 1347 1766 1376 alii
1777 1359 1808 1377 eo

250 1404 318 1422 anno
332 1394 426 1422 locent.
447 1395 595 1432 Gregorius
607 1405 664 1434 cap.
680 1396 718 1424 55
729 1406 734 1421 :
746 1396 845 1423 τούτων
859 1395 941 1429 οὕτως
951 1419 958 1431 ,
974 1396 1061 1434 inquit
1072 1419 1079 1432 ‚
1102 1397 1190 1425 ἄλλων
1205 1407 1232 1423 τε
1248 1395 1334 1427 ἄλλως
1350 1394 1584 1434 διαπραττομένων
1596 1398 1641 1431 (sc.
1654 1395 1680 1423 in
1693 1394 1808 1424 seeundo

247 1441 360 1469 concilio
372 1448 461 1469 contra
472 1442 624 1477 Joannem),
642 1442 828 1482 παρίππευσαν
841 1446 921 1480 μῆνες
936 1444 1008 1472 ἔννεα
1023 1444 1108 1479 (δέκα,
1124 1443 1211 1481 inquit
1226 1443 1280 1471 Leo
1292 1443 1363 1481 Imp.
1378 1452 1436 1480 cap.
1449 1443 1497 1470 96.
1511 1441 1649 1470 Palladius
1664 1449 1808 1480 utrumque

243 1488 348 1527 ponit),
363 1490 410 1522 τῆς
427 1488 453 1516 δὲ
468 1490 558 1527 ἑορτῆς
572 1490 624 1516 τῶν
641 1488 777 1527 γενεθλίων
794 1493 838 1517 τοῦ
854 1491 979 1529 Σωτῆρος
1002 1490 1170 1526 ἐπελθούσης,
1187 1497 1234 1518 ete.
1250 1490 1293 1518 Ex
1313 1488 1410 1526 quibus
1425 1488 1515 1516 verbis
1534 1495 1644 1527 apparet
1663 1499 1732 1517 anno
1748 1489 1807 1518 405

246 1542 363 1574 coeptum
379 1535 459 1564 fuisse
473 1535 621 1564 secundum
638 1543 729 1564 contra
746 1538 875 1565 Joannem
895 1538 1103 1566 conciliabulum
1117 1547 1206 1566 mense
1221 1536 1307 1575 Aprili
1321 1548 1326 1563 ε
1341 1543 1370 1564 ut
1384 1546 1488 1564 necesse
1501 1536 1534 1564 sit
1551 1536 1624 1575 prius
1638 1536 1765 1565 exsilium
1779 1537 1807 1566 in

248 1582 428 1611 Novembrem
440 1592 508 1609 anno
519 1582 578 1610 402
592 1581 720 1619 incidere,
737 1593 799 1610 eum
810 1583 835 1611 in
849 1584 993 1612 Novembri
1005 1595 1073 1612 anno
1086 1584 1144 1612 405
1158 1582 1250 1611 eadere
1261 1593 1312 1611 non
1325 1582 1448 1621 potuerit.
1461 1582 1541 1618 Quod
1553 1582 1574 1610 si
1586 1583 1628 1610 cui
1645 1582 1754 1622 Georgii
1766 1583 1808 1612 le-

252 1629 294 1657 vis
310 1628 432 1656 videatur
441 1628 596 1662 auctoritas,
606 1627 696 1656 credat
708 1629 801 1657 saltem
813 1629 944 1667 Palladio,
957 1631 1014 1658 testi
1028 1629 1242 1669 ἁξιοπιστοτέρῳ,
1252 1629 1286 1657 de
1299 1629 1392 1657 cadem
1405 1628 1438 1657 de
1449 1639 1478 1657 re
1492 1639 1557 1668 pene
1571 1628 1662 1657 eadem
1677 1630 1805 1668 loquenti.

249 1674 334 1711 Quid,
352 1674 466 1712 inquies,
482 1682 570 1702 actum
587 1675 709 1703 interea?
725 1676 892 1715 RespondeO,
906 1679 1034 1707 ,loannem
1050 1685 1109 1717 post
1126 1679 1199 1716 prius
1215 1677 1339 1705 exsilium
1357 1688 1402 1715 per
1416 1676 1524 1714 aliquod
1541 1683 1644 1715 tempus
1658 1677 1809 1714 quievisse,

246 1721 273 1747 in
285 1730 434 1758 magnaque
444 1720 523 1748 fuisse
536 1721 608 1759 apud
620 1720 772 1750 Eudoxiam
786 1723 880 1760 gratia,
891 1723 991 1762 quippe
1006 1724 1109 1762 maguis
1120 1723 1154 1751 ab
1169 1724 1228 1762 ipso
1241 1722 1393 1751 decoratam
1408 1722 1535 1750 laudibus
1547 1722 1573 1750 iu
1589 1722 1707 1751 oratione
1725 1733 1808 1761 supra

252 1772 397 1794 memorata
407 1765 439 1794 ad
456 1766 535 1794 finem
550 1766 670 1804 Georgii.
685 1768 773 1796 Testis
787 1768 858 1797 idem
872 1769 1019 1805 Palladius,
1035 1771 1111 1809 cujus
1131 1769 1211 1797 verba
1224 1776 1304 1797 sunt:
1319 1769 1383 1797 Post
1393 1768 1461 1796 duos
1475 1769 1570 1796 iterum
1585 1779 1686 1797 menses
1701 1779 1716 1796 a
1732 1769 1809 1808 plaga

250 1813 351 1841 inflicta
364 1813 436 1852 {suga
452 1824 488 1841 sc,
505 1813 651 1852 Theophili
665 1821 689 1843 et
705 1815 894 1854 AEgyptiorum
914 1817 1111 1856 episcoporum]
1128 1816 1231 1845 modice
1248 1816 1406 1855 respirantes
1422 1816 1536 1850 (inimici
1550 1816 1673 1852 Joannis)
1693 1816 1809 1845 seeundo

247 1860 376 1889 adversus
390 1862 519 1889 Joannem
538 1861 653 1890 fremunt
667 1873 672 1888 τ
686 1862 735 1891 hoc
748 1869 804 1900 est,
818 1864 893 1902 quasi
909 1875 997 1893 mense
1011 1865 1140 1894 Januario
1155 1875 1224 1893 anno
1235 1865 1294 1892 405
1307 1887 1314 1900 ,
1330 1874 1376 1903 per
1391 1863 1553 1892 occasionem
1570 1870 1663 1891 statute
1678 1870 1809 1901 argentea:

248 1907 428 1946 Imperatricis
438 1908 550 1946 χλανίδα
562 1908 731 1946 ἐνδεδυμένης
742 1920 821 1949 supra
833 1911 1051 1951 porphyreticam
1065 1912 1218 1940 columnam
1229 1912 1333 1951 positae.
1347 1911 1432 1950 Cujus
1444 1910 1481 1939 rei
1491 1911 1670 1939 meminerunt
1680 1910 1731 1938 hoc
1741 1921 1810 1939 anno

249 1954 404 1983 Theodosio
416 1961 442 1983 et
454 1955 603 1984 Rumorido
618 1956 694 1984 Coss.
705 1979 712 1993 ‚
728 1965 823 1995 praeter
841 1959 978 1987 Socratem
993 1959 1040 1987 lib.
1056 1961 1086 1994 6,
1102 1971 1123 1989 c.
1140 1960 1189 1996 13,
1207 1961 1320 1998 Prosper
1334 1958 1519 1996 Aquitanicus,
1533 1965 1558 1986 et
1570 1957 1744 1986 Marcellinus
1755 1958 1810 1986 Co-

248 2010 304 2028 mes
322 2000 348 2028 in
364 2000 514 2029 Chronicis.
533 2000 574 2028 Ad
589 2001 657 2030 hane
673 2009 799 2040 statuam,
815 2004 880 2043 ipsis
894 2005 1003 2033 fortasse
1016 2005 1146 2034 Kalendis
1157 2005 1290 2040 Januarii,
1306 2004 1352 2042 qui
1367 2004 1424 2032 dies
1437 2010 1476 2032 est
1487 2003 1603 2032 solennis
1615 2003 1680 2034 anni
1692 2003 1810 2031 Romani

248 2046 412 2087 incipientis,
422 2047 573 2076 dedicatam
584 2059 646 2077 cum
657 2049 786 2085 δημώὸεις
799 2051 893 2080 fierent
908 2051 965 2080 ludi
982 2060 1004 2080 et
1021 2052 1139 2087 eboreae;
1151 2053 1234 2081 iratus
1245 2053 1359 2082 Joannes
1371 2051 1490 2090 linguam
1501 2056 1592 2078 eontra
1604 2060 1659 2086 cos,
1675 2050 1721 2087 qui
1737 2049 1810 2078 ludis

249 2093 293 2121 his
309 2094 477 2130 interessent,
498 2095 579 2123 acuit.
596 2096 655 2131 Qua
671 2097 807 2125 occasione
826 2098 886 2126 freti
902 2099 1013 2128 Joannis
1028 2099 1142 2134 inimici,
1159 2099 1205 2137 qui
1218 2098 1308 2127 adbuc
1321 2098 1348 2126 in
1365 2097 1441 2132 urbe,
1456 2103 1552 2136 praetcr
1566 2095 1722 2135 AEgyptios‚
1738 2095 1807 2124 ade-

250 2146 320 2176 rant,
335 2139 478 2177 instigante
491 2141 621 2178 Augusta,
636 2141 799 2171 clandestina
812 2143 960 2172 moliuntur
972 2152 1064 2173 contra
1076 2145 1164 2184 ipsum
1176 2144 1300 2180 consilia;
1315 2154 1395 2181 reque
1406 2142 1557 2181 Theophila
1568 2141 1671 2170 absenti
1685 2152 1732 2181 per
1742 2152 1810 2170 nun-

251 2185 302 2213 tios
314 2191 339 2212 et
354 2184 445 2214 literas
464 2187 671 2220 communicata,
686 2188 844 2227 incipiente,
862 2197 981 2230 utputo,
1000 2192 1087 2230 Aprili
1105 2191 1249 2220 concilium
1270 2190 1416 2219 secundum
1434 2196 1525 2217 eontra
1539 2190 1668 2218 „loannem
1689 2195 1786 2226 cogunt
1804 2200 1810 2215 τ

251 2231 324 2270 quod
339 2232 421 2260 variis
435 2232 468 2260 de
483 2233 571 2260 causis
594 2244 676 2271 usque
694 2235 727 2263 ad
745 2237 872 2265 Natalitia
891 2239 1014 2277 proxime
1031 2238 1164 2276 sequentia
1184 2245 1344 2274 extractum,
1366 2244 1392 2265 et
1412 2236 1508 2265 deinde
1522 2236 1556 2264 ad
1569 2236 1811 2274 Quadragesimam

251 2289 320 2307 anno
339 2280 414 2313 404,
429 2286 454 2307 et
471 2279 505 2307 ad
523 2280 624 2308 Pascha
642 2289 701 2320 post
723 2283 842 2321 quinque
862 2285 918 2313 dies
941 2296 955 2313 a
974 2285 1106 2323 completa
1126 2285 1277 2313 Pentecoste
1297 2283 1394 2313 Joanni
1412 2290 1503 2312 nostro
1527 2293 1605 2311 causa
1630 2283 1743 2312 secundi
1761 2295 1812 2313 ex—

251 2325 304 2353 silii
329 2326 390 2359 fuit,
406 2336 474 2353 anno
498 2325 617 2364 integre,
641 2335 741 2366 septem
767 2331 902 2359 mensibus
924 2338 949 2359 et
974 2339 1072 2370 septem
1093 2331 1187 2360 diebus
1208 2338 1267 2370 post
1286 2330 1403 2359 reditum
1425 2330 1459 2358 ab
1484 2330 1579 2358 exsilio
1603 2331 1700 2368 priore.
1725 2333 1813 2370 Atque

251 2372 307 2400 brec
322 2382 379 2399 mea
397 2379 434 2399 est
455 2371 488 2399 de
507 2378 624 2411 ternpore
639 2373 736 2412 prioris
754 2376 842 2403 exsilii
857 2378 994 2406 sententia.
1012 2379 1101 2416 Neque
1117 2378 1203 2406 obstat
1222 2376 1295 2415 quod
1313 2376 1499 2405 Tlieodoretus
1515 2376 1564 2404 lib.
1586 2376 1618 2411 5,
1638 2387 1661 2405 c.
1679 2377 1735 2413 54,
1755 2378 1809 2412 ait,

255 2417 349 2456 ὀλίγων
365 2417 518 2446 διελθόντων
541 2421 629 2456 μηνῶν
643 2420 755 2459 (nempe
773 2432 787 2449 a
803 2423 916 2458 reditu),
934 2425 1157 2464 συνηθροίσθησαν
1173 2420 1245 2457 αὖθις
1263 2424 1308 2453 καὶ
1323 2423 1396 2456 δίκας
1416 2423 1586 2462 εἰσέπραττον
1610 2425 1658 2457 τῆς
1683 2423 1750 2461 μετὰ
1763 2424 1812 2459 ἰ-ὴν

252 2464 405 2502 καθαίρεσιν
418 2465 589 2504 λειτουργίας.
601 2466 669 2493 Nam
683 2473 742 2504 post
763 2468 880 2507 quinque
903 2481 1003 2499 menses
1023 2479 1048 2500 et
1063 2472 1142 2511 paulo
1157 2471 1256 2508 minus,
1271 2477 1411 2509 coegerunt
1436 2470 1592 2505 concilium3
1610 2469 1682 2507 quod
1702 2469 1812 2500 duravit

253 2517 343 2549 postea
354 2520 455 2538 menses
464 2515 475 2538 1
484 2512 512 2539 4.
524 2511 614 2548 Neque
627 2512 724 2540 mirum
736 2523 774 2548 ea,
784 2524 842 2551 quie
857 2516 1016 2553 sesquianuo
1033 2524 1104 2556 gesta
1119 2524 1191 2554 sunt,
1203 2516 1289 2545 tribus
1303 2526 1368 2555 pene
1382 2515 1471 2544 vei-bis
1480 2526 1493 2543 a
1509 2515 1681 2544 Theodoreto
1693 2515 1808 2551 narrari,

247 2557 293 2595 qui
308 2557 420 2586 strictim
435 2564 459 2585 et
474 2557 568 2586 timide
580 2564 665 2586 totum
678 2558 727 2588 hoc
740 2561 848 2599 attingit
861 2564 1005 2600 negotium,
1020 2563 1051 2591 iis
1066 2572 1201 2603 permotus
1215 2563 1376 2600 rationibus,
1389 2574 1447 2601 quae
1460 2563 1485 2590 in
1498 2562 1631 2602 principio
1646 2561 1711 2590 dicti
1727 2562 1805 2600 eapi-

250 2605 282 2633 tis
294 2606 332 2633 54
343 2604 502 2632 asseruntur.
518 2606 672 2641 Anonymus
687 2615 701 2633 a
718 2606 804 2635 reditu
820 2607 852 2635 ad
867 2609 965 2637 Pascha
981 2617 1040 2637 aute
1052 2611 1199 2639 secundum
1212 2610 1336 2639 exsilium
1354 2610 1530 2638 intercessisse
1538 2608 1629 2637 scribit
1643 2608 1700 2636 ὅλον
1717 2609 1803 2637 ἐνιαυ-
