1884 2922
667 217 770 239 INDEX
799 216 1062 239 ALPHABETICUS.
1570 201 1629 235 ,⁵161

128 280 280 320 Μυστήριον
294 280 362 313 ξένον
377 279 421 309 καὶ
435 278 580 318 παράδοξον
597 278 696 316 βλέπω,
708 278 735 306 in
750 278 829 307 Nati-

89 325 199 353 vitatem
217 326 375 359 Salvatoris,
390 333 411 354 t.
424 327 451 355 6.
462 336 490 365 p.
505 327 573 355 392.

127 372 243 407 Μωϋσῆς
266 372 312 409 μὲν
336 373 481 411 ἀρχόμενος
502 373 548 405 τῆς
568 370 693 410 ἱσττιρίας,
709 371 734 399 in
753 372 829 400 Joan.

87 415 168 445 Hom.
185 418 212 446 5.
225 424 244 446 t.
255 417 284 446 8.
296 429 324 456 p.
340 417 387 447 34.

127 463 244 496 Μωϋσῆς
259 463 305 500 μὲν
317 463 395 492 πέντε
411 462 500 501 βιὸλία
516 464 678 502 συγγράψας,
690 464 717 491 In
732 462 785 502 Ep.
795 462 831 491 ad

88 508 202 538 Roman.
217 510 296 538 Hom.
315 514 342 540 1.
357 518 375 538 t.
390 513 418 541 9.
432 522 459 549 p.
474 510 541 540 429.

129 555 245 589 Μωῦσῆς
258 558 271 584 ὁ
288 556 380 594 μέγας,
396 558 409 584 ὃ
420 559 465 584 τοῦ
480 557 549 585 Θεοῦ
572 556 705 594 Θεράπων,
717 556 743 584 in
758 556 832 584 Con-

89 599 237 638 ceplionem
259 602 338 630 Joan.
354 602 497 640 Baptistae,
513 604 625 640 spuria,
640 608 659 629 t.
677 604 704 631 2.
721 612 748 640 p.
765 604 831 632 793.

130 647 249 686 stlosses
270 658 393 686 magnus
415 649 470 676 Dei
484 648 635 687 famulus,
652 647 685 675 de
700 649 833 686 Regressa

90 691 121 721 S.
136 693 246 722 Joanuis
259 693 359 732 Chrys.
374 701 394 721 t.
409 696 436 724 3.
449 705 476 733 p.
494 694 561 723 411.

129 739 221 766 Multi
232 739 346 777 quidem
353 739 468 778 fluctus
481 746 543 774 etc„
557 750 617 767 cum
632 739 666 768 de
678 738 834 778 expulsione

91 783 279 823 Chi-ysostomi
292 792 426 823 ageretur,
442 792 461 814 t.
474 787 502 815 3.
521 796 547 824 p.
565 785 631 816 419.

454 892 479 919 N

134 969 236 1004 Νήπιον
257 971 366 998 ἐνταῦθα
381 970 409 998 οὔ
426 969 473 1003 τὴν
489 968 594 1004 ἡλικίαν
610 968 701 1007 φησὶν,
718 968 795 1004 ἀλλά,
809 968 835 996 in

95 1014 148 1054 Ep.
161 1015 195 1043 ad
207 1015 328 1051 Galatas,
341 1025 398 1053 cap.
409 1014 436 1043 4.
449 1021 470 1042 t.
487 1018 533 1044 10.
546 1025 573 1053 p.
584 1014 652 1044 704.

135 1062 207 1100 Νικᾷ
226 1061 270 1089 καὶ
285 1063 301 1096 ἡ
324 1061 381 1100 ὄψις
404 1063 451 1096 τῆς
473 1063 564 1099 ἑορτῆς
588 1065 676 1090 πᾶσαν
698 1061 837 1100 ἐγκωμίων

94 1107 206 1142 πλοκήν,
218 1107 244 1134 in
259 1107 286 1136 S.
298 1106 410 1142 Pascha,
425 1107 524 1145 spuria
536 1113 562 1134 εί
578 1110 695 1135 omissa.

134 1153 243 1191 Νομίζω
253 1153 357 1191 μεγάλα
372 1153 441 1181 τινά.
462 1153 572 1191 Legitur
585 1153 666 1180 etiam
678 1153 786 1191 Νομίζω
805 1165 837 1190 με

94 1199 244 1238 γαλατηνά.
264 1199 366 1228 Eadem
384 1206 424 1228 est
442 1209 502 1237 quae
524 1199 767 1238 ει]Ρι·3,Ἐνόμιζον
788 1211 839 1237 με-

78 1263 81 1265 τ
95 1246 165 1284 γάλα
179 1245 248 1281 τινά,
259 1249 366 1283 spuria.

134 1291 157 1328 -Ξ-
173 1292 228 1320 Νῦν
244 1291 335 1330 Δάφνη
356 1290 454 1330 τερπνὴ
470 1290 514 1318 καὶ
530 1290 660 1330 Θεοφιλὴς,
676 1292 714 1327 οὐ,
728 1291 754 1319 in
768 1292 839 1320 Pro—

96 1337 227 1365 ditionem
243 1336 331 1371 Judae,
347 1343 367 1365 t.
385 1338 414 1365 2.
428 1347 455 1374 p.
471 1339 537 1366 721.

136 1384 190 1411 Νῦν
205 1385 253 1418 τῆς
267 1382 400 1421 βασιλίδος
416 1383 551 1420 βασιλική,
563 1382 590 1411 in
604 1383 840 1412 Annuntiationem

97 1429 231 1468 Deiparae.
246 1428 294 1456 Est
308 1429 419 1458 Joannis
429 1429 597 1466 Dmasceni,
609 1436 634 1458 et
645 1430 742 1460 Joanni
752 1429 840 1470 Chry-

97 1482 212 1503 sostomo
226 1474 364 1503 tribuitur.

137 1522 191 1550 Νῦν
210 1520 241 1548 τὸ
266 1521 357 1553 πένθος
385 1522 436 1549 τῶν
461 1523 560 1561 νεκρῶν
580 1522 788 1561 πεφυγάδευται,
813 1521 840 1550 in

96 1567 125 1596 S.
142 1566 255 1604 Pascha,
268 1567 368 1605 spuria
383 1573 410 1595 et
426 1569 544 1598 omissa,

457 1674 482 1701 Ο

139 1751 173 1779 Ὁ
195 1751 246 1790 γὰρ
273 1751 544 1791 βασιλεὺς-(Ἡρώδης,
563 1752 589 1781 in
612 1753 697 1789 illud,
714 1753 843 1781 Audiuit

99 1797 232 1825 Herodes
253 1799 411 1826 tetrarcha.
425 1798 543 1827 Videtur
560 1806 717 1839 excerptum
733 1810 768 1828 ex
782 1799 843 1828 Ho-

99 1842 182 1870 mitiis
190 1842 217 1870 in
228 1842 401 1871 Matthaeum.

140 1887 254 1926 Ὀγδόην
274 1888 352 1927 φησὶν
365 1891 381 1924 ἡ
397 1889 490 1928 Γραφὴ
506 1891 620 1928 ἑὸδόμην
636 1894 680 1920 τοῦ
696 1891 841 1930 παρόντος,

102 1934 148 1961 De
163 1935 292 1968 Octava,
311 1934 339 1962 in
362 1934 460 1962 Psalm.
475 1937 504 1970 6,
519 1940 629 1975 spuria,
646 1943 666 1967 t.
682 1939 709 1966 5.
727 1948 752 1975 p.
774 1939 841 1967 551.

100 1980 145 2008 Ex
168 1979 265 2007 Codice
285 1979 460 2009 Bibliothecae
481 1982 546 2019 Reg.
563 1982 737 2011 Scorialensis
761 1982 846 2010 edidit

102 2026 220 2065 primum
243 2025 356 2054 Coti-ier.
374 2026 438 2055 Esse
456 2028 590 2056 Anastasii
615 2028 725 2057 Sinaitae
749 2029 846 2068 probat

102 2073 141 2103 D.
154 2073 317 2102 Salmonius.

141 2119 176 2148 ‘O
190 2119 216 2149 δὲ
229 2122 332 2152 Λουκᾶς
343 2132 435 2159 φησιν,
448 2123 473 2150 ἐν
488 2121 615 2162 ‹aggius›
630 2123 844 2162 δευτεροπρώτῳ,

104 2166 131 2194 in
146 2166 244 2194 Matth.
259 2165 339 2194 Hom.
352 2166 400 2196 40.
419 2174 440 2195 t.
457 2169 485 2196 7.
503 2179 531 2207 p.
547 2168 612 2198 431.

146 2212 179 2240 Ὁ
193 2211 219 2239 δὲ
233 2212 341 2250 Μάρκος
355 2213 414 2249 καὶ,
430 2214 534 2247 εὐθέως,
551 2214 624 2253 φησὶ,
642 2214 808 2252 βουλόμενος,
821 2214 848 2243 in

105 2257 206 2287 Matth.
221 2257 298 2285 Hom.
313 2259 359 2287 28.
374 2266 392 2286 t.
404 2261 432 2288 7.
449 2271 475 2298 p.
495 2262 564 2290 326.

142 2303 177 2332 ‘O
199 2303 226 2332 δὲ
247 2303 356 2341 Μάρκος
376 2305 470 2343 φησὶν,
489 2307 529 2334 ὅτι
553 2306 640 2338 καθὼς
660 2306 806 2342 ἠδύναντο,
822 2304 849 2333 in

108 2349 206 2379 Matth.
222 2350 299 2377 Hom.
311 2349 358 2377 48.
370 2356 388 2377 t.
401 2352 427 2378 7.
442 2361 469 2389 p.
487 2351 554 2380 487.

148 2396 182 2424 ‘O
199 2394 225 2424 δὲ
241 2394 350 2434 Μάρκος
365 2396 454 2434 φησιν,
468 2396 507 2425 ὅτι
522 2398 568 2426 οὐκ
581 2398 697 2433 ἠδυνήθη
712 2399 812 2434 λαθεῖν,
824 2398 850 2426 in

110 2440 209 2471 Matth.
224 2440 304 2468 Hom.
323 2442 370 2470 53.
384 2447 403 2469 t.
421 2443 449 2470 7.
465 2453 492 2481 p.
505 2445 573 2473 529.

151 2488 184 2517 ‘O
214 2486 340 2521 δεσπότης
368 2499 417 2525 μου
443 2489 588 2528 Σώπατρος
603 2491 616 2517 ὃ
634 2491 681 2524 τῆς
701 2489 852 2528 Ἀρμενίας,

113 2533 227 2574 Cyriaco
238 2555 245 2569 ‚
262 2543 303 2571 ep.
319 2533 366 2562 64.
381 2540 399 2561 t.
419 2536 447 2563 3.
462 2545 490 2573 p.
506 2536 572 2565 628.

154 2578 296 2617 Ὀδυνηρὸς
310 2580 323 2606 ὁ
335 2578 419 2617 λόγος,
433 2580 524 2609 καθότι
540 2581 585 2609 καὶ
600 2581 719 2620 ἔσχατος,
729 2582 762 2611 de
774 2583 854 2612 Pseu-

117 2625 303 2666 doproplieti5‚
317 2631 336 2653 t.
348 2627 365 2654 8
381 2627 411 2654 in
425 2625 543 2665 Spar-iis,
560 2638 585 2666 p.
599 2629 646 2656 72.

928 277 962 307 ‘O
988 278 1056 317 ἔχων
1079 277 1245 316 προσευχὴν,
1268 276 1390 310 νηστείαν
1413 276 1456 303 καὶ
1480 277 1585 313 ἐλεημ.,
1599 275 1633 303 de

887 324 1006 362 chunio,
1017 326 1126 361 spuria,
1142 330 1160 352 t.
1175 327 1220 352 11.
1237 334 1265 362 p.
1285 325 1351 351 831.

932 371 966 399 ‘O
995 370 1061 403 Θεὸς
1081 393 1088 403 ,

887 428 935 450 της
951 417 1023 454 βουλ.
1039 438 1046 451 ,
1066 415 1187 444 doctrina
1211 415 1246 443 ad
1265 414 1451 444 Paenitentiam
1463 437 1470 451 ‚
1482 417 1582 452 spuria,
1604 421 1631 442 et

888 465 1006 490 omissa.

1115 372 1127 398 ὁ
1159 370 1226 399 (θεός
1255 382 1325 407 μου,
1354 371 1367 398 ὁ
1390 369 1495 397 πάντων
1526 369 1631 397 Δεσπό-

927 508 961 537 ‘O
975 507 1042 540 Θεὸς
1056 507 1129 546 παρὰ
1143 507 1191 542 τὴν
1212 507 1296 546 ἀρχὴν
1314 506 1427 541 ποιήσας
1447 507 1489 535 τὸν
1507 507 1591 544 ἄνθρ.,
1604 505 1631 533 iu

888 555 964 583 Joan.
978 553 1056 581 Hom.
1077 554 1123 582 19.
1142 560 1160 581 t.
1177 556 1202 582 8.
1217 564 1243 592 p.
1264 557 1330 583 110.

927 599 961 628 ‘O
974 600 1041 631 Θεός
1056 611 1096 628 σοι
1112 600 1155 628 τὸν
1170 599 1261 636 μισθὸν
1279 599 1333 638 δῴη
1350 599 1394 627 καὶ
1411 599 1533 632 ἐνταῦθα,
1547 598 1631 626 Chul-

889 644 975 678 cidiae,
987 656 1029 684 cp.
1046 647 1110 674 105.
1128 652 1146 672 t.
1159 647 1187 674 3.
1202 656 1230 683 p.
1246 646 1313 674 650.

930 689 963 719 ‘O
979 690 1047 721 (θεός
1063 701 1103 718 σοι
1121 690 1163 718 τὸν
1176 690 1268 727 μισθὸν
1289 690 1342 729 δῴη
1363 690 1408 718 καὶ
1423 692 1448 718 ἐν
1460 692 1496 729 τῷ
1509 691 1631 729 παρόντι,

890 735 1003 775 Alphio,
1017 747 1058 775 ep.
1074 738 1112 765 35
1134 742 1155 764 t.
1169 738 1196 765 3.
1213 747 1240 774 p.
1255 737 1324 765 613.

931 783 966 810 Oi
991 782 1168 820 ἀνθηρόταται
1197 781 1326 819 λειμῶνες
1350 782 1438 810 ἄνθεσι
1460 794 1587 821 χρυσοκ.,
1607 783 1634 811 in

890 828 1097 863 prum-sorem,
1112 834 1130 855 t.
1148 830 1164 857 8
1177 830 1207 855 in
1221 828 1341 866 Spuriis‚
1352 839 1378 867 p.
1391 830 1417 858 5.

931 875 966 902 Οἱ
985 878 1109 911 γυναῖκας
1121 874 1229 912 ἄγεσθαι
1252 874 1401 912 μέλλοντες,
1421 875 1455 903 de
1474 875 1636 904 Muneribus

893 927 916 948 et
928 920 1144 954 pulchritudine,
1161 920 1263 959 Ecloga
1277 920 1322 949 14.
1333 927 1351 948 t.
1372 923 1414 949 12.
1432 931 1457 960 p.
1471 923 1538 950 522.

932 962 1001 995 Οἶδα
1016 967 1060 995 καὶ
1076 967 1161 1001 αὐτὸς,
1174 966 1256 1005 Κύριέ
1270 979 1318 1004 μου
1343 967 1487 1004 τιμιώτατε
1509 968 1553 996 καὶ
1574 969 1636 1002 εὐλ-,

891 1014 1015 1042 Romano
1032 1013 1206 1052 presbytero,
1220 1023 1265 1052 ep.
1283 1015 1328 1043 23.
1341 1019 1359 1042 t.
1375 1015 1404 1044 3.
1419 1025 1446 1053 p.
1460 1015 1529 1044 608.

931 1055 1000 1088 Οἶδα
1017 1059 1061 1087 καὶ
1085 1058 1162 1091 αὐτὸς
1189 1058 1229 1087 ὅτι
1252 1060 1299 1087 οὐκ
1324 1059 1354 1087 ἂν
1375 1061 1439 1097 ἡμῖν
1464 1060 1506 1089 διὰ
1519 1073 1637 1100 γραμμ.,

892 1105 1037 1134 Theodoro
1053 1104 1178 1137 diacono,
1194 1116 1236 1144 ep.
1252 1105 1298 1133 44.
1316 1112 1333 1133 t.
1351 1108 1378 1135 3.
1392 1116 1418 1144 p.
1431 1107 1498 1135 617.

934 1147 1003 1181 Οἶδα
1021 1151 1067 1189 μὲν
1080 1151 1119 1179 ὅτι
1132 1151 1204 1180 οὐδὲν
1219 1154 1280 1190 ὑμῖν
1296 1153 1333 1180 δεῖ
1347 1152 1523 1192 γραμμάτων,
1534 1153 1635 1187 Asello,

893 1209 934 1237 ep.
950 1199 1016 1227 151.
1033 1204 1049 1226 t.
1065 1200 1091 1228 3.
1107 1208 1136 1236 p.
1150 1199 1217 1227 688.

934 1240 1003 1274 Οἶδα
1019 1244 1065 1282 μὲν
1086 1244 1127 1273 ὅτι
1147 1244 1251 1276 συνετὸς
1266 1243 1301 1272 ὢν
1314 1244 1358 1272 καὶ
1375 1245 1532 1283 φιλοσοφεῖν,
1542 1245 1639 1273 Studio

893 1291 1017 1330 praefccto
1033 1290 1118 1325 urbis,
1134 1301 1177 1329 ep.
1197 1292 1263 1319 197.
1276 1297 1294 1318 t.
1310 1292 1339 1320 3.
1353 1301 1382 1329 p.
1398 1293 1464 1320 710.

934 1334 1003 1367 Οἶδα
1019 1338 1066 1375 μὲν
1078 1337 1119 1366 ὅτι
1129 1341 1182 1370 τοῖς
1194 1337 1353 1376 παχυτέροις
1366 1338 1410 1366 καὶ
1426 1338 1490 1377 πρὸς
1504 1339 1547 1375 τά,
1557 1339 1639 1374 Quod

894 1396 973 1414 nemo
986 1384 1093 1413 laeditur
1110 1384 1160 1412 nisi
1173 1395 1186 1412 a
1203 1384 1297 1422 seipso,
1311 1391 1330 1411 t.
1346 1386 1373 1413 3.
1386 1395 1414 1423 p.
1434 1385 1500 1413 444.

934 1427 1003 1460 Οἶδα
1019 1430 1060 1459 ὅτι
1079 1432 1104 1459 ἐν
1120 1431 1204 1468 πολλῇ
1221 1429 1308 1468 θλίψει
1323 1430 1498 1465 καθέστηκας,
1510 1431 1641 1469 Asyncri-

895 1476 948 1510 tiae,
962 1487 1005 1516 ep.
1020 1477 1069 1506 40.
1087 1483 1106 1504 t.
1121 1478 1148 1506 3.
1162 1487 1190 1515 p.
1208 1477 1275 1505 615.

934 1518 1002 1552 Οἶδα
1013 1523 1053 1551 ὅτι
1065 1522 1203 1551 κατέτεινα
1215 1523 1288 1559 ὑμῶν
1304 1521 1347 1550 τὸν
1358 1522 1495 1560 λογισμόν,
1508 1522 1534 1550 in
1547 1523 1642 1552 Gene-

895 1569 946 1597 sim
960 1569 1039 1597 Hom.
1054 1571 1099 1598 ll.
1114 1575 1133 1596 t.
1145 1568 1171 1596 4.
1183 1578 1211 1606 p.
1227 1570 1274 1597 82.

937 1611 1006 1644 Οἶδα
1019 1615 1058 1643 ὅτι
1070 1614 1221 1652 κεκμήκατε
1235 1614 1306 1653 χθές,
1319 1614 1346 1643 in
1358 1615 1485 1644 Genesim
1498 1615 1578 1643 Hom.
1591 1617 1639 1645 58.

896 1669 917 1690 t.
938 1662 966 1691 4.
983 1673 1008 1701 p.
1025 1664 1093 1691 561.

937 1705 1006 1738 Οἶδα
1026 1708 1066 1736 ὅτι
1089 1707 1207 1747 ὀλιγάκις
1223 1707 1374 1736 ἐπέσταλκα
1387 1710 1419 1746 τῇ
1434 1720 1502 1746 τιμ.,
1515 1707 1626 1747 Elpidio
1637 1729 1644 1742 ‚

897 1766 938 1794 ep.
954 1757 1017 1785 138.
1031 1761 1049 1782 t.
1065 1756 1092 1784 3.
1107 1765 1134 1793 p.
1150 1755 1219 1783 681.

938 1797 1007 1829 Οἶδα
1022 1801 1062 1829 ὅτι
1078 1801 1183 1832 πολλοῖς
1207 1800 1303 1839 ἄπορον
1324 1800 1354 1828 τὸ
1371 1799 1524 1838 εἰρημένον,
1545 1799 1571 1827 in
1591 1799 1642 1838 Ep.

898 1846 932 1874 ad
945 1847 1056 1875 Roman.
1070 1845 1151 1873 Hom.
1169 1847 1217 1874 25.
1233 1852 1253 1872 t.
1267 1847 1293 1874 9.
1308 1856 1334 1883 p.
1347 1847 1414 1873 701.

937 1888 1006 1921 Οἶδα
1021 1891 1060 1920 ὅτι
1076 1890 1175 1930 σφόδρα
1190 1893 1257 1927 ὑμᾶς
1272 1889 1405 1929 διετάραξε
1418 1891 1481 1926 τῶν,
1495 1888 1643 1917 Chalcidiae

898 1944 923 1965 et
940 1936 1109 1976 Asyncritiae,
1125 1946 1166 1974 ep.
1182 1937 1228 1965 60.
1244 1942 1262 1962 t.
1280 1937 1308 1965 3.
1328 1945 1356 1973 p.
1371 1936 1439 1964 626.

939 1979 1008 2011 Οἶδα
1030 1980 1140 2013 πολλοὺς
1155 1980 1382 2019 ἀπεχθανομένους
1396 1981 1422 2008 ἐν
1437 1982 1482 2019 τῇ,
1496 1979 1524 2008 in
1539 1979 1592 2018 Ep.
1608 1979 1642 2007 ad

901 2029 1001 2057 coloss.
1015 2027 1094 2055 Hom.
1109 2031 1137 2056 8.
1152 2033 1172 2056 t.
1189 2030 1235 2055 11.
1248 2038 1274 2065 p.
1287 2028 1354 2056 379.

941 2070 1009 2102 Οἶδα
1025 2072 1116 2112 πρῴην
1141 2072 1201 2110 περὶ
1228 2071 1388 2111 εἱμαρμένης
1411 2071 1491 2100 εἰπών
1508 2094 1515 2108 ,
1529 2071 1563 2100 de
1577 2072 1643 2100 Fato

901 2121 981 2151 Hom.
1001 2123 1028 2150 3.
1045 2127 1063 2148 t.
1080 2122 1106 2148 2.
1122 2130 1150 2158 p.
1165 2121 1231 2148 760.

941 2164 1023 2199 (ὶῖδας
1037 2166 1082 2195 καὶ
1098 2166 1186 2200 αὐτὸς,
1201 2164 1238 2194 KG
1245 2164 1282 2204 ριέ
1298 2177 1346 2202 μου
1362 2165 1467 2202 τιμιώτ.
1477 2188 1485 2201 ,
1499 2164 1558 2194 ὅσον
1570 2167 1645 2203 ἡμῖν,

902 2213 1020 2253 Hypatio
1032 2212 1133 2251 presb..
1148 2222 1188 2250 cp.
1202 2213 1249 2240 97.
1262 2218 1281 2239 t.
1299 2213 1325 2241 3.
1338 2222 1366 2250 p.
1383 2211 1450 2240 646.

943 2256 1012 2289 Οἶδά
1027 2271 1072 2287 σου
1087 2258 1134 2292 τὴν
1152 2257 1266 2295 ἀγάπην,
1277 2252 1334 2286 οἶδά
1348 2269 1394 2286 σου
1408 2258 1437 2286 τὸ
1452 2257 1568 2296 φίλτρον,
1580 2257 1646 2284 Ara-

903 2307 960 2340 bio,
973 2317 1015 2345 cp.
1032 2305 1079 2334 48.
1098 2311 1115 2332 t.
1132 2306 1160 2334 3.
1178 2315 1204 2342 p.
1220 2305 1287 2332 619.

944 2348 1013 2381 Οἶδά
1030 2362 1074 2379 σου
1092 2350 1139 2385 τὴν
1155 2349 1271 2388 ἀγάπην,
1287 2348 1334 2384 τὴν
1349 2349 1459 2388 γνησίαν
1475 2349 1520 2378 καὶ
1538 2350 1648 2390 Θερμήν,

905 2401 1036 2437 Agapew,
1046 2406 1087 2435 ep.
1102 2397 1148 2425 20.
1163 2402 1180 2424 t.
1193 2397 1220 2425 3.
1239 2405 1266 2434 p.
1279 2396 1346 2425 606.

945 2440 1014 2473 Οἶδά
1035 2455 1080 2471 σου
1095 2442 1141 2477 τὴν
1160 2441 1295 2481 φιλότιμον
1311 2441 1398 2480 ψυχὴν
1414 2442 1458 2470 καὶ
1473 2442 1570 2481 ἔρωτα,
1587 2443 1648 2472 Va-

906 2492 1016 2524 lentino,
1028 2500 1071 2528 ep.
1088 2491 1156 2517 217.
1169 2495 1187 2516 t.
1202 2490 1229 2518 3.
1241 2499 1269 2527 p.
1283 2489 1349 2516 719.

948 2532 1017 2565 Οἶδά
1036 2547 1080 2564 σου
1097 2536 1143 2569 τῆς
1165 2533 1269 2572 ἀγάπης
1285 2534 1314 2563 τὸ
1329 2533 1446 2574 στεῤῥὸν,
1463 2533 1556 2572 ὀλίγα,
1571 2533 1647 2562 Rufi-

909 2594 953 2618 no,
969 2593 1011 2621 ep.
1027 2583 1092 2611 109.
1106 2587 1127 2610 t.
1141 2583 1170 2611 3.
1186 2591 1213 2619 p.
1230 2582 1296 2610 653.

953 2623 1022 2658 Οἶδά
1037 2638 1082 2656 σου
1097 2628 1142 2661 τῆς
1159 2625 1263 2664 ἀγάπης
1278 2625 1308 2653 τὸ
1322 2625 1428 2665 στερρὸν
1441 2625 1484 2653 καὶ
1500 2625 1654 2665 ἆπερίστρε-

1445 2666 1493 2692 95.
