1884 2922
229 170 300 205 386

229 246 294 273 <lum
310 255 370 273 cum
385 246 449 273 Deo.
467 251 524 273 VII.
540 249 604 274 577.
618 254 643 273 c.
658 243 873 281 Tranquillitatis
888 252 972 272 mater

233 295 281 317 est.
292 290 336 317 lb.
350 300 379 317 n.
393 293 455 317 578.
463 289 559 316 Idonea
569 287 758 326 pliilosopliiae.
770 294 839 316 VIII.
849 291 914 315 286.
926 298 954 315 D.

270 332 396 361 solitudo
413 332 539 370 optabilis
552 342 603 359 non
616 331 667 359 loci
681 337 798 367 tantum,
815 331 859 359 sed
876 338 901 359 et
912 341 972 369 pro-

230 375 321 416 positi.
338 383 359 406 I.
379 381 439 404 1713.
462 387 488 403 A.
507 375 632 404 Solitudo
651 385 703 403 non
720 385 796 403 mons
807 381 910 403 tantum
923 382 971 411 est,

229 420 275 449 sed
302 420 380 448 ctiam
413 418 572 447 cubiculum
603 429 618 447 a
645 419 761 447 clamore
789 419 916 447 immune.
948 426 968 447 I.

229 468 294 492 650.
313 474 337 491 13.

268 507 520 535 Somnerrnnnvnm
535 505 678 545 discipulis
690 506 745 534 suis
756 513 826 534 vetat
839 506 972 536 Christus.

231 557 287 578 VII.
313 554 376 578 307.
396 561 424 578 n.
441 560 506 590 sqq.
525 550 685 579 Sollicitudo
700 550 782 578 nimia
798 561 876 588 quam
889 550 973 579 inuti-

230 594 272 621 lis.
286 595 330 621 ΙΙ).
346 598 411 623 315.
428 604 453 621 ε.
469 604 533 632 sqq.
550 595 609 623 Non
622 604 677 622 esse
690 594 848 627 sollicitum,
862 593 973 623 minime

229 637 363 675 significat
379 648 392 665 a
404 637 495 666 labore
505 648 617 673 cessare,
633 637 679 666 sed
692 637 774 677 hujus
787 637 880 665 mundi
892 637 972 666 rebus

228 692 291 709 cura
307 692 474 720 supervacua
489 692 542 710 non
558 681 668 710 liaercre.
687 689 758 710 VIII.
776 686 840 710 298.
863 692 888 710 c.
906 693 968 720 sqq.

268 726 387 754 Soroms
406 726 450 754 lex
460 749 467 762 ‚
481 736 514 754 ne
528 725 589 763 quis
604 735 696 754 servus
710 724 783 764 apud
799 725 972 754 Athenienses

228 769 270 797 vel
290 770 414 798 unctione
437 770 506 798 sicca
521 776 655 805 uteretur,
674 770 717 798 vel
738 779 835 808 pueros
850 777 969 807 ainaret;

228 823 283 840 rem
297 813 373 850 quasi
390 813 546 842 nobiliorem
563 813 654 841 liberis
670 823 816 841 reservans
837 820 882 841 IX.
903 818 967 842 497.

228 866 254 883 1).
272 867 297 885 Ε.
315 864 361 885 XI.
375 862 440 887 827.
456 871 481 886 A.

267 902 367 929 sotum
383 901 516 941 tapetibus
526 908 638 930 stratum
654 902 679 929 in
696 900 813 930 divitum
829 901 967 929 domibus.

230 952 259 972 V.
280 950 343 974 621.
365 957 393 974 D·

268 989 392 1017 somus
405 989 504 1018 similia
521 995 582 1017 sunt
601 995 694 1017 cuneta
712 989 781 1017 bona
801 988 882 1027 hujus
897 989 968 1017 vitae.

229 1039 286 1061 XII.
306 1037 368 1061 144.
385 1033 558 1061 Somniorum
571 1039 595 1060 et
610 1032 744 1061 visionum
756 1031 906 1061 distinctio.
920 1039 967 1060 IX.

229 1081 292 1104 293.
311 1087 337 1105 c.
353 1077 536 1104 Somniorum
553 1078 766 1104 observationes
780 1086 878 1105 vanoe.
898 1083 968 1105 VIII.

229 1124 294 1151 712.
310 1130 336 1148 Ε.
351 1121 422 1148 Vide
435 1120 541 1156 Otium,
564 1123 707 1148 AUGUiuA.

269 1164 386 1192 Somnus
409 1174 489 1201 quam
513 1164 677 1192 necessarius
702 1169 727 1191 et
746 1173 779 1191 ex
799 1169 897 1201 quanta
919 1164 969 1191 Dei

229 1206 397 1246 providentia
409 1207 572 1246 disponitur.
584 1214 605 1237 I.
622 1211 684 1235 588.
700 1218 727 1235 ε.
742 1206 818 1234 Nihil
830 1206 896 1235 adeo
908 1206 970 1235 dul—

229 1261 285 1279 cem
297 1257 323 1279 et
334 1250 438 1279 facilem
453 1261 576 1279 somnum
589 1250 651 1279 facit
661 1250 730 1279 sicut
746 1250 866 1278 laborare
880 1257 905 1279 et
917 1251 971 1279 las—

229 1294 291 1322 sari.
308 1302 339 1323 II.
353 1300 398 1323 38.
411 1295 502 1323 Servis
516 1306 597 1333 quam
611 1295 694 1331 heris,
711 1294 874 1334 pauperibus
889 1305 970 1333 quam

227 1338 360 1367 divitibus
372 1339 490 1368 suavior.
510 1347 543 1368 11.
559 1344 604 1368 37.
622 1351 647 1367 A.
661 1344 704 1368 38.
721 1346 766 1368 IV.
786 1343 850 1369 862.
865 1350 888 1368 Β.
906 1344 968 1368 863.

268 1383 385 1411 Somnus
403 1383 464 1411 cibo
478 1382 568 1412 alitur.
590 1391 634 1412 111.
649 1388 713 1412 649.
731 1394 756 1414 e.
774 1383 829 1419 Qui
844 1383 896 1411 cibi
909 1395 970 1412 am-

229 1432 307 1464 putat
321 1436 472 1461 excessum,
486 1427 563 1456 facile
579 1427 679 1466 pariter
691 1427 775 1455 somni
791 1427 971 1467 intemperan-

228 1471 292 1498 tiam
303 1477 420 1509 superat.
433 1472 478 1498 ΙΙ).
494 1472 517 1499 A
533 1481 628 1500 somno
646 1470 835 1499 abstinendum
848 1482 903 1500 esse
916 1471 969 1500 do·

229 1520 269 1542 cet
289 1514 432 1547 Christus;
448 1524 500 1542 non
513 1526 526 1543 a
542 1525 635 1544 somno
649 1515 783 1550 naturali,
805 1515 851 1544 sed
872 1516 971 1544 volun-

231 1558 300 1585 tatis.
317 1565 376 1586 vu.
393 1563 458 1587 541.
475 1569 501 1588 c.

268 1603 383 1629 Somnus
398 1601 486 1640 imago
502 1603 597 1632 mortis
615 1610 640 1631 et
659 1603 905 1632 consummationis.
921 1611 966 1633 IX.

229 1648 291 1672 231.
316 1655 341 1674 Α.
365 1646 481 1675 Somnus
505 1654 529 1675 et
549 1647 678 1675 dormitio
702 1654 813 1675 vocatur
833 1657 919 1682 mors,
938 1658 970 1676 ex

229 1698 283 1725 quo
305 1695 424 1728 tempore
446 1690 570 1719 Christus
594 1701 643 1729 pro
666 1690 760 1719 mundi
780 1690 836 1719 vita
859 1699 971 1719 mortem

230 1732 321 1761 subiit.
343 1741 377 1764 ΙΙ.
394 1738 459 1763 470.
478 1745 501 1762 Β.

268 1777 408 1813 Sora-ren,
434 1778 569 1807 Armeniae
596 1779 745 1817 praefectus,
769 1779 793 1807 ei
817 1779 921 1818 praefuit
943 1787 972 1808 ut

230 1826 314 1858 pater.
332 1827 377 1850 III.
395 1826 460 1850 756.
482 1832 506 1850 e.
523 1822 745 1861 Chrysostomum
761 1823 856 1852 officiis
875 1823 967 1852 coluit.

233 1864 275 1890 Il).

270 1906 415 1935 SorfflsTAE
428 1909 587 1946 evangelicae
602 1908 786 1947 praedicationi
801 1909 970 1939 obstiterunt.

232 1957 252 1977 I.
266 1954 331 1978 704.
347 1961 373 1978 Α.
387 1951 483 1980 Nostra
498 1951 633 1980 destruere
648 1952 781 1981 incassum
797 1953 883 1980 conati
899 1960 970 1981 sunt.

232 2000 264 2021 II.
283 1998 346 2022 644.
360 2005 384 2021 B.

272 2040 425 2067 sommowu
441 2037 548 2068 haeresis
563 2050 695 2078 quaenam.
711 2047 757 2069 XI.
774 2045 837 2069 270.
854 2051 883 2069 n.
899 2042 974 2071 Hanc

232 2091 293 2108 cum
313 2082 415 2110 caeteris
435 2081 550 2112 destruit
573 2084 694 2123 Epistola
718 2084 753 2112 ad
775 2084 971 2124 Philippenses.

235 2126 278 2152 lh

273 2169 381 2197 Soanas
403 2169 456 2197 oris
477 2180 598 2207 quzenam
622 2181 681 2199 vere
705 2171 767 2199 sint.
785 2179 844 2200 VII.
865 2177 927 2201 592.
947 2184 972 2201 c.

273 2213 362 2241 Souna
387 2213 465 2241 unica
489 2214 611 2243 Flaviani
631 2225 664 2243 ex
685 2216 845 2253 :egritudine
870 2217 896 2244 in
924 2227 973 2245 ex-

235 2263 318 2284 tremo
331 2264 385 2285 erat
399 2258 542 2287 constituta
554 2259 663 2298 spiritu,
679 2259 787 2297 quando
802 2260 824 2288 is
839 2259 873 2288 ad
888 2261 974 2300 Impe-

235 2307 349 2328 ratorem
362 2301 494 2339 profectus
506 2309 543 2331 est
557 2303 757 2342 deprecaturus.
778 2311 810 2333 11.
828 2309 874 2333 41.
889 2317 911 2333 13.

274 2344 343 2372 Sons
355 2344 495 2373 ministerii
507 2346 574 2384 quid
587 2347 729 2385 significet.
747 2355 792 2376 IX.
808 2353 852 2376 32.

273 2389 363 2417 Sortes
378 2395 402 2416 et
422 2390 614 2420 incantationes
631 2391 731 2419 usitatae
741 2391 813 2430 apud
828 2391 974 2420 Antioche-

235 2441 292 2459 uos.
310 2440 355 2460 XI.
373 2437 417 2461 51.
433 2444 459 2461 c.
475 2444 502 2461 D.

275 2476 451 2505 SonTnAEola
472 2477 546 2516 apud
571 2477 738 2507 Christianos
762 2486 877 2515 servata,
905 2489 973 2517 gen-

238 2526 303 2546 uum
320 2529 400 2548 inore.
419 2528 450 2549 X.
466 2526 530 2549 794.

275 2564 376 2592 Sra'rta
393 2567 520 2602 quinque
535 2568 678 2601 temporis,
697 2578 760 2604 quse
775 2568 915 2596 denotant
929 2574 969 2596 10-

880 182 981 205 INDEX
1010 182 1136 204 RERUM.

1027 250 1088 272 lum
1101 245 1202 272 mundi
1217 250 1325 282 tempus
1339 247 1368 272 in
1381 251 1479 283 partes
1488 250 1616 286 qumque
1629 249 1767 277 distribu-

1028 292 1100 315 tum.
1118 294 1189 317 VIII.
1207 292 1272 315 934.
1290 298 1317 316 Α.

1066 330 1174 359 Senem
1189 337 1291 359 tantum
1307 332 1388 360 fuisse
1404 332 1568 362 incarnatum
1591 335 1693 364 Filium
1716 339 1766 365 Dei

1025 373 1136 411 quidam
1153 374 1269 403 haeretici
1287 376 1478 414 opinabantur.
1495 384 1527 407 V.
1542 382 1605 406 846.
1622 389 1648 407 Ε.

1066 420 1249 449 SPEC'rACUt.A
1267 421 1412 449 Antiochiae
1427 422 1587 460 frequentia.
1606 431 1651 453 III.
1673 429 1716 453 62.
1738 436 1763 453 n.

1026 464 1182 503 Spectacula
1195 471 1223 492 ut
1234 475 1300 493 vana
1313 471 1338 493 et
1353 465 1501 503 periculosa
1514 465 1684 496 damnantur.
1694 475 1764 496 VIII.

1027 513 1088 537 126.
1104 519 1211 536 1).Ε.Α.
1228 519 1255 537 B.
1270 513 1334 537 291.
1345 519 1371 537 c.
1387 509 1524 543 Quantum
1533 509 1764 540 damnumanima·

1025 552 1146 580 afferant.
1161 558 1231 581 VIII.
1250 556 1312 580 393.
1326 562 1351 581 B.
1371 557 1435 581 394.
1453 553 1483 580 In
1500 563 1544 581 eos
1555 553 1601 591 qui
1614 555 1763 593 spectacula

1026 596 1191 633 frequentant
1203 595 1341 623 invehitur
1351 596 1764 635 Chrysostomus.III.(32.E.133.

1028 647 1085 668 VII.
1095 645 1159 670 477.
1175 650 1200 669 e.
1210 644 1274 668 478.
1288 640 1400 678 Optaret
1415 651 1458 668 eos
1469 651 1483 668 a
1493 641 1575 669 sacris
1589 642 1766 670 conventibus

1026 682 1059 710 ad
1083 690 1187 722 tempus
1203 694 1303 718 arcere,
1319 691 1348 712 ut
1363 685 1472 712 correcti
1489 684 1576 713 denuo
1595 685 1712 714 redirent
1732 686 1766 714 ad

1026 727 1185 755 Ecclesiam.
1201 734 1245 756 Iv.
1262 732 1325 755 889.
1339 738 1365 756 Ε.
1378 740 1403 757 Α.
1418 733 1482 757 890.
1496 730 1654 767 Spectacula
1666 729 1763 758 theatri

1025 771 1151 809 exagitat.
1168 778 1214 800 IX.
1235 776 1299 800 215.
1316 783 1343 801 E.
1358 777 1423 801 216.
1438 780 1470 801 X.
1483 777 1526 801 48.
1547 785 1570 801 n.
1592 778 1636 802 49,
1653 773 1715 802 Haec
1731 774 1766 802 ad

1025 815 1121 843 vivum
1133 815 1252 854 depingit
1268 816 1409 844 ostendens
1423 826 1514 844 eorum
1526 817 1657 845 lubricam
1670 818 1764 857 turpi-—

1025 859 1157 889 tudinem.
1178 866 1236 888 VII.
1255 864 1319 888 475.
1338 871 1366 888 n.
1384 865 1449 889 476.
1471 861 1559 889 Sexus
1581 861 1722 890 muliebris
1738 862 1764 890 in

1024 902 1090 940 ipsis
1113 902 1309 931 dehonestatus.
1336 911 1394 932 VII.
1424 909 1486 933 132.
1514 912 1560 933 XI.
1588 909 1654 935 538.
1681 916 1708 935 F.
1734 917 1762 935 Δ.

1025 946 1079 982 Qui
1099 953 1238 974 morantur
1258 947 1285 974 in
1301 947 1377 985 ipsis,
1394 955 1529 976 sexcentas
1541 948 1592 976 sibi
1611 957 1766 987 comparant

1024 989 1122 1018 excidii
1133 997 1281 1020 ansas.VII.
1293 995 1357 1020 258.
1372 1003 1400 1021 D.
1411 992 1464 1026 Ibi,
1478 991 1548 1020 unde
1559 992 1633 1020 mille
1644 993 1765 1031 volupta-

1025 1040 1063 1062 tes
1086 1034 1216 1062 scaturire
1239 1034 1377 1072 videntur,
1403 1042 1526 1063 sexcenta
1551 1036 1601 1063 tela
1621 1037 1766 1065 mittuntur

1025 1078 1199 1105 amarissima,
1215 1085 1269 1106 VII.
1285 1083 1350 1107 759.
1371 1079 1528 1118 Spectacula
1547 1079 1667 1118 publica,
1684 1080 1712 1108 id
1727 1087 1766 1108 est

1025 1120 1152 1148 circenses
1163 1121 1222 1149 ludi
1240 1132 1269 1149 ac
1280 1122 1394 1158 theatra,
1408 1133 1491 1160 quare
1505 1123 1625 1152 vitanda.
1639 1130 1682 1152 VI.
1699 1129 1763 1152 116.

1025 1174 1050 1191 E.
1072 1176 1099 1191 A.
1123 1168 1187 1192 117.
1208 1164 1249 1192 Ibi
1275 1165 1400 1193 mulieres
1427 1167 1574 1204 prostitutae
1595 1167 1622 1195 in
1644 1168 1764 1196 medium

1025 1206 1176 1245 prodibant.
1198 1215 1244 1236 IV.
1270 1213 1312 1236 51.
1331 1215 1389 1237 VII.
1414 1213 1478 1240 476,
1508 1210 1613 1245 Quanta
1634 1218 1688 1239 erat
1708 1212 1765 1240 fre*

1024 1251 1169 1288 quentandi
1185 1251 1240 1280 haec
1259 1254 1408 1291 spectacula
1429 1254 1550 1293 prurigo,
1565 1262 1635 1285 VIII.
1654 1259 1717 1285 392.
1737 1266 1762 1283 n.

1025 1296 1161 1330 Quantum
1182 1295 1217 1324 ad
1243 1297 1396 1325 excitandas
1419 1305 1511 1337 turpes
1540 1299 1766 1337 concupiscentias

1024 1338 1141 1367 efficacia
1156 1339 1209 1368 sint
1224 1339 1364 1369 theatralia
1378 1343 1537 1380 spectacula.
1552 1350 1596 1371 IV.
1607 1347 1672 1371 891.
1688 1353 1715 1371 c.
1734 1353 1762 1371 n.

1025 1387 1090 1410 892.
1114 1390 1241 1420 quantum
1263 1383 1296 1412 ad
1311 1385 1520 1424 corrumpendos
1540 1396 1627 1414 mores
1643 1386 1762 1414 familia—

1026 1436 1085 1454 rum
1109 1432 1134 1454 et
1156 1426 1189 1455 ad
1214 1427 1377 1457 hebetandas
1398 1429 1510 1468 pudicas
1532 1430 1693 1458 affectiones.
1713 1437 1761 1459 IV.

1025 1475 1089 1498 892.
1104 1482 1127 1499 n.
1150 1477 1173 1499 et
1188 1470 1222 1498 ad
1238 1472 1461 1511 exstinguendam
1479 1474 1626 1502 castitatem
1639 1474 1762 1512 spiritus,

1025 1513 1140 1552 fideique
1160 1515 1324 1553 religionem.
1349 1519 1394 1545 ΙΙ).
1419 1528 1445 1545 c.
1475 1517 1664 1556 Spectaculum
1688 1517 1762 1546 aliud

1025 1557 1103 1596 longe
1114 1559 1239 1597 majorem
1253 1560 1417 1599 voluptatem
1432 1562 1504 1601 parit
1519 1572 1599 1599 quam
1611 1561 1763 1597 theatrum;

1026 1602 1153 1630 nimirum
1172 1602 1260 1630 anima
1276 1613 1356 1640 quam
1371 1611 1498 1633 sustentat
1511 1605 1689 1644 eleemosyna,
1705 1606 1764 1634 sive

1026 1645 1163 1684 refrigerat
1189 1645 1303 1674 verbum
1327 1648 1525 1678 consolationis.
1548 1656 1618 1679 VIII.
1645 1653 1709 1677 410.
1734 1659 1760 1677 ε.

1027 1701 1052 1716 Α.
1069 1700 1094 1718 13.

1066 1736 1256 1770 Svecumron,
1285 1733 1350 1772 qnid
1367 1735 1402 1763 sit
1430 1735 1514 1774 apud·
1529 1735 1697 1774 prophetam.
1727 1743 1760 1764 II.

1026 1781 1091 1805 788.
1110 1789 1135 1806 Β.

1066 1822 1217 1850 SPECULUM
1232 1822 1295 1851 boni
1309 1823 1358 1851 viri
1372 1823 1432 1851 vitae
1447 1831 1597 1852 sanctorum
1612 1823 1723 1853 historia
1738 1832 1763 1853 et

1027 1864 1104 1893 lectio
1118 1866 1329 1904 Scripturarum.
1348 1874 1406 1895 VII.
1423 1872 1469 1896 71.
1488 1879 1514 1895 A.

1066 1909 1215 1938 SPELL'NCA
1236 1909 1306 1938 dicta
1321 1912 1450 1939 Matronae
1479 1921 1560 1950 prope
1586 1911 1763 1940 Antiochiam.

1028 1960 1074 1982 XI.
1096 1958 1161 1982 809.
1178 1964 1205 1983 c.

1067 1997 1133 2025 Srcs
1147 1998 1211 2035 qnid
1221 1998 1264 2026 sit.
1279 2005 1323 2027 IX.
1340 2002 1405 2029 645.
1420 2009 1448 2028 A.
1461 2003 1526 2029 691.
1538 1999 1604 2038 Spes
1615 2000 1707 2028 salutis
1717 2010 1765 2039 po·

1028 2040 1112 2069 nenda
1127 2048 1165 2070 est
1177 2042 1257 2069 simul
1273 2042 1300 2070 in
1312 2042 1361 2070 Dei
1376 2042 1548 2080 benignitate,
1560 2049 1584 2070 et
1596 2043 1622 2071 in
1641 2043 1764 2083 proprio-

1027 2095 1087 2113 rum
1103 2085 1181 2113 etiam
1196 2086 1327 2113 factorum
1342 2086 1450 2115 virtute.
1466 2092 1498 2114 V.
1518 2091 1562 2113 19.
1578 2096 1605 2114 c.

1067 2129 1134 2168 Spes
1157 2129 1183 2157 in
1206 2130 1293 2157 Deum
1320 2139 1446 2167 magnum
1471 2129 1582 2157 bonum.
1608 2137 1640 2159 11.
1661 2134 1706 2158 95.
1734 2141 1762 2158 n.

1028 2173 1126 2201 Omnia
1142 2179 1299 2201 commutat.
1317 2180 1349 2202 V.
1368 2178 1431 2201 135.
1452 2183 1481 2201 ι).
1509 2177 1571 2201 136.
1601 2173 1765 2201 fatiscentem

1027 2217 1146 2244 animam
1165 2217 1326 2245 consolatur.
1349 2224 1396 2246 IX.
1418 2221 1481 2245 645.
1504 2227 1530 2246 1³.
1553 2217 1720 2245 securitatem
1740 2225 1765 2246 et

1027 2260 1196 2288 latitudinem
1211 2267 1326 2299 praestat.
1344 2268 1388 2289 XI.
1403 2266 1466 2289 836.
1486 2272 1512 2289 E.
1535 2261 1659 2289 omnibus
1675 2267 1764 2289 tenta-

1028 2303 1145 2332 tionibus
1159 2303 1220 2332 facit
1233 2315 1289 2332 esse
1298 2304 1475 2342 superiorem.
1494 2312 1538 2333 XI.
1553 2309 1617 2333 819.
1634 2315 1659 2334 e.

1067 2348 1133 2387 Spes
1143 2347 1207 2376 boni
1221 2348 1304 2376 futuri
1316 2348 1385 2376 mala
1398 2349 1466 2377 levat
1481 2348 1627 2387 praesentia.
1644 2355 1688 2377 IV.
1702 2354 1764 2377 171.

1029 2402 1056 2420 D.
1075 2402 1101 2420 E.
1119 2403 1147 2422 A.
1175 2392 1279 2420 labores
1294 2392 1401 2423 minuit.
1418 2400 1463 2421 lv.
1480 2397 1544 2421 736.
1562 2403 1590 2422 n,
1607 2393 1673 2431 Spes
1687 2392 1765 2420 coelo—

1028 2446 1088 2464 rum
1107 2446 1186 2473 quam
1211 2443 1332 2475 potenter
1353 2436 1470 2464 stimulet
1485 2436 1619 2475 ignaviam
1635 2443 1761 2465 nostram.

1030 2487 1060 2508 V.
1081 2485 1143 2508 419.
1159 2491 1184 2509 c.
1200 2480 1266 2519 Spes
1282 2480 1379 2508 sutura*
1395 2480 1484 2517 gloria*
1500 2481 1588 2509 omnia
1602 2481 1689 2509 facilia
1702 2480 1765 2509 red-

1027 2524 1075 2552 dit.
1094 2532 1125 2552 V.
1138 2529 1183 2553 32.
1198 2535 1218 2552 A.
1238 2524 1304 2563 Spes
1315 2534 1417 2553 coronae
1426 2525 1537 2553 caelestis
1549 2536 1563 2553 a
1575 2524 1644 2553 mala
1656 2534 1763 2552 consue-

1030 2568 1120 2596 tudine
1144 2576 1246 2597 avocat.
1268 2575 1324 2596 ΠΙ.
1344 2573 1406 2596 252.
1426 2568 1492 2607 Spes
1512 2579 1606 2596 ancora
1625 2578 1706 2596 sacra.
1730 2574 1761 2595 V.
