1884 2922
269 185 337 222 3:36
909 191 1010 222 iunnx

271 269 316 290 tx.
335 266 395 289 104.
409 271 471 299 sqq.
488 262 575 296 Quam
585 257 820 287 fuitadmirahilis.
834 266 880 289 ΙΙΙ.
896 265 961 289 125.
978 273 1004 290 Α.

272 312 303 334 Χ.
321 309 383 333 230.
404 315 429 332 Β.
448 308 512 332 231.
529 303 619 341 Majus
635 312 685 330 non
700 308 784 340 potest
799 303 869 330 cerni
889 304 1008 332 iniracu—

267 348 332 375 lum.
348 355 392 376 111.
408 352 470 376 120,
489 346 611 373 Christus
623 346 737 373 Paulum
753 346 778 373 in
794 345 848 384 ipsa
865 346 891 375 vi
911 347 1007 375 suroris

266 391 335 429 cepit
346 398 370 418 et
385 390 503 424 attraxit,
518 396 644 417 :estuante
661 389 717 427 ejus
728 390 817 418 animo
831 397 856 418 ct
873 391 944 419 cmde
957 392 1007 419 fer-

267 441 352 462 vente.
367 441 411 462 111.
434 438 493 461 1518.
517 443 540 460 Β.
560 444 584 460 c.
603 433 701 461 Paulus
714 444 765 461 non
781 434 935 470 contendit,
952 446 1002 463 non

267 478 410 505 reluctatus
423 483 460 504 est
471 499 477 511 ,
495 475 541 504 sed
555 476 644 504 statim
660 478 805 504 Dominum
818 478 937 515 agnovit.
957 486 1002 508 111.

267 526 328 549 150.
343 531 368 547 Ε.
386 521 444 548 Non
463 521 614 548 necessitate
629 543 635 553 ,
650 520 697 548 sed
715 520 796 549 libere
815 521 846 549 ad
861 521 941 549 fidem
959 532 1006 550 ac-

265 564 351 593 cessit.
369 571 412 592 111.
436 568 498 591 150.
521 575 548 591 Β.
564 574 629 602 sqq.
647 565 684 592 Ut
700 564 854 592 hominibus
874 565 1006 603 placeret,

265 608 375 636 mimine
389 618 532 636 conversus
547 615 596 635 cst.
609 615 653 636 111.
670 613 731 637 128.
750 619 777 636 c.
793 608 868 636 Pauli
885 610 1004 638 conversi

266 663 326 680 curn
343 652 414 690 pisce
426 652 599 689 comparatio.
622 658 667 681 111.
692 657 754 680 121.
778 662 804 681 A.
822 652 897 680 Nulli
914 653 1004 681 homi-

264 706 328 724 num
347 704 400 724 tam
412 694 495 722 multa
515 694 616 722 detexit
638 695 760 723 Christus
777 706 889 731 arcana,
907 704 1003 734 quanta

266 740 349 768 Paulo
364 746 490 767 cstausus
503 738 636 776 detegere.
652 744 792 768 1[Ι.127.Ε.
809 752 834 770 Α,
848 741 906 768 Non
916 741 1004 769 statim

265 785 353 812 omnia
374 784 397 812 ei
416 782 552 811 revelavit.
572 790 617 810 lx.
641 788 703 811 105.
719 794 746 813 n.
768 783 808 811 Ab
825 784 883 822 ipso
899 784 1005 812 Christo

265 828 366 856 Paulus
383 834 491 855 voratus
504 826 649 865 apostolus.
665 834 697 854 Y.
713 832 777 855 782.
793 838 819 856 Ε.
838 838 864 855 A.
883 828 938 855 Cur
953 839 1003 856 non

265 871 461 910 Jerosolymis,
485 881 536 898 non
562 871 686 898 Damasci
714 881 856 899 conversus
883 872 926 899 sit.
959 879 1003 900 lx.

266 920 328 944 105.
349 927 375 944 Β.
399 926 446 943 cur
461 921 519 953 post
539 914 637 942 Christi
654 922 763 942 mortem
785 922 809 942 et
825 915 1001 953 sepulturam.

266 967 312 988 111.
324 963 387 988 120.
402 969 428 986 Β.
443 965 467 986 et
479 959 762 996 posti-esurrectionem
773 958 1002 997 ο]ιι.ς.1Χ.100.Λ.

265 1003 342 1032 Pauli
364 1002 503 1031 conversio
528 1002 628 1029 Christi
653 1004 872 1030 resurrectionem
893 1002 1000 1040 probat.

266 1054 311 1075 111.
330 1050 390 1074 120.
411 1057 436 1074 Λ.
454 1056 478 1073 Β.
496 1056 520 1072 c.
538 1050 601 1073 127.
617 1045 770 1073 Consolatio
784 1045 819 1073 de
834 1047 1004 1074 conversione

264 1090 340 1118 Pauli
369 1095 520 1127 compensat
542 1099 682 1116 moerorem
705 1088 739 1116 de
761 1096 844 1117 morte
861 1089 1001 1128 Stephani.

266 1141 309 1163 lx.
335 1138 395 1162 100,
419 1143 445 1160 r.
464 1133 608 1169 Postquam
629 1132 703 1160 siluit
728 1142 756 1160 os
773 1132 913 1170 Stephani,
940 1143 1003 1161 mox

264 1177 351 1205 sonuit
371 1175 435 1204 tuba
456 1176 543 1204 Pauli.
567 1183 612 1204 111.
638 1180 700 1204 148.
729 1185 752 1202 Β.
774 1175 873 1203 Paulus
893 1175 1004 1204 luminis

263 1220 400 1247 nimietate
415 1219 578 1246 caecutiebat.
596 1225 629 1246 11.
649 1223 712 1246 588.
730 1229 755 1246 Ε.
772 1218 905 1246 Caecitatis
920 1218 1003 1247 bene-

264 1263 325 1291 ficio
342 1262 466 1290 redactus
484 1268 522 1289 est
542 1261 568 1289 in
589 1262 716 1299 quietem.
733 1269 765 1290 11.
783 1266 846 1290 587.
864 1273 892 1289 n.
913 1262 1003 1296 Quare

265 1317 348 1344 usque
362 1306 395 1334 ad
413 1305 557 1334 adventum
575 1306 684 1333 Ananiae
703 1316 786 1334 crecus
799 1305 935 1335 manserit.
957 1313 1003 1335 tx.

266 1356 328 1379 173.
348 1362 372 1378 A.
397 1361 420 1378 Β,
442 1350 519 1378 Pauli
538 1356 600 1377 tunc
626 1350 728 1378 caecitas
755 1349 919 1378 illuminatio
936 1350 1001 1378 facta

264 1403 302 1424 est
321 1394 394 1423 orbis
415 1393 543 1421 universi.
566 1401 599 1422 11.
623 1398 686 1422 587.
706 1404 731 1420 Λ.
749 1396 805 1421 Cur
821 1394 952 1422 neminem
969 1404 1003 1422 ex

264 1438 411 1477 coryphaeis
422 1437 549 1476 apostolis
559 1437 663 1465 vocavit
679 1436 810 1464 Dominus
825 1437 866 1465 vel
883 1437 955 1465 misit
968 1438 1001 1466 ad

263 1483 342 1512 Pauli
357 1481 559 1510 institutionem.
576 1488 621 1509 lx.
643 1486 704 1508 171.
724 1492 746 1508 Β.
773 1485 833 1509 172.
852 1484 1002 1520 Derepentc

263 1526 297 1555 ad
312 1527 400 1565 ipsum
416 1524 524 1552 virtutis
537 1524 640 1551 culmen
656 1525 786 1562 pervenit;
804 1524 871 1552 nihil
889 1525 938 1563 ipsi
953 1525 1000 1552 im-

263 1569 406 1609 pedimenti
427 1567 514 1606 priora
543 1568 697 1595 attulerunt.
720 1575 752 1596 X.
775 1572 837 1595 230.
858 1578 883 1595 Β,
902 1568 1002 1596 Paulus

263 1620 323 1652 post
345 1623 419 1641 suam
442 1612 640 1639 conversionem
656 1612 718 1639 vitia
735 1611 831 1650 pudori
848 1622 903 1639 esse
923 1611 998 1640 dicit.

265 1664 322 1684 vu.
337 1661 402 1684 253.
417 1666 442 1683 c.
458 1656 548 1683 Deleta
561 1666 606 1683 sua
623 1655 734 1682 crimina
745 1655 894 1692 frequenter
908 1655 934 1682 in
947 1665 1001 1683 me-

263 1700 375 1728 moriam
391 1699 540 1727 revocabat.
560 1706 580 1727 Ι.
601 1703 660 1726 180.
677 1709 705 1727 n.
721 1709 748 1727 E.
767 1699 825 1726 Non
841 1698 928 1726 solum
942 1709 1003 1737 pec-

263 1751 381 1771 catorum
393 1753 450 1781 quae
462 1750 522 1770 ante
533 1742 681 1779 lavacrum,
692 1741 737 1769 sed
749 1742 828 1770 etiam
840 1752 931 1770 eorum
942 1753 1001 1779 quae

263 1794 321 1826 post
333 1787 498 1826 baptismum
512 1787 546 1814 ab
562 1786 619 1824 ipso
635 1785 776 1813 commissa
789 1792 862 1813 erant
876 1808 883 1818 ‚
901 1796 1002 1813 memor

264 1831 322 1858 fuit.
352 1838 396 1859 ΙΙΙ.
422 1835 466 1858 15.
492 1841 516 1858 Β.
540 1836 583 1858 lv.
611 1833 674 1857 3:58.
702 1839 731 1859 n.
757 1830 847 1857 Status
876 1829 1002 1857 Ecclesiae

263 1882 380 1913 tempore
393 1874 478 1902 Pauli.
497 1881 542 1902 tx.
558 1878 621 1901 (35⁴3,
639 1885 663 1899 A.

304 1919 404 1946 Paulus
437 1928 470 1946 ex
494 1916 687 1944 violentissimo
704 1923 872 1954 persecutore
903 1917 1002 1945 arden<

263 1963 381 1992 tissimus
398 1972 493 2000 praeco.
514 1968 547 1989 ΙΙ.
568 1965 633 1988 014.
655 1971 681 1988 A.
703 1967 748 1989 lx.
773 1966 836 1988 173.
858 1972 882 1989 Β.
903 1973 928 1989 c.
946 1964 1003 1990 Cur

264 2007 388 2044 gentibus
400 2005 479 2033 fuerit
494 2004 641 2043 praefectus.
658 2011 701 2031 111.
717 2008 780 2031 440.
800 2014 826 2033 E.
844 2004 895 2032 Hic
910 2005 1003 2033 beatus

265 2051 362 2089 spiritu
376 2050 491 2081 fervens,
509 2049 645 2085 multoque
658 2048 758 2085 majore
771 2058 849 2084 quam
863 2056 936 2077 antea
948 2050 1002 2077 zelo

265 2095 401 2128 incitatus,
415 2092 534 2131 protinus
548 2102 686 2130 aggressus
701 2098 738 2118 est
762 2091 857 2119 docere
884 2092 1003 2121 homines

264 2138 392 2166 barbaros
409 2136 540 2173 (Arabes),
559 2136 620 2163 vitre
639 2145 721 2172 genus
740 2135 872 2173 arripiens
888 2137 1002 2175 asperri-

265 2192 349 2209 mum.
364 2188 396 2209 Χ.
413 2185 476 2208 798.
490 2190 516 2207 c.
534 2184 596 2207 803.
618 2191 643 2207 A.
662 2179 723 2206 Post
740 2178 866 2217 praeclare
886 2186 957 2217 gesta
975 2181 1002 2209 in

265 2225 372 2257 Arabia,
387 2235 448 2252 cum
462 2223 528 2251 nihil
544 2223 620 2250 Petro
638 2233 705 2258 opus
725 2222 845 2255 haberet,
861 2222 892 2250 ad
914 2224 1002 2261 ipsum

264 2275 351 2296 tamen
371 2267 489 2295 ascendit
511 2266 583 2294 velut
602 2266 635 2294 ad
654 2266 792 2303 majorem,
817 2266 858 2293 cui
875 2266 1002 2295 honorem

265 2311 402 2339 tribueret.
422 2318 455 2339 X.
474 2311 554 2338 8034.
573 2309 737 2345 80¹4*.Quod
752 2309 787 2337 ibi
807 2316 845 2337 tot
859 2309 915 2337 dies
928 2321 1003 2338 com-

265 2362 382 2383 moratus
403 2355 449 2390 sit,
469 2353 614 2381 amicitiam
630 2364 661 2381 ac
680 2353 940 2381 vehementissimam
956 2364 1002 2381 ar-

266 2399 323 2436 guit
337 2399 483 2426 caritatem.
511 2405 544 2426 x.
564 2397 643 2426 803*.
668 2408 695 2426 D.
715 2397 830 2432 Quando
846 2396 1002 2435 dogmatum

265 2452 342 2469 causa
369 2441 565 2479 Jerosolyinam
594 2440 709 2468 ascendit
722 2463 729 2474 ,
754 2441 883 2469 Jacobum
911 2441 1000 2469 statim

265 2485 341 2512 adiit.
359 2492 415 2513 vit.
441 2490 486 2514 90,
507 2496 534 2512 A.
553 2487 609 2512 Cur
625 2483 685 2512 inde
700 2485 815 2512 Tarsum
830 2485 936 2512 missus.
954 2492 1000 2513 IX.

268 2533 329 2556 181.
345 2538 371 2555 r..
389 2535 408 2556 1.
426 2533 489 2556 2504.
505 2538 529 2558 Β,
544 2527 642 2556 Paulus
656 2535 680 2556 et
695 2528 829 2556 Barnabas
844 2527 1004 2556 ordinantur

267 2570 293 2597 in
314 2572 501 2609 apostolatum.
525 2578 571 2600 tx.
595 2575 658 2598 235.
677 2580 703 2599 Α.
728 2582 752 2599 Β.
778 2572 912 2601 Dissensio
934 2571 1002 2600 inter

1039 197 1164 222 RERUM.

1062 261 1178 289 Paulum
1196 267 1222 289 et
1240 259 1390 288 Barnabam
1409 260 1444 288 ob
1456 261 1585 290 Joannem
1603 262 1726 291 Marcum
1746 272 1798 290 non

1061 304 1201 332 inimicitia
1220 304 1271 332 suit
1288 314 1371 341 neque
1391 304 1534 334 contentio.
1554 312 1600 336 lx,
1615 310 1678 334 289.
1697 317 1725 334 A.
1741 307 1800 334 Ma-

1060 359 1143 386 gnum
1157 348 1220 376 hinc
1233 348 1331 375 bonnm
1348 347 1456 386 prodiit.
1469 354 1514 376 lx.
1528 353 1592 376 289.
1602 359 1627 377 c.
1640 350 1729 383 Quare
1741 350 1800 377 Lu-

1061 403 1104 421 cas
1117 392 1185 419 hanc
1199 391 1391 420 dissensionem
1407 401 1458 419 non
1474 391 1609 421 celaverit.
1625 399 1671 421 lx.
1689 398 1753 421 289.
1768 404 1796 421 n.

1061 435 1123 464 Post
1137 434 1332 463 ordinationem
1354 435 1453 470 Paulo,
1468 435 1536 463 sicut
1556 442 1582 463 et
1602 436 1697 473 Petro,
1724 437 1800 475 prius

1061 488 1155 507 nomen
1181 478 1279 506 Saulus
1302 485 1433 506 mutatum
1451 485 1500 507 est.
1527 486 1572 508 111.
1604 484 1665 508 129.
1696 491 1721 508 n.
1749 488 1796 509 lx.

1061 527 1125 551 241.
1140 533 1164 549 Β.
1182 526 1246 550 [400.
1261 533 1287 550 D.
1304 522 1429 550 Rationes
1442 522 1553 560 hujusce
1568 523 1732 551 mutationis.
1750 530 1796 551 ΙΙΙ.

1061 570 1123 593 128.
1143 576 1168 593 Α.
1185 570 1246 594 129.
1264 570 1326 593 133.
1342 576 1406 603 sqq.
1425 570 1487 593 145.
1507 577 1533 593 Α.
1549 572 1582 595 Χ.
1600 571 1664 594 799.
1684 578 1709 595 Α.
1728 568 1800 594 Vide

1060 615 1159 636 notam
1178 619 1201 637 a.
1222 609 1278 636 Cur
1293 618 1344 636 non
1361 608 1451 637 statim
1463 615 1522 647 post
1538 609 1738 637 conversionem
1750 620 1800 638 no-

1060 662 1118 680 men
1134 651 1173 679 illi
1189 651 1223 679 sit
1236 658 1378 679 mutatum.
1398 659 1444 679 tlt.
1465 656 1525 681 1463.
1541 662 1567 681 e.
1586 663 1614 681 n.
1628 652 1729 680 Tribus
1742 653 1802 680 die-

1059 695 1109 722 bus
1127 695 1160 723 de
1178 695 1284 722 nomine
1300 695 1377 723 Pauli
1398 695 1568 723 concionatus
1585 702 1622 724 cst
1640 696 1799 734 Chrysosto-

1060 749 1130 766 mus.
1154 745 1199 766 111.
1217 743 1281 766 100.
1305 737 1384 773 Quod
1405 737 1534 777 discipuli
1554 739 1699 767 Antiochia:
1720 739 1801 768 Chri-

1059 782 1137 810 stiani
1159 781 1427 820 cognominarentur,
1448 781 1499 809 hoc
1513 781 1590 810 Pauli
1606 792 1672 821 opus
1688 789 1734 810 est.
1751 790 1797 811 tx.

1060 830 1123 855 218.
1140 837 1168 854 D.

1099 869 1198 898 Paulus
1224 870 1298 907 quasi
1323 870 1409 897 alatus
1429 880 1476 908 per
1496 876 1581 898 totum
1603 869 1695 898 orbem
1708 880 1799 899 curre-

1058 913 1114 942 bat.
1126 920 1169 942 lv.
1185 918 1248 941 240.
1262 924 1289 943 D.
1302 914 1368 951 Ejus
1379 914 1612 951 peregrinationes.
1628 921 1675 942 lx.
1692 918 1755 942 433.
1772 925 1797 944 B.

1059 958 1132 991 Quas
1143 957 1263 994 regiones
1273 958 1465 996 peragraverit.
1485 965 1531 986 ΙΙΙ.
1550 962 1613 985 470.
1624 968 1649 984 ε,
1669 957 1745 985 Pauli
1760 968 1799 986 re-

1058 1007 1198 1029 censentur
1213 1001 1316 1039 egregia
1329 1001 1457 1029 facinora.
1476 1008 1510 1029 x.
1528 1005 1591 1028 131.
1609 1005 1671 1028 132.
1688 1006 1753 1029 730.
1768 1012 1794 1030 c.

1059 1049 1123 1072 731.
1133 1043 1281 1072 732.Pauh
1295 1050 1365 1081 gesta
1379 1044 1405 1071 in
1419 1044 1530 1071 Actibus
1543 1044 1731 1082 Apostolorum
1743 1055 1801 1073 nar-

1058 1095 1168 1123 rantur,
1184 1087 1247 1124 quia
1265 1087 1345 1126 hujus
1366 1088 1429 1116 libri
1448 1095 1541 1116 auctor
1557 1089 1642 1116 Lucas
1666 1089 1722 1127 ejus
1744 1096 1800 1117 erat

1058 1130 1217 1169 discipulus.
1243 1138 1287 1159 tx.
1314 1136 1340 1159 2.
1359 1142 1384 1159 c.
1404 1136 1431 1160 3.
1455 1132 1543 1167 Quam
1563 1142 1577 1159 a
1596 1132 1687 1169 gloria:
1709 1133 1799 1161 studio

1058 1174 1158 1201 alienus
1173 1181 1247 1202 esset.
1261 1182 1294 1202 Χ.
1309 1179 1374 1203 090.
1389 1186 1412 1203 Β.
1428 1175 1619 1203 Ostentationis
1633 1186 1712 1204 cansa
1729 1176 1798 1205 nihil

1058 1217 1182 1245 faciebat.
1201 1219 1245 1246 ΙΙ).
1263 1218 1406 1253 Quomodo
1418 1219 1478 1246 aliis
1491 1218 1672 1247 abundantius
1686 1220 1799 1248 labora-

1057 1260 1134 1289 verit.
1149 1268 1193 1289 lx.
1207 1266 1232 1289 2.
1252 1272 1278 1289 c.
1298 1266 1324 1290 3.
1343 1269 1375 1291 Χ.
1388 1267 1453 1290 [417.
1473 1273 1499 1290 e.
1516 1263 1632 1290 Labores
1647 1263 1703 1301 ejus
1716 1274 1799 1301 quan-

1058 1304 1087 1332 ti.
1102 1311 1122 1333 Ι.
1135 1309 1200 1333 503.
1218 1316 1243 1333 c.
1259 1313 1304 1334 lx.
1318 1310 1382 1335 823.
1398 1316 1423 1333 Β.
1442 1313 1475 1334 Χ.
1494 1311 1557 1335 728.
1570 1311 1636 1335 729.
1653 1307 1800 1344 Tranquil-

1057 1348 1131 1376 litate
1153 1359 1204 1376 non
1225 1349 1372 1377 fruebatur.
1391 1356 1449 1377 xlt.
1467 1354 1531 1379 461.
1550 1350 1607 1378 Vix
1625 1350 1732 1387 triginta
1748 1361 1799 1378 an-

1057 1402 1151 1420 norum
1165 1393 1249 1431 spatio
1262 1399 1286 1420 et
1300 1394 1432 1421 Romanos
1442 1414 1449 1427 ,
1464 1400 1488 1421 ct
1505 1393 1609 1427 Persas,
1626 1401 1651 1422 et
1667 1393 1791 1428 Parthos,

1055 1443 1079 1464 et
1096 1436 1190 1465 Medos
1201 1458 1208 1472 ‚
1223 1443 1247 1464 et
1260 1436 1357 1472 Indos,
1373 1444 1398 1464 et
1412 1437 1538 1475 Scythas⁷
1552 1444 1576 1465 et
1591 1437 1748 1476 AEthiopes‚
1765 1444 1791 1465 et

1056 1479 1237 1515 Sauromatas,
1250 1487 1274 1508 et
1288 1480 1442 1514 Saracenos,
1452 1487 1475 1508 et
1489 1491 1568 1508 omne
1583 1491 1691 1519 prorsus
1703 1481 1799 1509 huma-

1057 1533 1121 1551 num
1136 1534 1217 1561 genus
1233 1524 1283 1552 sub
1298 1524 1392 1562 jugum
1410 1524 1482 1551 misit
1495 1524 1627 1554 veritatis.
1638 1532 1670 1553 ΙΙ.
1685 1530 1749 1555 591.
1767 1535 1796 1553 13.

1057 1567 1132 1594 Pauli
1148 1567 1175 1595 in
1188 1567 1377 1606 praedicatione
1389 1568 1534 1595 constantia
1546 1591 1553 1603 ,
1568 1568 1698 1597 fortitudo
1713 1575 1739 1597 et
1755 1575 1799 1596 to-

1056 1610 1176 1638 lerantia.
1193 1618 1236 1639 lv.
1254 1616 1317 1639 105.
1334 1622 1360 1639 c.
1379 1616 1442 1639 100.
1459 1617 1598 1640 107.108.
1611 1612 1638 1641 Si
1651 1623 1798 1651 persequu-

1055 1654 1135 1682 tionis
1149 1665 1240 1693 poenas
1251 1654 1377 1691 dedisset⁷
1393 1665 1443 1684 non
1457 1662 1511 1683 tam
1524 1655 1601 1693 longe
1614 1656 1719 1694 lateque
1729 1666 1797 1695 prae·

1055 1696 1178 1725 dicasset.
1197 1705 1229 1726 v.
1248 1703 1295 1726 77.
1313 1698 1424 1734 Paulus,
1442 1699 1489 1736 qui
1503 1705 1606 1726 tantum
1617 1709 1684 1737 opus
1695 1700 1797 1738 praedi-
1812 1713 1823 1721 ³

1056 1741 1167 1769 cationis
1182 1748 1347 1780 susceperat,
1374 1742 1534 1780 operabatur
1556 1748 1641 1769 tamen
1665 1749 1689 1770 et
1709 1743 1753 1771 die
1767 1755 1798 1773 ac

1056 1791 1141 1819 nocte,
1155 1791 1183 1812 ut
1193 1792 1279 1823 posset
1291 1785 1349 1813 aliis
1359 1785 1497 1823 opitulari.
1511 1793 1557 1814 ltt.
1574 1790 1636 1814 215.
1646 1791 1797 1817 xt.623.13.

1057 1828 1156 1856 Paulus
1174 1835 1290 1857 mortuos
1306 1829 1470 1864 suscitabat,
1487 1836 1511 1857 et
1529 1830 1580 1858 alia
1597 1830 1705 1869 insuper
1718 1831 1799 1860 mira-

1057 1872 1116 1900 cula
1133 1873 1263 1911 ejusmodi
1277 1872 1382 1908 edebat,
1400 1879 1429 1900 ut
1444 1884 1457 1900 a
1471 1873 1616 1911 gentilibus
1630 1874 1697 1902 deus
1711 1874 1797 1903 babe-

1057 1923 1140 1945 retur.
1160 1924 1180 1944 1.
1202 1921 1265 1945 502.
1283 1927 1308 1944 A.
1325 1916 1433 1944 diabolo
1450 1925 1616 1954 suggerente.
1632 1925 1666 1946 11.
1684 1923 1729 1947 13.
1745 1921 1798 1948 Per

1058 1967 1143 1988 vestes
1171 1971 1231 1988 suas
1256 1960 1331 1998 signa
1359 1960 1443 1988 multa
1466 1961 1537 1989 fecit.
1561 1969 1582 1991 1.
1600 1967 1665 1992 044.
1695 1974 1719 1991 Α.
1743 1964 1798 1992 Ve-

1057 2004 1178 2031 stimenta
1194 2004 1250 2041 ejus
1272 2004 1445 2041 :egritudines
1459 2011 1483 2032 et
1499 2004 1631 2034 daemones
1650 2006 1796 2044 pellebant.

1058 2053 1088 2074 11.
1109 2051 1155 2074 03.
1173 2047 1312 2080 Quantum
1331 2047 1364 2075 ad
1383 2048 1496 2085 gratiam
1512 2055 1537 2076 et
1556 2049 1628 2085 signa
1641 2071 1648 2084 ‚
1665 2059 1716 2077 non
1731 2050 1797 2080 alter

1056 2090 1157 2118 Paulus
1170 2097 1258 2128 postea
1271 2090 1331 2119 erit.
1353 2097 1374 2118 Ι.
1392 2095 1455 2119 209.
1474 2102 1500 2119 A.
1519 2103 1543 2120 B.
1559 2093 1617 2120 Non
1632 2092 1665 2120 de
1683 2094 1796 2131 patratis

1056 2134 1210 2170 miraculis,
1229 2134 1275 2163 sed
1290 2134 1323 2162 de
1341 2135 1466 2162 aerumnis
1485 2136 1616 2173 gloriatur
1634 2137 1743 2166 Paulus.
1763 2145 1794 2166 ΙΙ.

1058 2182 1119 2205 190.
1137 2188 1164 2206 c.
1180 2178 1285 2212 Quanta
1302 2178 1420 2216 potuerit
1436 2178 1460 2206 vi
1474 2179 1677 2210 miraculorum.
1693 2188 1712 2208 t.
1731 2185 1796 2209 502.

1057 2231 1083 2249 A.
1102 2232 1125 2248 B.
1140 2222 1199 2249 Non
1214 2221 1406 2249 miraculorum
1425 2228 1527 2250 tantuin
1539 2245 1545 2256 ,
1558 2223 1603 2251 sed
1618 2231 1642 2251 et
1657 2224 1683 2251 vi
1697 2235 1798 2253 sermo-

1057 2264 1097 2292 nis
1118 2275 1180 2293 usus
1205 2272 1253 2293 est.
1280 2272 1298 2292 1.
1323 2269 1387 2294 499.
1414 2275 1438 2292 Β.
1463 2266 1493 2293 In
1512 2273 1627 2305 utroque
1649 2267 1754 2296 claruit.
1773 2276 1794 2297 Ι.

1058 2312 1119 2336 5044
1136 2320 1160 2338 Β.

1098 2352 1173 2380 Pauli
1188 2352 1315 2390 loquendi
1339 2351 1447 2380 fiducia.
1465 2360 1509 2382 IX.
1528 2358 1592 2382 431.
1605 2364 1630 2384 Β,
1658 2354 1796 2384 Christum

1056 2397 1170 2425 habebat
1205 2397 1230 2424 in
1259 2407 1285 2424 se
1312 2397 1471 2434 loquentem.
1503 2404 1550 2425 Xl.
1584 2402 1647 2428 533.
1682 2409 1707 2426 F.
1738 2400 1796 2427 Non

1057 2441 1127 2468 enim
1143 2440 1243 2468 Paulus
1260 2446 1297 2467 est
1317 2440 1363 2477 qui
1382 2440 1517 2477 loquitur,
1532 2440 1576 2468 sed
1597 2441 1642 2478 qui
1662 2443 1719 2480 ejus
1734 2443 1795 2470 ani-

1058 2495 1128 2512 mam
1142 2491 1230 2512 movet
1245 2483 1378 2512 Christus.
1397 2490 1428 2511 11.
1441 2488 1507 2511 788.
1524 2495 1551 2511 r..
1568 2486 1674 2519 Quanta
1687 2492 1794 2523 operata

1057 2528 1090 2555 sit
1103 2527 1200 2556 efficax
1214 2526 1289 2555 Pauli
1301 2526 1401 2565 lingna.
1415 2534 1460 2555 ΠΙ.
1473 2532 1536 2556 349.
1547 2528 1722 2566 Splendidam
1738 2529 1795 2557 nbi-

1056 2581 1108 2608 que
1131 2570 1237 2609 pietatis
1260 2570 1394 2599 flammam
1406 2571 1536 2601 accendit.
1552 2573 1596 2602 ΙΙ).
1613 2572 1681 2601 Cum
1696 2579 1794 2610 quanta
