1884 2922
251 188 317 234 296

247 262 399 297 ascendens,
421 269 445 290 et
466 262 589 301 plurimis
605 262 701 290 oblatis
716 262 854 290 sacrifieiis
870 284 876 297 ‚
890 272 985 290 oracu-

247 306 305 333 lum
321 305 490 333 vehementer
507 305 605 332 instans
637 304 778 342 fatigabat.
812 312 843 332 11.
873 309 938 333 637.
968 315 986 331 1)

249 353 313 378 668.
328 360 353 376 e.
366 354 430 376 669.
448 348 570 386 Apolline
580 347 613 375 (le
624 348 745 385 reliquiis
757 348 786 376 S.
805 348 914 386 Babylae
925 358 987 385 que—

250 399 332 427 rente,
342 392 418 430 jubet
432 391 556 420 Julianus
571 398 598 419 ut
614 402 628 419 e
645 392 759 430 Daphne
772 393 936 420 auferantur.
951 398 983 419 11.

249 440 314 463 637.
342 446 369 463 υ.
386 440 450 463 671,
468 441 494 462 at
507 445 556 462 non
572 441 609 463 est
621 446 701 463 ausus
716 436 875 474 martyrium
892 436 919 463 S.
936 434 986 462 Ba-

247 478 317 516 hylae
330 478 444 511 diruere,
457 487 504 505 nec
518 484 614 505 tectum
627 477 764 506 combusto
778 478 910 516 Apollinis
921 484 987 505 tem-

248 522 293 558 plo
306 532 412 548 rursum
428 521 577 559 imponere5
588 528 676 550 tantus
688 521 764 549 illum
781 522 860 549 timor
871 532 985 559 occupa—

249 571 332 592 verat.
354 572 385 594 11,
404 569 466 592 638.
486 575 512 593 n.
532 575 556 593 Ε.
576 570 639 593 639.
658 566 713 593 Cur
738 576 751 593 a
770 565 881 593 fulmine
896 565 921 593 in
937 565 986 592 hoc

248 608 347 646 templo
372 608 495 637 Julianus
511 619 561 637 non
584 609 618 637 sit
639 618 790 646 percussus.
815 616 845 637 11.
868 613 933 637 684.
955 619 982 637 n.

247 651 424 689 Stephanum,
439 652 619 690 improbitatis
631 663 709 680 eausa
737 653 912 680 eeclesiastico
925 652 985 690 pul-

248 705 307 722 sum
324 695 491 734 principatu,
507 696 584 734 jubet
596 707 702 724 rursum
717 695 844 724 doctrinae
860 696 986 724 thronum

247 749 387 777 occupare.
404 746 434 767 11.
451 744 514 767 686.
531 750 558 768 A.
573 741 650 768 Tune
664 739 752 769 Judaei
765 749 826 767 cum
841 739 986 778 gentilibus

243 782 330 819 juncti
346 789 431 810 erant.
442 790 498 811 vn.
517 787 580 811 520.
596 794 621 811 E.
638 795 664 812 A.

288 825 412 854 Julianus
433 837 537 854 crucem
553 826 700 855 deridebat.
723 834 754 855 11.
771 830 834 854 636.
851 825 986 855 Christia-

248 878 296 896 nos
313 868 410 896 callide
429 870 585 907 aggreditur
605 877 629 898 et
644 870 818 908 persequitur.
834 877 865 898 11.
881 874 983 898 685.1›-

248 916 312 940 686.
322 917 384 940 691.
399 923 425 940 E.
436 925 462 940 A.
476 918 538 941 692.
550 914 678 941 Galilaeos
687 924 730 941 eos
742 913 865 941 vocabat.
874 920 907 941 11.
922 917 984 941 636.

247 966 275 983 D.
292 955 356 983 Illos
370 966 398 984 se
412 966 444 984 ex
457 956 520 984 orbe
534 963 664 984 terrarum
677 956 878 984 eliminaturuln
899 956 984 994 polli-

248 999 366 1028 cebatur.
384 1007 416 1028 11.
428 1004 491 1028 636.
513 1011 538 1028 n.
561 1001 629 1028 Cum
645 1007 734 1028 autem
748 1001 917 1038 cognovisset
929 1010 983 1027 rem

247 1043 429 1071 Christianam
442 1051 591 1082 martyrum
603 1050 687 1072 morte
701 1044 839 1071 clariorem
848 1043 916 1077 fieri,
927 1043 984 1070 bel-

246 1085 303 1113 lum
318 1086 407 1124 palam
426 1097 532 1114 movere
551 1087 710 1115 Christianis
725 1087 839 1115 nolebat.
863 1093 895 1114 11.
917 1091 981 1115 691.

246 1139 272 1157 c.
290 1140 316 1157 D.
330 1140 357 1159 E.
375 1129 473 1158 Juliani
491 1130 650 1168 malignitas,
663 1130 781 1168 jubendo
794 1130 921 1165 medicos,
937 1129 985 1157 mi-

247 1172 320 1207 lites,
335 1172 467 1210 sophistas
484 1180 509 1200 et
523 1180 641 1201 oratores
660 1174 701 1202 vel
717 1184 730 1201 a
746 1173 801 1201 suis
816 1172 984 1210 professioni-

245 1214 296 1243 bus
307 1215 451 1249 discedere,
466 1216 508 1243 vel
516 1216 595 1244 fidem
603 1217 742 1254 abnegare.
753 1223 785 1244 lt.
802 1220 850 1243 691
860 1240 866 1245 ,
885 1220 981 1244 ,1.692.

248 1258 285 1285 Ut
300 1269 313 1285 a
325 1269 352 1286 se
363 1258 509 1287 occisorum
524 1259 738 1287 Christianorum
749 1269 844 1287 corona
859 1259 983 1297 martyrii

245 1301 450 1338 obscuraretur,
466 1303 554 1331 varias
571 1313 661 1331 causas
678 1303 795 1341 fingebat
810 1303 920 1330 illorum
939 1313 985 1330 ne-

246 1345 292 1372 eis.
307 1352 338 1372 11.
355 1350 418 1373 692.
439 1356 462 1372 Β.
479 1346 657 1374 Juventinum
672 1353 696 1374 et
711 1345 890 1374 Maximinum
905 1346 983 1384 jubet

246 1388 331 1425 eapite
343 1389 470 1417 truncari.
488 1396 520 1418 11.
535 1394 599 1419 693.
617 1389 762 1427 Templum
777 1389 933 1417 Judaeorum
944 1389 985 1416 in-

246 1437 365 1459 staurare
385 1433 482 1460 frustra
499 1433 620 1461 tentavit.
639 1440 658 1461 1.
677 1438 740 1461 709.
753 1438 816 1461 789.
829 1443 855 1460 A.
873 1437 938 1461 790.
955 1444 981 1462 A.

246 1480 311 1503 796.
340 1475 399 1513 igne
422 1486 456 1503 ex
481 1476 660 1504 fundamentis
685 1476 832 1504 exsiliente.
858 1483 890 1504 11.
916 1480 982 1504 685.

247 1518 385 1556 Regnante
401 1519 521 1553 Juhano,
538 1520 621 1548 multa
636 1520 701 1547 sacta
720 1526 779 1547 sunt
796 1519 933 1547 miracula.
948 1526 980 1547 V.

247 1566 310 1589 325.
333 1573 360 1590 D.
386 1570 443 1592 vll.
471 1568 515 1592 54.
539 1574 564 1590 A.
586 1574 609 1592 Β.
636 1564 728 1591 Fames
745 1570 806 1590 tunc
828 1570 929 1591 exorta.
948 1570 980 1591 11.

248 1609 312 1634 589.
326 1617 350 1634 13.
365 1610 428 1634 637.
438 1606 561 1635 Julianus
576 1608 752 1645 Imperatores
766 1613 790 1634 et
802 1616 984 1644 quoscumque

247 1647 368 1676 homines
388 1650 522 1688 impietate
537 1651 683 1688 superavit.
699 1658 718 1678 1.
735 1655 800 1678 709.
819 1654 884 1677 789.
904 1660 929 1679 A.
948 1656 980 1677 11.

249 1696 312 1719 668.
330 1703 355 1722 n.
380 1699 411 1723 V.
431 1698 493 1721 325.
511 1704 538 1721 D.
558 1701 614 1722 Vll.
640 1699 685 1722 54.
704 1705 731 1721 A.
750 1705 774 1722 Β.
796 1693 911 1722 Etiamsi
926 1693 982 1720 Im-

246 1743 351 1773 perator
363 1743 439 1771 esset,
455 1743 480 1764 et
495 1736 625 1765 arbitratu
636 1747 684 1765 suo
699 1737 786 1765 omnia
796 1737 903 1771 faceret,
917 1743 984 1764 atta-

246 1789 303 1806 men
319 1779 444 1807 faeinoris
457 1780 578 1819 impietas
588 1781 791 1818 immanitasque
802 1781 858 1818 ejus
871 1787 984 1818 potcsta-

245 1822 278 1850 tis
289 1822 500 1859 magnitudinem
515 1824 666 1862 superabat.
685 1832 716 1852 11.
734 1829 797 1852 668.
810 1835 834 1852 13.
851 1834 875 1852 c.
895 1823 984 1862 Expe-

246 1865 375 1894 ditionem
392 1868 523 1895 Persicam
538 1874 710 1905 suseepturus
723 1867 808 1895 multo
821 1877 882 1895 eum
894 1867 962 1894 fastu
974 1889 982 1904 ‚

245 1917 382 1938 sexcentas
396 1910 555 1938 Christianis
568 1911 652 1938 minas
668 1910 823 1938 intentabat.
836 1917 867 1938 11.
881 1914 945 1938 686.
960 1920 982 1937 B.

246 1952 299 1980 Tot
316 1953 431 1980 militum
447 1954 583 1992 myriadas
598 1954 733 1988 eduxerat,
748 1960 814 1990 quot
831 1953 921 1981 nullus
933 1964 981 1980 an-

246 2001 286 2022 tea
313 1996 518 2034 Imperatorum.
546 2004 577 2024 ΙΙ.
604 2002 667 2025 687.
692 2009 717 2025 Λ.
732 1997 832 2025 Omnes
855 2006 912 2033 quae
928 1995 984 2024 illic

246 2038 381 2075 contigere
402 2039 581 2074 calamitates,
597 2050 702 2068 omnem
719 2039 829 2067 modum
846 2046 982 2078 superant.

246 2088 279 2110 11.
293 2087 356 2110 687.
372 2093 397 2110 B.
417 2083 443 2109 ln
461 2082 509 2111 hae
521 2083 688 2122 expeditione
699 2084 794 2111 misere
807 2083 883 2120 periit
895 2082 984 2111 Julia-

245 2134 303 2151 nus.
328 2132 359 2153 11.
380 2130 444 2154 687.
470 2133 500 2156 V.
520 2131 581 2154 325.
597 2137 623 2154 D.
640 2137 666 2154 E.
681 2126 772 2155 vat-ize
788 2127 856 2154 cirea
872 2132 984 2154 mortem

246 2168 303 2205 ejus
316 2169 460 2197 sententiae.
478 2177 511 2199 11.
530 2175 593 2199 687.
607 2181 630 2197 n.
648 2170 725 2198 Illius
739 2171 871 2198 exereitus
892 2170 984 2198 obses-

245 2222 289 2239 sus
305 2222 317 2239 a
335 2213 466 2241 barbaris.
492 2221 524 2241 11.
544 2219 607 2243 589.
625 2225 650 2242 B.
667 2214 790 2243 Julianus
805 2216 928 2252 Apostata
943 2215 985 2242 sie.

246 2265 260 2282 e
272 2255 360 2283 medio
377 2256 499 2284 sublatus
514 2264 560 2292 est,
572 2258 680 2295 jamque
694 2258 766 2296 apud
783 2258 881 2286 inferos
895 2267 986 2296 peren-

247 2298 273 2325 ni
290 2305 427 2335 torquetur
439 2300 582 2338 supplicio.
601 2309 635 2329 11.
650 2306 714 2329 636.
734 2311 762 2331 A.

286 2342 427 2370 Julianus
442 2346 576 2372 veritatis
587 2345 781 2372 adversarius.
795 2350 867 2372 vm.
880 2348 944 2372 709.
955 2353 983 2371 Δ.

247 2390 312 2413 710.

286 2429 444 2466 JULMM‘S,
467 2430 637 2468 Imperatoris
664 2433 797 2470 Apostatae
823 2431 983 2467 avunculu5‚

247 2472 358 2509 profano
383 2480 480 2500 attactu
504 2481 652 2502 consecrata
669 2475 724 2502 Deo
744 2485 806 2503 vasa
823 2481 985 2503 attrectave-

248 2521 298 2543 rat.
314 2522 347 2542 11.
369 2520 432 2544 589.
449 2528 476 2548 A.
489 2516 550 2545 Ideo
565 2518 702 2546 vermibus
717 2528 810 2547 exesus
824 2518 934 2547 interiit.
951 2525 983 2546 11.

249 2561 312 2585 539.
330 2569 355 2587 A.
375 2565 406 2586 V.
425 2563 487 2587 325.
505 2571 531 2589 13.
550 2567 607 2589 Υ11.
628 2566 713 2591 5111.

877 202 976 223 {mmlx
1005 201 1115 223 RERUM
1125 215 1130 221 .

1079 263 1201 290 Jurtrssn
1218 260 1289 289 nihil
1305 261 1419 299 potuisse
1441 268 1530 290 contra
1543 263 1635 302 templi
1648 263 1775 302 Daphnes

1041 304 1202 338 incendium,
1219 303 1265 332 sed
1288 304 1417 342 ejulatum
1438 314 1504 341 esse,
1520 306 1622 334 Juliani
1642 308 1775 345 Apostatae

1040 347 1191 375 adulatores
1208 347 1312 377 dicunt.
1331 355 1362 375 11.
1382 352 1447 376 679.
1464 358 1488 375 B.
1510 353 1574 378 682.
1592 361 1617 377 Λ.
1642 349 1775 377 Imbrium

1041 390 1193 418 moderator
1207 390 1359 418 vocabatur.
1377 398 1410 418 11.
1425 395 1488 419 679.
1504 401 1530 420 Β.
1545 392 1630 420 Poetae
1645 392 1773 421 dixerunt

1041 435 1133 462 Jovem
1155 445 1209 462 esse
1223 434 1268 471 qui
1287 434 1363 472 pluit.
1382 441 1413 462 v.
1433 439 1479 463 28.
1497 446 1522 462 A.
1541 434 1697 474 Philosophi
1711 446 1774 464 vero

1041 477 1193 505 asserebant
1208 479 1302 506 Jovetn
1317 487 1372 505 csse
1384 488 1470 505 aerem
1480 500 1487 513 ‚
1506 484 1551 505 aut
1568 478 1648 506 etiam
1668 479 1775 507 serven-

1041 526 1094 548 tem
1105 520 1289 553 substantiam.
1301 527 1325 548 et
1341 527 1441 559 partem
1453 531 1512 558 quae
1527 527 1738 560 superataerem,
1749 528 1774 550 et

1040 574 1120 601 quam
1141 563 1275 602 appellant
1298 563 1432 591 aetherem.
1452 571 1482 592 V.
1508 569 1553 592 29.
1577 575 1603 593 c.
1627 574 1654 592 n.
1678 565 1774 593 Jovem

1040 605 1775 645 adulterum‚pa3diconem‚parricidamdicebantpoetae,

1039 650 1092 678 alia
1102 661 1209 688 quoque
1223 660 1273 678 non
1287 649 1389 677 minora
1405 649 1447 677 his
1462 650 1573 678 erimina
1588 649 1628 677 illi
1640 649 1774 678 adscribe-

1039 693 1112 722 bant.
1128 701 1160 723 v.
1178 698 1224 724 28.
1245 705 1271 723 A.
1298 693 1373 722 Jovis
1390 693 1542 732 sepulcrum
1562 694 1697 722 Cretenses
1714 704 1775 732 pos—

1039 737 1173 766 sidebant.
1189 744 1236 766 Xl.
1260 741 1323 765 806.
1346 749 1372 767 A.
1401 749 1424 766 n.
1445 738 1540 766 Jovem
1561 738 1703 776 compellat
1723 737 1775 766 Li-

1039 781 1144 809 hanins.
1166 788 1198 809 11.
1211 785 1277 809 678.

1079 826 1271 854 JURAMENTUM
1280 825 1350 852 unde
1360 831 1458 853 ortum.
1473 829 1580 854 11.274.
1591 832 1678 853 A.1x.
1689 829 1734 853 88.
1748 835 1774 853 A.

1039 868 1184 897 Veteribus
1201 879 1258 896 mos
1271 875 1327 896 erat
1342 868 1459 906 jurando
1474 879 1582 897 manum
1599 878 1696 907 ponere
1713 866 1775 895 sub-

1039 919 1080 940 ter
1092 912 1177 940 femur
1192 912 1234 939 vel
1248 911 1340 939 subter
1356 912 1490 941 lumbum.
1511 919 1556 940 lv.
1571 917 1635 940 557.
1654 922 1680 939 A.
1703 911 1774 939 Vide

1040 962 1138 984 notam
1160 966 1185 983 a.
1211 957 1256 983 ΙΙ).
1291 955 1435 983 Christiani
1455 957 1575 994 jurantes
1596 954 1773 993 Evangelium

1040 999 1179 1037 tangebant
1196 1008 1274 1036 super
1290 1008 1407 1026 mensam
1420 1009 1522 1027 sacram
1533 1011 1540 1034 ς
1551 998 1622 1036 quod
1639 997 1774 1036 improbat

1039 1042 1254 1080 Chrysostomus.
1280 1049 1311 1070 11.
1336 1047 1398 1070 187.
1420 1050 1465 1071 IX.
1488 1047 1534 1071 90.
1557 1054 1583 1071 A.
1605 1047 1650 1071 91.
1673 1041 1772 1070 Priscis

1038 1086 1212 1124 temporibus,
1234 1086 1326 1123 jurare
1346 1085 1450 1114 licitum
1466 1093 1532 1122 erat,
1554 1086 1617 1123 quia
1633 1096 1680 1124 per
1702 1084 1773 1113 idola

1034 1130 1162 1167 jurabant
1175 1129 1304 1157 homines.
1323 1136 1368 1157 tx.
1385 1134 1450 1158 102.
1463 1140 1489 1157 c.
1503 1129 1606 1159 Judaeis
1618 1152 1625 1164 ‚
1645 1130 1708 1167 quia
1722 1127 1773 1156 ad-

1038 1173 1091 1201 hue
1112 1179 1185 1201 erant
1209 1172 1315 1210 parvuli
1330 1179 1355 1200 et
1372 1172 1484 1207 infirmi,
1498 1174 1680 1211 juramentum
1700 1171 1773 1201 veti-

1038 1223 1094 1245 tum
1109 1226 1160 1244 non
1177 1223 1240 1244 erat.
1254 1223 1312 1243 VII.
1326 1221 1390 1245 263.
1406 1217 1437 1245 ln
1451 1227 1520 1245 nova
1534 1216 1591 1254 lege
1606 1216 1772 1255 prohibetur,

1038 1270 1129 1297 quare.
1147 1261 1192 1287 Ib.
1209 1260 1300 1296 Neque
1315 1259 1340 1287 in
1351 1270 1379 1287 re
1393 1260 1500 1298 injusta,
1516 1270 1601 1297 neque
1617 1259 1644 1287 in
1660 1270 1688 1287 re
1698 1260 1772 1298 justa

1037 1313 1108 1331 nune
1122 1303 1226 1331 licitum
1240 1309 1337 1333 est.11.
1355 1308 1418 1331 273.
1436 1314 1460 1331 e.
1475 1314 1503 1331 n.
1519 1308 1583 1332 274.
1598 1310 1642 1331 lv.
1662 1307 1726 1332 145.
1744 1313 1771 1333 e.

1039 1347 1130 1374 Caute
1150 1347 1312 1382 legendum.
1336 1347 1522 1375 Juramentum
1537 1357 1584 1384 per
1603 1346 1709 1381 caelum,
1725 1357 1773 1385 per

1037 1396 1133 1418 terram
1143 1412 1150 1423 ,
1167 1400 1212 1428 per
1228 1389 1375 1418 Jerusalem
1389 1397 1413 1418 et
1428 1401 1476 1429 per
1497 1397 1577 1429 caput
1593 1400 1639 1417 cur
1649 1388 1774 1429 prohibi-

1040 1440 1107 1461 tum.
1128 1440 1185 1461 vlt.
1201 1437 1265 1461 260.
1281 1443 1309 1460 n.
1326 1437 1390 1461 261.
1408 1434 1498 1468 Quare
1512 1433 1633 1461 homines
1646 1432 1738 1460 rustici
1748 1439 1773 1461 et

1038 1477 1148 1515 pingues
1168 1476 1194 1504 in
1219 1476 1297 1504 rebus
1315 1477 1420 1515 magnis
1445 1483 1469 1504 et
1489 1477 1580 1515 parvis
1610 1486 1700 1504 secure
1726 1486 1773 1515 per

1038 1520 1225 1558 Deunijurant
1241 1526 1264 1548 et
1279 1520 1406 1558 pejerant,
1417 1531 1464 1559 per
1477 1527 1555 1559 caput
1577 1530 1639 1549 vero
1655 1520 1772 1548 filiorum

1034 1564 1126 1601 jurare
1142 1573 1288 1600 numquam
1303 1564 1430 1601 cogitant.
1447 1571 1468 1593 1.
1486 1569 1550 1592 378.
1565 1574 1593 1592 n.
1609 1567 1671 1591 379.

1075 1608 1262 1636 Juramentum
1277 1607 1377 1634 malum
1390 1614 1438 1635 est.
1452 1614 1510 1635 vlt.
1529 1611 1592 1635 262.
1615 1617 1643 1636 ι).
1672 1606 1772 1635 satani-

1037 1661 1084 1678 cus
1100 1650 1218 1688 laqueus.
1232 1657 1276 1678 tx.
1290 1655 1353 1679 127.
1367 1661 1391 1678 a.
1407 1651 1512 1685 Jurare,
1527 1650 1575 1678 etsi
1588 1659 1660 1682 vere,
1673 1649 1772 1677 crimen

1037 1701 1085 1722 est.
1098 1701 1117 1722 1.
1134 1698 1194 1721 156.
1212 1703 1238 1720 E.
1258 1694 1348 1721 Caute
1363 1693 1433 1731 lege.
1449 1694 1666 1722 Juramentorum
1682 1692 1773 1730 gravi-

1036 1743 1083 1764 tas.
1100 1744 1144 1765 tx.
1163 1741 1224 1764 116.
1243 1747 1269 1764 n.
1287 1742 1348 1765 117.
1362 1738 1548 1765 Juramentum
1560 1743 1597 1764 est
1609 1746 1770 1775 supervaca-

1038 1791 1125 1815 neum,
1141 1787 1166 1808 et
1181 1787 1369 1819 argumentum
1385 1780 1589 1808 incredulitatis.
1608 1787 1653 1808 ΧΙ.
1673 1784 1718 1808 16.
1741 1791 1769 1809 A.

1037 1824 1154 1863 Impium
1174 1831 1222 1854 est.
1239 1832 1283 1853 lx.
1300 1829 1343 1852 89.
1358 1835 1386 1852 A.
1408 1830 1454 1852 90.
1476 1825 1693 1852 Juramentorum
1707 1834 1774 1862 per-

1038 1868 1127 1896 nicies.
1146 1876 1178 1897 11.
1205 1873 1268 1896 177.
1291 1878 1319 1897 D.
1337 1872 1400 1896 226.
1418 1878 1443 1895 c.
1458 1878 1487 1895 n.
1505 1878 1533 1896 E.
1550 1871 1615 1897 227.
1632 1877 1696 1905 sqq.
1713 1874 1771 1896 vu.

1039 1916 1101 1940 561.
1117 1923 1142 1940 A.
1160 1919 1185 1940 et
1205 1912 1312 1940 damna.
1332 1917 1364 1939 11.
1384 1915 1445 1939 163.
1463 1921 1488 1939 B.
1507 1914 1570 1939 166.
1590 1920 1618 1937 n.
1632 1914 1693 1937 167.
1708 1914 1771 1940 168.

1040 1960 1100 1983 191.
1128 1960 1191 1985 192,
1223 1957 1361 1990 Quantum
1392 1965 1405 1982 a
1426 1953 1575 1982 reverentia
1604 1954 1659 1981 Deo
1683 1952 1775 1981 debita

1037 1998 1206 2027 abhorreant.
1228 2006 1261 2026 11.
1278 2003 1338 2027 105.
1356 2010 1378 2027 Β.
1397 2002 1457 2026 106.
1474 1997 1545 2025 Mate
1555 1996 1650 2034 agendi
1665 1997 1775 2035 pariunt

1038 2042 1229 2077 necessitatem,
1239 2040 1381 2078 quomodo.
1403 2047 1436 2069 11.
1457 2044 1519 2068 112.
1537 2039 1636 2077 Jejunii
1648 2040 1775 2068 meritum

1038 2085 1143 2112 tollunt.
1165 2092 1197 2113 11.
1224 2089 1286 2113 143.
1303 2095 1328 2113 c.
1350 2089 1412 2112 144.
1432 2084 1490 2111 Non
1504 2083 1540 2110 ita
1556 2081 1652 2120 pungit
1664 2088 1690 2109 et
1703 2083 1775 2111 occi·

1037 2127 1077 2155 dit
1096 2127 1219 2166 gladius,
1239 2128 1306 2155 sieut
1322 2126 1466 2166 juramenti
1484 2132 1577 2153 natura
1593 2131 1618 2152 et
1632 2125 1720 2163 plaga.
1737 2133 1773 2154 11.

1040 2176 1100 2199 186.
1113 2182 1140 2199 E.
1157 2172 1265 2200 Juratus
1277 2171 1325 2199 etsi
1335 2171 1426 2198 vivere
1437 2169 1570 2204 videatur,
1583 2169 1637 2206 jam
1653 2175 1774 2197 mortuus

1038 2220 1085 2241 est.
1112 2221 1145 2243 11.
1168 2219 1228 2242 186.
1250 2214 1290 2242 Ad
1303 2213 1449 2253 jurandum
1471 2222 1616 2251 provocare
1640 2212 1714 2250 pejus
1736 2219 1775 2241 est

1038 2257 1138 2286 malum
1155 2269 1233 2295 quam
1254 2259 1352 2296 jurare.
1370 2264 1415 2286 lx.
1433 2262 1477 2285 89.
1496 2267 1523 2285 f..
1546 2267 1570 2284 A.
1590 2261 1636 2284 90.
1657 2256 1773 2285 Jurandi

1038 2302 1216 2330 necessitatem
1225 2302 1304 2329 alicui
1318 2301 1459 2330 adducere.
1468 2301 1544 2338 pejus
1559 2306 1597 2328 est
1610 2310 1690 2337 quam
1702 2300 1773 2329 occi-

1038 2344 1108 2372 dere.
1130 2352 1163 2374 11.
1183 2350 1244 2374 187.
1266 2350 1327 2374 188.
1349 2345 1502 2373 Juramenta
1520 2343 1657 2381 fugienda.
1676 2351 1709 2372 11.
1725 2348 1772 2372 68.

1040 2393 1084 2415 96.
1110 2398 1137 2418 C.
1154 2393 1200 2416 97.
1220 2392 1282 2416 123.
1302 2392 1364 2416 154.
1389 2397 1415 2415 D.
1439 2391 1500 2415 155.
1526 2391 1586 2415 166.
1601 2397 1628 2415 D.
1652 2397 1686 2414 E.
1708 2391 1773 2415 167.

1040 2435 1102 2459 225.
1128 2441 1152 2458 c.
1175 2442 1204 2458 n.
1222 2441 1248 2459 ι’..
1270 2434 1431 2460 1v.143.c.
1452 2437 1498 2459 tx.
1515 2434 1560 2457 88.
1576 2440 1603 2457 D.
1623 2440 1649 2456 Ε.
1668 2440 1695 2458 A.
1710 2434 1773 2458 100.

1039 2485 1066 2502 F..
1090 2486 1115 2503 A.
1145 2479 1206 2502 109.
1227 2484 1253 2502 c.
1277 2484 1304 2501 n.
1330 2478 1391 2501 110.
1410 2477 1474 2501 374.
1492 2483 1520 2503 A.
1538 2474 1693 2502 Juramenta
1714 2472 1773 2501 ideo

1041 2517 1201 2553 damnanda,
1211 2517 1272 2555 quia
1284 2517 1358 2544 nulla
1369 2516 1521 2544 necessitate
1532 2516 1610 2544 fiunt.
1625 2523 1656 2544 tt.
1672 2520 1734 2543 133.
1747 2525 1773 2543 Ε.

1042 2565 1105 2589 134.
1121 2567 1144 2589 et
1160 2560 1221 2598 quia
1237 2570 1289 2589 non
1303 2567 1388 2599 potest
1404 2560 1449 2598 qui
1465 2561 1537 2598 jurat
1558 2570 1609 2588 non
1627 2559 1772 2597 pejerare,
