1884 2922
213 183 283 227 324
853 185 955 209 INDEX

211 263 256 285 lv.
284 259 329 283 20.
357 265 383 281 A.
412 252 488 282 Nihil
509 251 558 279 hac
581 256 692 278 amentia
711 248 795 286 pejus.
818 252 863 276 21.
889 250 957 274 Ante

209 299 327 338 quinque
340 297 425 326 millia
435 305 565 324 annorum
575 292 727 331 etamplius
735 298 848 327 creatus,
863 300 910 318 nec
921 297 957 318 ta—

211 353 271 371 men
286 342 486 371 50111111,1.558,
501 350 527 366 c.
538 336 676 365 Stabilitas
687 334 797 371 mundi,
810 334 958 372 etaequabi-

210 387 271 415 litas
280 383 474 414 vicissitudinis
485 389 643 420 temporum.
655 387 687 408 v.
702 384 764 407 592.
778 390 805 407 E.
822 377 957 407 Mundum

212 440 301 458 creare
312 428 398 457 minus
411 433 449 454 est
461 435 541 463 quam
559 424 647 463 ipsum
661 423 794 452 continere
805 429 830 450 et
843 432 956 450 servare·

215 481 271 503 ΧΠ.
282 477 325 501 25.
334 483 359 500 D.
371 482 395 499 Α.
416 470 522 497 Constat
535 478 569 496 ex
580 467 730 496 contrariis.
741 473 773 494 V.
787 470 850 495 207.
860 465 958 494 1³.Sine

215 515 384 557 providentia
399 513 450 542 Dei
473 519 542 540 stare
564 511 665 550 nequit.
692 518 724 539 II.
756 514 818 538 127.
844 519 872 540 1³.
891 519 955 548 sqq.

213 560 290 590 Nihil
303 559 383 587 habet
397 556 492 586 inutile
504 579 510 589 ,
526 556 574 584 etsi
591 565 665 584 secus
680 554 758 583 nobis
772 553 902 582 videatur.
921 560 954 581 II.

216 609 280 633 149.
298 613 326 631 A.
342 600 441 630 Mundi
460 600 540 638 liujus
555 609 596 628 res
612 609 663 627 non
678 597 812 633 fortuitce,
829 607 914 635 neque
931 597 958 625 in

215 648 363 683 creatione,
381 657 465 684 neque
480 646 506 674 in
522 644 724 683 gubernatione.
741 650 784 672 IV.
794 647 838 671 23.
848 654 876 671 A.
890 653 915 671 Β.
929 653 955 672 c.

213 693 351 722 Elementa
373 691 456 729 hujus
478 688 574 718 mundi
591 698 697 717 cursum
713 686 875 715 inoffensum
896 697 958 725 per-

214 743 293 776 petuo
306 741 426 764 servant.
444 740 489 764 IV.
507 737 552 761 22.
571 742 598 759 c.
622 738 647 760 et
661 731 756 759 docent
771 740 817 758 nos
833 740 885 758 non
899 736 959 758 tur-

213 780 333 809 bandum
348 788 403 806 esse
416 776 538 806 ordinem
550 775 649 803 divinae
664 774 755 812 Legis.
772 775 813 801 ΙΙ).
826 773 958 801 Dicebant

217 823 327 862 quidam
342 822 475 850 mundum
490 820 561 848 hunc
575 830 629 847 esse
643 819 733 847 deum.
754 825 788 846 X.
806 821 869 845 694.
888 828 913 845 c.
927 827 956 847 D,

216 869 255 896 lta
270 866 367 896 Graeci.
385 872 431 894 XI.
451 868 515 892 563.
533 874 557 892 c.
582 861 724 897 Quomodo
738 872 783 889 ora
799 871 891 889 eorum
912 860 959 888 ob-

220 909 358 939 struenda.
377 910 421 938 lb.
449 907 567 942 Quidam
588 907 714 935 dicebant
737 905 809 933 hunc
827 904 960 932 mundum

217 964 272 982 esse
287 951 481 985 immortalem,
499 957 528 978 ut
551 955 697 978 assererent
714 949 802 976 Deum
828 957 880 976 non
905 957 960 975 esse

216 1004 370 1026 creatorem.
388 1002 446 1023 VII.
461 998 525 1023 445.
543 1003 573 1022 D.

253 1040 352 1069 Mundi
366 1039 449 1077 hujus
459 1049 500 1067 res
512 1047 604 1065 omnes
617 1046 698 1074 quam
711 1036 790 1064 ssuxae
801 1041 826 1063 et
840 1033 956 1063 caducae.

214 1127 359 1157 somnium.
382 1133 414 1154 V.
440 1130 506 1155 166,
521 1135 547 1152 A.
566 1128 630 1153 167.
648 1127 712 1151 574.
729 1134 758 1151 D.
777 1129 835 1150 VII.
856 1127 919 1150 190.
936 1133 960 1150 c.

215 1171 326 1200 somniis
341 1169 426 1198 nihilo
449 1168 587 1202 meliores,
603 1167 660 1194 sive
677 1166 730 1193 illae
743 1166 819 1193 bouae
832 1165 888 1193 sive
903 1175 962 1193 mo-

215 1216 286 1244 105110
299 1214 364 1242 51111.
380 1220 439 1242 VII.
458 1217 517 1240 169.
540 1222 568 1239 D.
587 1209 707 1239 Mundus
722 1209 771 1237 iste
786 1219 869 1237 scena}
889 1219 962 1237 com-

214 1265 335 1298 paratur.
367 1264 387 1286 I.
417 1261 483 1285 955.
500 1266 526 1283 1).
551 1259 614 1283 956.
631 1255 763 1293 Prospera
776 1263 897 1290 quaenam
914 1252 962 1280 ha-

214 1304 328 1332 beantur
343 1301 370 1329 in
381 1301 431 1329 hoc
447 1299 559 1328 mundo.
574 1306 606 1327 V.
621 1302 686 1326 561.
702 1308 731 1326 D.
746 1297 855 1335 quinam
871 1307 962 1325 revera

214 1345 296 1375 beati.
330 1346 376 1372 ΙΙ).
418 1348 481 1372 562.
509 1354 538 1371 1).
568 1343 725 1380 Suspicatur
754 1340 963 1379 Chrysostomus

215 1390 295 1418 finem
322 1387 415 1416 mundi
436 1387 590 1415 adventare.
615 1392 673 1414 VII.
699 1389 762 1412 304.
786 1395 814 1413 E.
835 1397 863 1413 a.
890 1391 961 1415 VIII,

216 1438 282 1462 230.
293 1443 319 1461 Β.
332 1437 397 1461 231.
413 1438 472 1461 XII.
489 1434 552 1459 283.
565 1440 593 1458 D.
608 1433 671 1458 284.
689 1427 774 1456 Adde
787 1429 872 1464 Vm,
892 1429 963 1456 Pno-

221 1486 305 1505 §FERA
321 1485 424 1504 11101101.

256 1518 378 1548 Mundus
392 1518 418 1546 in
435 1517 575 1556 Scriptura
591 1516 676 1544 1113105
688 1515 809 1543 homines
820 1513 964 1552 aliquando

218 1563 364 1601 significat.
391 1568 437 1590 XI.
461 1566 524 1590 194.
542 1571 567 1589 F.
592 1561 622 1588 In
649 1560 749 1588 mundo
775 1560 863 1587 omnia
887 1558 965 1597 plena

218 1613 280 1635 sunt
294 1605 404 1643 laqueis
427 1611 460 1632 II.
477 1608 540 1634 182.
559 1614 588 1631 D.
605 1613 671 1642 sqq.
689 1601 833 1638 Quomodo
847 1601 965 1630 mundus

217 1661 270 1679 non
286 1648 440 1688 cognoverit
456 1649 552 1676 Deum.
571 1654 640 1676 VIII.
658 1652 702 1676 57.
717 1652 761 1675 58.
779 1647 885 1681 Quanto
899 1656 966 1685 [1131-

218 1701 269 1722 stat
283 1693 385 1721 servire
399 1695 456 1720 Deo
468 1702 549 1730 quam
562 1691 675 1720 mundo.
691 1698 762 1720 VIII.
778 1696 824 1719 59.

260 1737 404 1765 Mundum
427 1746 488 1764 esse
503 1736 614 1775 formoe
639 1736 786 1774 splzaericce
804 1740 894 1773 negat
918 1733 967 1763 Se-

226 1783 366 1810 verianus.
383 1787 428 1808 VI.
447 1784 512 1810 538.
526 1791 549 1808 B.

260 1825 393 1852 Mundus
405 1824 475 1859 Dei,
487 1830 516 1852 et
529 1824 654 1852 mzmdus
664 1823 787 1853 diaboli.
803 1829 848 1851 VI.
864 1826 929 1851 862.
942 1831 966 1849 11.

260 1870 495 1896 MURMURATORES
515 1868 702 1907 objurgantur.
724 1875 770 1896 XI.
789 1871 851 1895 298.
865 1877 890 1894 c.
901 1876 964 1905 sqq.

221 1912 310 1941 Satius
328 1919 367 1940 est
386 1911 454 1939 nihil
475 1922 552 1950 agere
578 1922 658 1949 quam
673 1909 867 1939 murmurando
882 1920 967 1948 agere.

222 1959 267 1984 ΙΙ).
284 1966 311 1983 1).

261 2003 426 2029 ΜιῬοΦοΡοι
441 2003 573 2037 γυναῖκες,
585 2000 719 2028 mulieres
734 2004 881 2037 unguenta
895 1998 969 2037 affe-

221 2052 314 2074 rentes
343 2045 383 2072 ad
405 2044 514 2073 Christi
536 2045 710 2083 sepulcrmn.
735 2050 805 2071 VIII.
820 2046 885 2070 816.
902 2052 966 2070 Α.ε.

221 2099 285 2127 sqq.
303 2089 388 2117 Circa
401 2089 469 2116 illas
483 2089 618 2116 notabilis
634 2088 809 2127 difficultas.
828 2088 873 2115 ΙΙ).

260 2134 404 2161 Musanmi
415 2139 508 2161 statuae
524 2132 549 2160 in
560 2131 659 2171 templo
671 2131 813 2170 Apollinis.
824 2137 856 2158 II.
866 2134 929 2159 682.
941 2140 964 2158 c.

260 2178 340 2204 Mcsc
349 2186 372 2204 15
390 2177 472 2204 Isaias
489 2183 567 2204 vocat
579 2175 734 2214 AEgyptios.
750 2182 796 2203 VI.
812 2179 857 2203 99.
878 2185 905 2202 D.

261 2221 426 2248 Museontm
442 2219 679 2257 frequentationem
693 2218 805 2257 quidam
822 2217 967 2246 Theodoro

221 2264 290 2292 male
305 2263 461 2292 suadebant.
475 2271 494 2292 I.
510 2269 556 2293 49.

264 2308 372 2335 Musma
389 2308 566 2336 instrumenta
591 2317 638 2335 cur
651 2305 752 2336 Judaeis
774 2305 914 2345 permissa.
933 2312 965 2333 V.

229 2356 294 2380 601.
311 2361 337 2379 c.
354 2355 418 2379 605.
439 2360 466 2378 1).
483 2361 509 2379 E.
527 2363 552 2379 A.
566 2362 591 2379 B.
617 2351 727 2379 Musicae
742 2351 791 2379 vis.
810 2357 839 2378 v.
857 2354 919 2379 156.
938 2360 965 2379 ι).

230 2400 293 2424 157.

262 2438 374 2466 Musiva
402 2448 482 2477 opera
496 2439 521 2467 111
535 2438 638 2467 cedibus
655 2438 832 2477 privatorum.
852 2445 883 2465 II.
901 2441 966 2465 784.

224 2491 248 2508 B.
266 2487 296 2508 V.
311 2486 374 2510 621.
390 2492 416 2509 1).

983 184 1109 207 RERUM.

1051 242 1524 282 Musomogscribii}Chrysostomus.
1547 249 1594 271 III.
1617 246 1678 270 868.

1052 290 1148 317 Mum
1162 298 1204 317 res
1220 294 1248 316 ut
1261 287 1348 315 Deum
1364 285 1531 315 benedicant.
1542 293 1572 315 v.
1583 290 1648 317 568,
1658 289 1754 315 Λ.569.

1051 334 1129 361 Mun
1138 342 1202 361 isus
1215 329 1510 369 scholasticusjubente
1523 329 1682 358 Cassiodoro
1702 329 1754 356 ho-

1012 377 1099 405 milias
1107 375 1294 415 Chrysostomi
1305 374 1400 403 Latine
1414 373 1554 402 convertit.
1569 380 1629 402 XII.
1646 378 1672 401 6.
1686 373 1752 401 Vt'd.

1010 423 1041 448 in
1057 421 1247 459 Proefatione‚
1264 430 1341 448 num.
1358 423 1383 447 5.

1051 466 1182 493 tuoruum
1190 474 1242 492 non
1253 473 1357 501 semper
1368 461 1521 490 usurarium
1534 460 1621 489 soenus
1634 459 1736 489 dicitur
1746 481 1754 495 ‚

1012 507 1058 536 sed
1073 518 1137 536 usus
1151 507 1277 546 simplex.
1295 513 1352 535 VII.
1369 510 1432 535 271.
1451 515 1475 533 13.
1496 505 1563 533 Vid.
1577 505 1687 534 Usum.

1054 557 1200 582 IIIi-sum..
1221 563 1295 581 sacra
1315 559 1377 581 sunt
1397 551 1571 580 sacrificium.
1593 557 1627 579 II.
1649 554 1713 579 443.
1729 560 1755 578 c-

1013 598 1067 626 Cur
1088 597 1260 626 Eucharistia
1285 595 1462 635 appellentur.
1493 602 1550 623 VII.
1569 598 1634 623 352.
1649 604 1677 622 D.
1694 595 1758 633 My-

1011 642 1154 670 steriorum
1176 647 1269 669 natura
1296 647 1350 668 tota
1371 639 1465 671 divina
1486 638 1572 677 qualis
1589 638 1634 667 sit.
1650 646 1685 668 x.
1709 642 1754 666 59.

1014 697 1038 714 11.
1067 686 1097 713 In
1113 685 1196 713 sacris
1215 684 1351 724 mysteriis
1367 683 1442 712 adest
1456 694 1516 712 caro
1532 682 1644 711 Christi.
1661 689 1692 711 II.
1709 686 1757 711 40.

1013 740 1040 760 c,
1056 730 1088 757 In
1104 729 1136 757 iis
1148 739 1255 757 carnem
1266 738 1341 756 suam
1366 734 1392 755 et
1413 727 1569 766 sanguinem
1589 736 1668 755 suum
1682 725 1759 754 nobis

1013 774 1201 802 communicat.
1231 775 1276 801 lb.
1305 772 1409 810 Corpus
1429 779 1453 800 et
1478 771 1636 809 sanguinem
1658 769 1760 798 Christi

1014 817 1154 846 sumimus.
1170 823 1201 845 II.
1217 821 1280 845 431).
1298 826 1324 844 Α.
1341 815 1503 854 Mystcrium
1519 813 1695 842 Eucharistiae
1708 812 1759 842 sub

1013 862 1123 899 antiqua
1136 861 1193 899 lege
1204 861 1406 900 praesignatum.
1424 867 1469 889 Iv.
1490 864 1555 888 740.
1572 869 1598 888 E.
1623 868 1650 887 Α.
1667 857 1758 886 Praefi-

1013 913 1139 945 gui-atum
1164 905 1228 934 olim
1256 905 1283 933 in
1311 905 1455 939 altaribus,
1480 904 1506 932 in
1521 902 1649 942 legitimis
1678 901 1759 931 caedi-

1013 950 1075 979 bus.
1091 956 1160 978 VIII.
1179 953 1244 977 315.
1257 958 1285 978 A.
1316 949 1373 977 Cur
1389 948 1451 977 data
1467 947 1657 986 sintImysteria
1671 957 1755 975 sacra.

1016 1001 1086 1022 VIII.
1101 997 1165 1021 313.
1177 1003 1203 1021 c.
1222 997 1285 1020 314.
1296 992 1326 1020 In
1339 992 1373 1020 iis
1383 1002 1410 1020 se
1421 991 1497 1020 nobis
1509 990 1634 1019 Christus
1645 990 1758 1019 commi-

1015 1044 1068 1065 scet
1080 1043 1109 1065 ut
1121 1046 1204 1064 unum
1217 1038 1311 1071 simus,
1325 1036 1400 1074 quasi
1411 1046 1507 1074 corpus
1522 1034 1756 1073 junctumzcapiti.

1014 1083 1058 1109 ΙΙ).
1074 1081 1162 1116 Quam
1175 1080 1309 1109 tremenda
1320 1103 1327 1115 ‚
1340 1079 1483 1115 horrenda,
1494 1078 1624 1107 terribilia
1633 1079 1696 1107 sint.
1709 1079 1754 1106 ΙΙ).

1016 1129 1080 1154 315.
1109 1135 1136 1153 1).
1163 1132 1183 1153 1.
1211 1128 1275 1152 468.
1300 1134 1326 1151 A.
1352 1131 1385 1152 II.
1407 1128 1470 1152 467.
1494 1135 1518 1152 13.
1540 1123 1757 1154 c.1v.269.1n

1016 1168 1143 1206 mysterio
1168 1167 1259 1195 altaris
1288 1166 1426 1194 Christum
1452 1166 1573 1204 quotidie
1607 1167 1754 1195 offerimus.

1016 1218 1076 1240 XII.
1103 1216 1166 1239 241.
1194 1221 1223 1240 1).
1256 1211 1348 1238 Unum
1375 1217 1462 1238 tamen
1488 1210 1668 1247 sacrificium,
1695 1211 1759 1248 quia

1016 1254 1135 1283 eamdem
1152 1255 1290 1284 victimam
1305 1265 1409 1292 semper
1433 1254 1584 1290 offerimus,
1601 1261 1627 1283 et
1639 1254 1759 1283 eamdem

1017 1306 1128 1327 mortem
1145 1299 1171 1327 in
1187 1299 1341 1327 memoriam
1357 1309 1523 1327 revocamus.
1540 1300 1584 1327 ΙΙ).
1603 1308 1632 1326 D.
1649 1310 1675 1326 A.
1693 1303 1758 1328 242.

1056 1343 1187 1382 Mysteria
1199 1342 1291 1371 divina
1303 1353 1362 1370 cum
1374 1342 1446 1380 quali
1461 1349 1584 1377 tremore,
1593 1342 1762 1370 veneratione

1017 1394 1042 1416 ct
1058 1387 1185 1415 modestia
1196 1386 1327 1415 adeunda.
1342 1394 1374 1415 11.
1388 1391 1453 1416 430.
1463 1396 1488 1414 11.
1500 1398 1526 1414 Α.
1536 1396 1562 1414 Β.
1580 1391 1644 1414 431.
1656 1390 1721 1414 473.
1734 1395 1760 1414 Β.

1018 1442 1081 1470 sqq.
1110 1432 1178 1459 Cum
1201 1438 1300 1469 quanta
1324 1430 1462 1458 sanctitate
1485 1436 1605 1469 oporteat
1628 1429 1760 1458 accedere.

1019 1482 1079 1504 XII.
1114 1479 1178 1503 242.
1208 1486 1234 1504 B.
1251 1485 1316 1513 sqq.
1342 1479 1406 1503 244.
1432 1485 1496 1513 sqq.
1528 1473 1583 1511 Adi
1597 1484 1626 1502 ea
1650 1474 1762 1512 quidam

1018 1519 1098 1547 semel
1114 1519 1140 1546 in
1156 1529 1224 1546 anno
1241 1525 1342 1546 tantum
1357 1517 1532 1553 accedebant;
1553 1527 1620 1555 quos
1637 1518 1763 1556 objurgat

1019 1563 1240 1600 ChrysostomuS.
1260 1569 1307 1590 XI.
1324 1562 1401 1591 6562.
1420 1573 1445 1589 c.
1463 1572 1491 1589 D.
1509 1571 1537 1590 Ε.
1555 1566 1620 1589 657.

1059 1605 1252 1644 Mysteriorum
1267 1605 1437 1644 participatio
1461 1615 1513 1632 non
1535 1611 1632 1633 temere
1653 1611 1678 1633 et
1706 1604 1764 1633 sine

1019 1651 1142 1678 examine
1170 1649 1296 1678 omnibus
1320 1648 1498 1678 concedenda.
1520 1656 1541 1677 I.
1569 1654 1632 1677 161.
1655 1659 1682 1680 Ε,
1707 1649 1763 1684 Qui

1020 1694 1173 1733 impuritate
1186 1694 1282 1733 plenus
1307 1693 1341 1722 ad
1361 1694 1408 1723 illa
1435 1693 1554 1728 accedit,
1573 1704 1654 1731 quam
1681 1704 1760 1722 enor-

1020 1738 1099 1766 miter
1114 1745 1212 1776 pcccet.
1230 1739 1275 1768 ΙΙ),
1300 1750 1326 1768 a.
1352 1737 1405 1774 Qui
1421 1737 1503 1765 sumit
1518 1737 1644 1776 indigne,
1660 1736 1760 1766 Herodi

1020 1789 1059 1810 est
1075 1782 1180 1812 similis.
1199 1788 1256 1810 VII.
1269 1786 1331 1810 130.
1349 1783 1420 1810 Reus
1435 1788 1473 1810 est
1486 1782 1604 1821 corporis
1614 1789 1640 1811 et
1651 1781 1762 1820 sangui-

1022 1827 1062 1854 nis
1078 1826 1198 1855 Domini.
1212 1833 1282 1855 VIII.
1300 1831 1365 1856 411.
1380 1837 1409 1854 D.
1425 1825 1489 1854 Abit
1504 1827 1530 1854 in
1545 1826 1689 1866 perniciem
1701 1836 1761 1854 cum

1022 1871 1119 1899 Christi
1133 1870 1359 1899 interfectoribus.
1378 1877 1447 1901 VIII.
1463 1875 1526 1899 324.
1544 1881 1571 1899 Ε.

1061 1916 1191 1956 Mysteria
1203 1915 1387 1955 participanda
1401 1916 1502 1954 absque
1517 1926 1690 1955 personarum
1701 1915 1762 1944 dis-

1022 1960 1159 1989 tinctione.
1187 1968 1219 1989 II.
1238 1965 1302 1990 522.
1317 1971 1345 1989 D.
1362 1971 1427 1999 sqq.
1444 1961 1511 1989 Cum
1526 1960 1619 1989 eadem
1645 1959 1762 1995 fiducia,

1023 2004 1115 2033 codem
1130 2005 1229 2033 bonore
1246 2006 1395 2044 Imperator
1406 2011 1431 2033 et
1445 2015 1547 2044 pauper
1564 2004 1598 2033 ad
1607 2004 1676 2033 hanc
1690 2014 1763 2033 men—

1023 2058 1079 2076 53111
1091 2048 1230 2078 accedunt.
1247 2050 1290 2076 lb.
1306 2052 1369 2076 523.
1383 2059 1409 2077 c.

1064 2092 1203 2131 Mysteriis
1219 2092 1316 2120 initiati
1332 2103 1389 2130 quae
1404 2092 1439 2121 ad
1453 2092 1620 2131 praesentiam
1645 2092 1764 2130 corporis

1021 2136 1155 2165 Dominici
1185 2136 1316 2174 pertinent
1335 2136 1384 2164 soli
1401 2136 1596 2174 intelligebant.
1615 2143 1635 2164 l.
1653 2140 1718 2165 609.
1737 2148 1760 2165 Β.

1022 2181 1152 2219 Mysteria
1161 2180 1252 2219 januis
1266 2180 1362 2208 clausis
1375 2180 1594 2216 celebrabantur,
1608 2180 1697 2218 ejectis
1711 2190 1765 2208 non

1024 2225 1143 2252 initiatis.
1161 2231 1219 2252 VII.
1233 2229 1298 2253 327.
1313 2235 1339 2252 e.
1359 2235 1385 2252 D.
1409 2225 1438 2252 ln
1461 2224 1597 2264 mysteriis
1618 2223 1765 2252 Christiani

1022 2280 1049 2297 se
1074 2275 1167 2296 mutuo
1190 2268 1429 2307 amplectebantur.
1446 2275 1514 2297 VIII.
1537 2273 1600 2297 531.
1618 2279 1646 2298 D.
1663 2269 1765 2297 Eorum

1021 2313 1067 2351 qui
1083 2312 1247 2340 decesserant
1264 2312 1390 2340 memoria
1408 2312 1499 2340 cratin
1507 2312 1607 2340 divinis
1619 2312 1764 2351 mysteriis.

1024 2365 1058 2386 X.
1076 2361 1139 2385 457.
1156 2367 1183 2384 A.
1198 2356 1270 2391 Quid
1287 2363 1349 2385 tunc
1364 2356 1529 2385 clamabatur
1538 2357 1571 2385 ab
1581 2367 1611 2385 eo
1621 2355 1764 2394 (1111311513-

1022 2401 1068 2429 bat
1082 2400 1171 2428 altari.
1187 2402 1230 2428 ΙΙ).
1250 2400 1338 2428 Adde
1352 2400 1556 2429 Ermumsm.

1064 2446 1212 2481 Mysteria
1226 2447 1426 2483 purgationem
1443 2447 1548 2473 anima?
1564 2445 1710 2484 asserunt.
1742 2451 1762 2472 1.

1025 2495 1087 2519 987.
1111 2499 1136 2518 ε.
