1884 2922
242 180 307 213 300

237 252 395 280 histrionum
413 252 541 291 pulsluffl.
568 260 609 280 ΧΙ.
628 258 688 280 804.
701 262 725 279 c.
745 253 838 280 Larvw
857 252 882 280 in
899 253 974 280 thea-

239 296 297 324 tris.
314 304 358 324 ΧΙ.
375 301 438 324 ὕ38.
458 307 481 323 n.

279 339 411 368 LASthA
428 347 452 367 et
467 339 547 367 luxus
562 339 704 367 mulierum
720 346 840 378 tempore
856 339 977 378 Chryso--

239 383 329 412 steini.
350 390 391 411 Vt.
409 387 453 409 53.
468 393 494 411 ‹;.
512 386 557 410 55.
574 392 596 411 n.
611 382 733 410 Lascivia
747 382 879 420 quomodo
890 383 974 411 corri-

239 426 333 465 genda.
351 433 398 454 ix.
415 431 480 453 ott.
498 436 524 453 A.

279 472 394 500 mef.
407 469 644 507 linguaistudinm.
665 478 685 498 1.
704 476 765 499 103.
782 482 807 500 E.

278 515 425 542 LATRONES
437 513 515 540 ambo
532 513 607 541 initio
622 515 842 544 conviciabantur
855 517 973 548 Christo.

242 565 299 586 vu.
330 561 393 585 927.
422 557 503 584 Latro
531 556 618 585 bonus
641 558 772 596 principio
801 561 977 591 maledicebat

242 600 358 629 Christo.
377 607 409 628 ΙΙ.
428 604 492 629 490.
510 612 533 628 ⁸.
552 600 632 629 Latro
652 601 785 638 quomodo
801 603 934 641 ingressus
951 606 975 633 in

240 655 351 683 regnum
366 644 501 673 ccclornm.
520 651 565 673 lv.
580 650 644 672 790.
663 656 691 675 n.
712 646 830 681 Pendcns
848 648 874 677 in
888 659 976 687 cruce,

238 688 356 716 oratione
369 697 479 725 reguum
491 687 615 715 caelorum
632 689 795 727 impetravit.
813 698 857 719 lv.
871 697 935 722 855.
951 703 975 721 ε.

237 732 299 759 Uno
314 731 396 759 verbo
411 731 527 770 prolato,
540 731 594 759 sola
607 731 661 760 fide
674 732 806 765 exhibita.
825 735 850 763 in
867 736 977 774 paradi-

239 785 297 803 sum
318 781 377 802 ante
397 775 529 813 apostolos
545 775 664 803 intravit.
689 783 734 804 lv.
756 782 820 805 787.
846 790 872 807 n.
898 780 975 808 Brevi

239 819 391 857 poenitentia
404 817 558 857 paradisum
575 819 694 858 adeptus.
707 827 725 848 1.
742 826 784 849 10.
801 832 827 849 ε.
841 823 977 861 Ingressus

237 869 275 891 est
290 863 316 890 in
331 862 485 901 paradisum
501 872 551 890 non
572 874 632 891 cum
652 874 771 902 corpore.
791 872 834 893 lv.
856 872 921 896 788.
946 878 975 896 D.

277 907 357 934 Latro
372 906 398 934 in
413 917 490 934 cruce
507 906 609 934 doctor.
628 915 661 935 ΙΙ.
682 913 742 936 478.
762 919 790 936 υ.
815 914 874 938 479.
897 911 977 939 Nulla

236 950 337 988 praevia
352 950 533 978 admonitione
546 950 572 978 in
591 961 669 979 cruce
685 951 825 981 Christum
841 955 977 983 confessus

236 1000 284 1021 est.
298 1000 317 1021 t.
336 998 400 1021 701.
414 1005 437 1020 A.
454 993 520 1031 Ejus
535 993 643 1022 litlucia.
660 1002 692 1022 ΙΙ.
710 1000 774 1024 «479.
793 1007 817 1025 c.
845 1004 870 1025 et
885 998 976 1036 philo-

237 1036 342 1075 sophia.
356 1044 388 1065 11.
404 1042 468 1065 479.
483 1048 508 1064 c.
527 1044 573 1067 tn.
589 1042 652 1065 596.
668 1048 694 1065 c.
711 1038 765 1065 Cur
777 1038 802 1066 in
820 1040 975 1078 paradisum

237 1079 411 1108 introductus.
424 1087 467 1108 tv.
487 1085 550 1108 787.
568 1091 593 1109 c.
613 1082 733 1109 Latronis
746 1082 772 1109 iu
787 1093 865 1112 cruce
880 1085 913 1111 al)
925 1085 977 1113 alio

235 1123 336 1151 latrone
350 1123 510 1151 differentia.
530 1131 561 1151 lt.
580 1129 640 1152 490.
658 1136 682 1153 c.
699 1127 833 1155 Latronis
846 1130 873 1154 in
893 1139 975 1157 cruce

238 1168 416 1201 paenitentia.
432 1174 462 1194 V.
479 1171 542 1195 661.
558 1179 583 1196 Λ.
599 1168 689 1195 Latro
703 1169 907 1207 allerqztast‘in
922 1178 976 1200 sta-

236 1217 295 1237 lera
311 1213 341 1237 in
352 1210 445 1238 altum
461 1210 604 1246 sabbaim,
628 1210 703 1238 alter
716 1211 875 1249 depressus.
907 1221 975 1243 ΠΗ.

237 1258 300 1281 697.
319 1264 344 1281 C.

280 1296 408 1325 Latrones
421 1296 604 1325 Andronicum
621 1304 727 1336 captum
743 1299 921 1338 despoliatum
936 1301 976 1329 di-

237 1341 358 1371 mittunt,
377 1348 421 1369 ιιι.
439 1345 503 1369 724,
526 1352 553 1370 E.

276 1386 454 1414 Limonum
470 1385 582 1422 gravius
594 1391 632 1412 est
647 1385 974 1417 adulte1·ium.xt.53'a.n.

275 1428 431 1456 LAx·AcaUM
450 1428 665 1466 regenerationi&
693 1436 725 1457 V.
753 1435 816 1460 2213.
832 1441 860 1459 D.
890 1433 975 1461 Lava-

239 1482 312 1499 crum
332 1471 459 1509 baptismi
479 1479 516 1499 est
538 1472 711 1510 pharmacum
734 1481 758 1501 et
778 1475 853 1511 quasi
868 1476 974 1504 antido-

237 1521 306 1544 tum.
321 1522 367 1544 Xl.
382 1519 443 1542 333.
457 1526 481 1542 r.
496 1515 635 1549 Quaslibet
649 1517 766 1545 maculas
779 1517 853 1546 eluit.
870 1524 971 1548 [1269.

236 1570 261 1586 A.
278 1559 336 1586 Non
353 1565 436 1596 potest
462 1557 560 1586 iterari.
584 1566 643 1587 XII.
669 1565 732 1588 137.
755 1571 779 1589 c.
799 1562 910 1590 Lau-acri
927 1564 975 1592 Ju-

237 1601 357 1630 dceorum
370 1612 383 1629 a
398 1601 505 1630 lavacro
520 1601 645 1640 baptismi
658 1602 809 1632 discrimen.
824 1612 845 1633 ΙΙ
862 1610 924 1635 269.
943 1618 972 1637 A.

277 1647 413 1673 LAunAnr.
439 1645 526 1672 Deum
553 1645 594 1673 vel
620 1652 734 1674 tacentes
759 1658 911 1685 possumus,
944 1657 973 1678 v.

236 1693 299 1716 344.
323 1699 351 1716 D.
378 1687 501 1716 Laudare
523 1688 620 1716 virtute
643 1689 768 1727 praeditos
786 1691 902 1729 prodest.
927 1700 972 1723 lv.

235 1737 333 1760 879.n.
343 1731 465 1760 Laudare
479 1731 660 1770 delinquentes
671 1733 748 1772 longe
762 1735 822 1773 plus
836 1743 874 1764 est
893 1747 974 1774 quam

235 1776 398 1813 delinquere
409 1782 454 1803 1v.
466 1780 530 1804 879.
544 1788 570 1805 Λ.
585 1776 708 1805 Laudare
722 1785 859 1816 peccatum
876 1791 975 1809 nocen-

236 1820 289 1847 tius
309 1826 346 1847 est
365 1829 445 1856 quam
472 1829 590 1857 peccare.
611 1827 643 1850 V.
661 1825 727 1850 282.
751 1833 778 1851 n.
798 1831 844 1852 IX.
861 1829 924 1853 503.
943 1836 972 1853 D.

234 1862 357 1891 Laudare
373 1862 517 1901 improbos,
534 1863 696 1901 supplicium
712 1866 791 1904 parit.
808 1874 853 1895 tv.
868 1872 932 1898 579.
945 1879 971 1897 Ε.

274 1905 397 1934 Laudare
411 1916 438 1933 se
449 1905 554 1943 quando
570 1906 657 1934 liceat.
675 1915 705 1936 V.
721 1914 750 1937 9.
768 1920 795 1938 ιε.
814 1917 846 1938 Χ.
860 1916 924 1940 743.
943 1923 969 1940 E.

237 1949 353 1978 Laudari
376 1949 439 1977 vis?
459 1948 548 1978 lauda.
567 1956 600 1979 V.
619 1955 663 1978 35.
687 1963 710 1979 A.
734 1953 873 1982 Laudandi
900 1955 972 1984 modi

237 1993 312 2023 varii.
331 2000 362 2021 Y.
379 1997 442 2021 590.
461 2003 487 2020 c.

275 2037 351 2065 LAUs
370 2047 432 2065 vera
449 2047 516 2074 quae.
533 2045 578 2066 ΧΙ.
596 2043 663 2067 272.
684 2050 710 2066 A.
730 2044 794 2069 273.
816 2042 887 2069 Laus
903 2042 971 2079 quid

236 2080 280 2108 sit.
299 2087 331 2110 V.
355 2084 418 2108 277.
437 2091 460 2109 c.
479 2081 549 2109 Laus
570 2083 619 2110 Dei
633 2093 690 2120 quae
711 2083 755 2112 sit.
772 2092 804 2113 V.
823 2089 886 2114 331.
902 2086 974 2114 Laus

236 2124 284 2151 Dei
301 2124 461 2152 sacrificinm
476 2124 499 2152 ei
514 2126 706 2162 gratissimum.
730 2135 761 2155 v.
779 2133 842 2156 605.
858 2139 882 2156 B.
899 2130 972 2157 Lau-

235 2166 301 2195 dum
315 2174 339 2195 et
354 2167 516 2206 hymnorum
538 2170 698 2207 praestantia.
713 2178 733 2200 1.
747 2176 810 2200 536.
827 2182 854 2200 E.
872 2172 974 2201 Laudis

236 2211 405 2239 sacrificinm.
420 2218 451 2239 V.
469 2217 533 2240 378.
548 2224 574 2242 A.
588 2213 692 2241 Laudes
703 2215 840 2243 orationis.
860 2223 892 2244 V.
907 2221 970 2245 641.

236 2264 261 2282 a.
277 2253 351 2288 Quid
374 2254 542 2283 difficultatis
563 2255 671 2284 habeat.
688 2264 720 2285 Υ.
744 2262 808 2286 344.
831 2259 901 2286 Laus
921 2269 973 2287 non

236 2298 321 2336 placet
341 2308 375 2325 ex
389 2308 433 2326 ore
448 2299 600 2337 peccatoris.
624 2307 646 2329 1.
670 2305 732 2330 536,
753 2312 781 2330 D.
803 2301 908 2330 Laudes
924 2303 973 2331 Dei

236 2341 368 2379 quomodo
380 2349 474 2370 canant
487 2343 603 2370 membra
616 2351 714 2372 nostra.
730 2352 761 2373 V.
778 2350 841 2375 560.
860 2357 884 2373 Β.
902 2346 974 2381 Quc-

236 2385 315 2413 modo
326 2385 446 2413 emittant
461 2385 539 2414 bruta
563 2393 588 2414 et
611 2388 679 2416 serm.
701 2393 806 2417 v.593.
827 2399 853 2416 D.
869 2389 973 2417 Laudes

235 2429 347 2456 alioruin
360 2430 433 2468 justo
448 2429 587 2467 gaudium.
606 2438 627 2460 1.
645 2436 710 2461 930.
729 2443 756 2460 A.
774 2433 845 2460 Laus
865 2433 971 2471 propria

236 2472 357 2500 vitanda.
376 2480 433 2501 ΠΙ.
452 2478 495 2502 48.
515 2486 540 2502 A.
557 2476 643 2511 Quam
660 2476 752 2504 odiosa
765 2477 808 2504 sit.
827 2484 860 2505 x.
875 2482 940 2505 697.

276 2517 345 2543 Laus
367 2517 546 2546 multitudinis
564 2520 764 2549 contemnenda.
782 2528 838 2549 vu.
856 2526 920 2549 706.
947 2534 970 2550 A.

236 2558 338 2586 Laudes
354 2569 402 2587 nou
420 2562 552 2596 cur-tndae,
575 2574 658 2601 neque
679 2565 757 2593 ctiam
778 2565 967 2594 accusationes.

866 191 969 214 INDEX
998 191 1122 214 RERUM.

1030 259 1073 280 tv.
1088 257 1153 283 245,
1177 263 1204 282 C.
1230 260 1276 281 lx.
1294 258 1357 281 137.
1383 265 1410 283 n.
1434 256 1504 283 Laus
1528 255 1667 284 hominum
1685 266 1765 293 quam

1028 296 1110 324 ssuxa.
1130 303 1172 324 tv.
1190 300 1232 324 47.
1246 307 1269 324 ιι.
1285 297 1379 324 Statim
1399 299 1541 326 evanescit.
1561 306 1630 328 ΥΙΙΙ.
1655 304 1718 328 238.
1737 311 1762 328 Β.

1028 339 1116 367 tnflda
1143 345 1202 375 est,
1226 346 1251 367 et
1273 339 1340 367 nihil
1368 339 1490 368 utilitatis
1512 341 1598 370 affert.
1625 349 1671 370 xl.
1696 348 1761 371 803.

1030 382 1137 411 Laudes
1149 383 1289 411 hominum
1305 383 1346 411 vel
1361 394 1393 412 ex
1410 383 1494 421 gratia
1514 384 1658 422 prodeunt,
1673 386 1714 415 vel
1734 397 1767 414 ex

1030 426 1091 454 odio
1104 433 1243 465 negantur.
1263 433 1332 455 vul.
1351 431 1396 456 37.
1414 437 1442 455 ῐ).
1460 426 1562 455 Laudis
1580 436 1709 457 amatores
1723 430 1767 457 ni-

1031 469 1078 497 mii
1094 469 1247 508 culpantur.
1272 476 1293 497 1.
1321 474 1385 499 510.
1411 481 1438 499 c.
1461 470 1565 499 Laudes
1579 472 1624 509 qui
1640 481 1690 500 non
1706 483 1769 501 con-

1031 515 1134 549 temnit,
1162 515 1252 553 gravia
1281 515 1364 543 multa
1395 516 1507 554 patitur.
1533 523 1553 544 1.
1577 521 1641 546 512.
1667 527 1692 546 c.
1721 519 1768 556 qni

1030 557 1154 596 despicit,
1178 558 1271 586 multis
1290 558 1391 587 fruitur
1412 559 1551 587 laudibus.
1575 567 1621 588 lx.
1646 565 1710 590 694.
1738 572 1765 590 n.

1030 601 1076 639 qui
1101 602 1213 639 quaerit,
1240 613 1253 630 a
1270 603 1327 630 Deo
1355 613 1407 630 non
1431 602 1569 631 laudatur.
1599 610 1655 632 vu.
1671 609 1717 633 46.
1740 618 1766 634 A.

1031 645 1147 674 Laudari
1159 646 1192 673 ah
1204 646 1328 674 erunibus
1341 646 1509 674 Christianus
1524 647 1626 685 nequit.
1641 654 1686 676 1V.
1703 653 1767 678 246.

1031 699 1058 716 D.
1076 689 1180 717 Laudes
1189 699 1240 717 nou
1264 689 1414 725 hominum,
1428 689 1473 718 scd
1484 690 1545 725 Dei,
1555 691 1718 728 quaerendae.
1734 699 1767 720 X.

1033 736 1094 760 120.
1120 743 1143 760 c.
1159 733 1230 761 Laus
1253 743 1267 761 a
1292 734 1348 761 Deo
1373 733 1507 772 prodiens,
1524 744 1647 772 magnam
1668 735 1771 763 homini

1031 776 1107 803 affert
1127 776 1280 804 utilitatem.
1299 783 1369 805 ΥΙΙΙ.
1388 782 1433 806 37.
1451 788 1479 806 1).
1498 778 1569 806 Laus
1587 788 1638 806 non
1659 778 1771 807 debetur

1031 819 1201 847 abstinentiae
1216 830 1230 847 a
1245 819 1337 858 pravis
1350 821 1486 859 operibus,
1504 828 1549 849 ΧΙ.
1565 826 1666 850 27413.

1073 863 1177 891 LAzth
1207 864 1380 901 quatriduani
1405 864 1526 899 historia,
1551 875 1565 892 a
1590 866 1692 894 Joanne
1715 865 1771 894 solo

1032 913 1187 940 memorata,
1207 917 1255 934 cur
1270 917 1283 934 a
1301 907 1401 936 caeteris
1420 908 1588 947 evangelistis
1606 908 1640 936 sit
1659 916 1772 948 praeter-

1032 950 1121 977 missa.
1139 956 1170 977 tt.
1187 955 1252 978 771.
1268 962 1294 978 A.
1309 953 1439 980 Lazarum
1454 962 1502 980 cur
1517 952 1641 981 Christus
1651 953 1767 981 fleverit.

1034 1000 1077 1021 Vt.
1097 998 1159 1021 357.
1175 994 1267 1021 Lazari
1280 995 1427 1023 resuscitati
1451 996 1611 1024 miraculum
1627 1003 1768 1034 quantum.

1033 1043 1101 1064 ΠΗ.
1118 1041 1179 1064 434.
1208 1047 1232 1065 c.
1259 1038 1374 1066 Lazarus
1390 1049 1440 1066 non
1462 1038 1579 1068 oratione
1590 1039 1700 1074 Christi,
1723 1040 1770 1068 sed

1029 1080 1104 1116 jussu
1121 1090 1134 1106 a
1151 1081 1262 1109 mortuis
1277 1082 1420 1109 excitatus.
1435 1089 1454 1110 Ι.
1471 1087 1534 1112 645.
1553 1093 1580 1113 A.
1598 1083 1664 1121 Ejus
1679 1094 1771 1111 resur·-

1032 1123 1111 1150 rcctio
1124 1123 1284 1151 offendicula
1298 1125 1388 1160 solvit,
1400 1126 1544 1163 quomodo.
1560 1134 1581 1155 1.
1600 1131 1664 1156 642.
1682 1139 1708 1155 A.
1720 1128 1771 1155 La-

1031 1177 1121 1194 zarum
1136 1177 1181 1195 cur
1193 1168 1324 1196 foetentem
1339 1169 1591 1200 suscitax-erit.x·111.
1604 1175 1668 1200 427.
1681 1181 1707 1199 c.
1720 1172 1771 1200 La-

1031 1210 1084 1237 zari
1104 1211 1262 1239 resurrectio
1275 1211 1375 1240 Christi
1396 1213 1578 1241 resurrectioni
1605 1213 1685 1242 fidem
1695 1214 1768 1243 facit.

1032 1261 1064 1283 ΙΙ.
1084 1258 1149 1282 772.
1163 1265 1186 1281 Β.

1071 1299 1163 1326 Lazari
1178 1305 1202 1326 et
1224 1298 1317 1327 divitis
1333 1298 1455 1328 historia.
1473 1307 1492 1329 1.
1509 1305 1608 1329 934.n.
1622 1308 1654 1329 ΙΙ.
1665 1306 1765 1331 789.A.

1032 1342 1146 1370 Lazarus
1169 1352 1214 1380 per
1232 1348 1371 1380 angustam
1392 1343 1465 1372 viam
1488 1343 1602 1372 incessit.
1619 1351 1638 1373 Ι.
1659 1349 1723 1373 972.
1741 1356 1766 1373 n.

1030 1385 1124 1412 Lazari
1139 1385 1254 1413 mendici
1265 1385 1342 1414 situs.
1358 1393 1378 1414 1.
1395 1392 1459 1416 954.
1477 1398 1505 1415 E.
1526 1388 1555 1415 In
1572 1387 1704 1416 vestibulo
1722 1388 1767 1416 di-

1030 1428 1092 1456 vitis
1105 1439 1198 1457 novem
1211 1429 1342 1468 supplicia
1358 1430 1476 1468 pertulit.
1492 1438 1513 1459 1.
1531 1435 1595 1459 882.
1610 1442 1632 1460 c.
1657 1436 1720 1459 883.
1738 1433 1767 1460 ln

1030 1472 1161 1500 vestibulo
1174 1471 1266 1500 divitis
1279 1483 1331 1500 non
1345 1483 1467 1501 morosus
1479 1484 1525 1502 nec
1539 1474 1679 1512 impatiens
1696 1481 1763 1502 erat.

1030 1522 1051 1543 1.
1073 1520 1136 1544 882.
1153 1525 1180 1543 A.
1202 1516 1294 1544 Lazari
1316 1516 1439 1555 pauperis
1459 1517 1554 1546 virtus.
1579 1525 1624 1546 111.
1641 1522 1704 1546 543.
1729 1524 1762 1545 v.

1030 1563 1094 1588 433.
1126 1560 1240 1587 Lazarus
1269 1570 1371 1597 pauper
1395 1569 1446 1587 non
1474 1560 1561 1588 minus
1589 1561 1764 1599 conspicuus,

1030 1612 1109 1638 quam
1126 1608 1179 1630 tres
1195 1602 1269 1640 pueri
1285 1603 1311 1630 in
1322 1602 1436 1630 fornace.
1450 1609 1507 1631 VII.
1527 1608 1575 1634 79.
1592 1615 1617 1631 A.
1638 1604 1703 1643 Ejus
1717 1615 1767 1642 pa-

1030 1645 1131 1673 tientia.
1143 1652 1175 1674 11.
1188 1650 1251 1674 914.
1268 1646 1420 1674 n.Fortiter
1440 1646 1551 1675 adversa
1573 1647 1646 1675 tulit.
1662 1655 1682 1677 Ι.
1700 1652 1765 1676 209.

1030 1689 1069 1716 De
1091 1689 1281 1717 resurrectione
1304 1699 1356 1717 non
1377 1688 1592 1728 philosophatur.
1615 1697 1636 1718 Ι.
1654 1696 1720 1719 880.
1737 1702 1764 1719 A.

1029 1744 1054 1762 A.
1069 1732 1160 1760 Lazari
1177 1733 1301 1771 pauperis
1321 1742 1393 1760 murs
1406 1732 1531 1771 pretiosa.
1546 1740 1579 1762 ΙΙ.
1595 1738 1640 1762 74.
1652 1735 1767 1762 Lazarus
1800 1729 1811 1736 ⁸

1030 1777 1055 1804 in
1073 1776 1195 1815 praesenti
1207 1778 1262 1804 vita
1274 1787 1385 1815 pauper,
1399 1777 1424 1804 in
1436 1777 1524 1805 futura
1534 1777 1620 1806 dives.
1637 1782 1724 1806 11.30.
1737 1787 1765 1807 E.

1029 1820 1158 1848 Omnium
1186 1820 1410 1859 opulentissimus.
1432 1827 1451 1848 1.
1470 1825 1534 1848 895.
1557 1832 1581 1848 Β.
1606 1820 1767 1849 Patriarchae

1030 1863 1144 1892 Abrahae
1169 1863 1257 1892 sedem
1282 1870 1468 1901 consequutus.
1484 1870 1530 1892 lll.
1547 1868 1612 1892 677.
1633 1876 1659 1894 A.
1677 1865 1769 1898 Quare

1029 1907 1054 1934 in
1074 1906 1133 1934 sinu
1154 1907 1279 1935 Abrahae.
1293 1914 1312 1935 Ι.
1325 1911 1389 1935 889.
1408 1906 1501 1935 Lazari
1517 1907 1670 1946 exemplum
1686 1907 1766 1936 inhu-

1030 1951 1113 1979 manis
1136 1951 1304 1989 proponitur.
1322 1958 1367 1979 lv.
1389 1955 1454 1979 776.
1473 1961 1495 1978 Β.
1516 1951 1672 1980 Communis
1695 1951 1767 1980 orbis

1028 1994 1119 2023 doctor
1133 1995 1302 2034 proponitur.
1316 2001 1336 2022 Ι.
1351 1999 1415 2024 889.
1431 2004 1458 2021 Ε.

1061 2041 1167 2068 Laeuo
1175 2039 1375 2078 Scripturarnm
1394 2039 1606 2066 commendatur.
1626 2046 1645 2067 1.
1660 2043 1725 2068 680.
1738 2049 1766 2067 Δ.

1029 2087 1091 2113 903.
1108 2094 1135 2112 A.
1149 2089 1220 2112 vm.
1233 2087 1295 2110 216.
1309 2093 1333 2111 E.
1350 2089 1396 2110 ΧΙ.
1411 2086 1474 2109 611.
1487 2093 1512 2110 c.
1524 2082 1591 2120 Ejus
1602 2082 1711 2111 utilitas.
1729 2089 1763 2112 11.

1029 2130 1143 2155 356,1v.
1168 2131 1232 2154 1005.
1255 2136 1281 2154 c.
1305 2133 1338 2155 v.
1357 2130 1421 2153 624.
1451 2136 1480 2156 A.
1500 2132 1569 2153 vm.
1587 2130 1651 2154 360.
1669 2137 1695 2153 A.
1712 2127 1765 2155 Le-

1028 2170 1080 2198 ctio
1092 2169 1292 2208 evangeliorum
1314 2169 1466 2196 necessaria.
1493 2175 1552 2197 Vll.
1567 2173 1612 2198 35.
1631 2181 1656 2198 Β.
1676 2170 1766 2199 Lectio

1028 2212 1172 2251 Scriptura)
1194 2222 1273 2240 sacrae
1301 2212 1351 2250 piae
1377 2211 1513 2249 religionis
1535 2213 1656 2241 notitiam
1676 2214 1763 2243 affert.

1029 2264 1075 2284 ΙΙΙ.
1098 2261 1144 2284 31.
1169 2267 1196 2285 A.
1224 2256 1321 2283 Iterata
1344 2255 1430 2294 aperit
1452 2255 1574 2283 obscura.
1600 2263 1620 2284 l.
1645 2262 1709 2286 907.
1737 2268 1763 2285 Β.

1029 2300 1117 2328 Etiam
1137 2310 1187 2327 non
1209 2299 1341 2327 intellecta
1373 2298 1457 2327 utilis.
1479 2306 1499 2328 1.
1524 2304 1587 2327 906.
1605 2309 1632 2328 c.
1650 2300 1697 2328 Est
1723 2300 1765 2328 in-

1027 2350 1203 2371 strumentum
1218 2342 1318 2370 salutis.
1334 2349 1353 2371 1.
1369 2347 1433 2371 905.
1450 2353 1477 2370 D.
1494 2343 1602 2371 Morbos
1619 2343 1701 2371 animi
1715 2354 1763 2372 cx-

1026 2387 1148 2425 stinguit.
1175 2394 1232 2416 Ylt.
1256 2391 1302 2415 74.
1328 2398 1354 2414 A.
1380 2386 1541 2415 Sanctificat.
1564 2393 1632 2415 vin.
1656 2392 1761 2416 217.c.

1027 2432 1091 2459 Sine
1105 2431 1216 2459 lectione
1227 2430 1360 2469 spirituali
1377 2440 1428 2458 uon
1447 2437 1532 2469 potest
1544 2430 1676 2469 quispiam
1690 2431 1764 2459 salu-

1027 2481 1079 2503 tem
1117 2474 1252 2512 consequi.
1284 2482 1302 2502 1.
1330 2479 1394 2502 904.
1420 2486 1444 2503 A.
1471 2474 1589 2502 Lectioni
1616 2474 1763 2514 Scripturae

1026 2518 1159 2546 addantur
1179 2519 1247 2546 bona
1270 2528 1359 2557 opera.
1379 2525 1424 2546 tn.
1446 2522 1509 2547 196.
1529 2530 1554 2546 A.
1580 2518 1669 2546 Lectio
1687 2518 1762 2547 Scri-

1027 2572 1110 2603 ptnra¹
1122 2575 1181 2593 eum
1196 2571 1270 2602 prato
1285 2564 1389 2593 collata.
1405 2571 1447 2592 tlt.
1465 2569 1507 2591 86.
1521 2575 1546 2593 c.
1559 2575 1619 2592 cum
1630 2565 1762 2594 sonuum.
