1884 2922
778 214 880 236 INDEX
909 213 1032 237 RERUM.

137 276 195 300 115.
214 283 238 300 Β.
255 277 317 300 532.
333 283 360 301 D.
377 281 397 303 I.
419 279 444 302 3.
464 286 487 303 n.
509 282 599 304 catena
613 275 646 304 de
660 276 722 304 eaelo
737 275 865 315 pendens,

129 317 260 343 sustinens
277 317 380 345 animas
401 325 514 348 nosti-aS.
540 327 558 348 1.
578 324 604 348 3.
626 331 649 347 ,1.
667 319 837 359 praesidium,
852 331 866 348 a

127 369 179 395 quo
204 359 271 387 nihil
293 359 430 390 dimovere
444 361 522 391 debet
544 363 569 390 in
591 364 725 392 aerumnis.
743 371 775 392 V.
800 368 864 393 532.

127 412 156 429 D.
169 413 193 429 E.
205 404 361 441 praesidium
377 405 600 444 inexpugnabile,
611 413 745 434 armatura
760 407 867 445 insupe-

126 445 232 483 rabilis,
255 447 296 476 vis
319 449 429 485 invicta,
451 456 543 488 portus
563 450 745 488 tranquillus,
763 458 813 478 etc.
832 458 864 479 Υ.

130 494 190 518 135.
204 501 230 519 c.
250 491 280 519 In
297 503 345 531 spe
357 493 529 532 singulariter
545 495 720 523 constitutum
732 504 788 522 csse
801 493 864 532 quid

126 540 168 561 511.
187 541 218 562 v.
236 539 282 563 32.
300 547 327 564 A.

166 577 233 616 Spes
253 579 278 606 in
296 581 384 608 Deum
406 581 594 617 immutabilis,
619 582 707 614 lirina,
730 587 864 616 constans,

128 620 356 660 inexpugnabilis,
384 625 474 654 valida
501 632 526 653 et
551 632 617 655 tuta.
642 633 672 654 v.
697 630 758 654 1119.
784 636 808 654 c.
836 626 866 653 ln

127 663 245 702 ipsismet
265 668 488 697 commotionibus
504 670 565 698 facit
582 676 609 698 ut
624 680 675 698 non
691 679 863 698 eommovea-

129 718 199 736 mur.
222 716 254 738 v.
278 715 342 739 419.
363 722 391 739 D.
414 723 440 740 Ε.
462 712 529 751 Spes
550 713 576 741 in
592 716 679 741 Deum
695 713 865 749 immortalis,

128 752 196 780 nulli
216 753 394 783 vicissitudini
411 757 527 785 obnoxia
540 779 547 792 ‚
563 768 597 786 ex
609 758 681 785 omni
702 764 775 796 parte
798 764 865 792 tuta,

127 803 178 844 etc.
192 804 224 825 V.
244 802 287 827 24.
303 810 327 828 E.
349 812 374 828 Α.
390 803 463 829 Deus
479 802 558 829 etiam
572 801 785 840 desperatissima
802 813 866 841 pro-

128 850 206 868 missa
219 851 266 869 sua
279 853 324 881 spe
333 850 413 882 atque
425 845 551 883 opinione
563 845 681 873 humana
693 845 788 873 melius
805 856 867 884 per—

127 884 194 912 ficit.
214 892 232 914 I.
249 890 313 915 208.
338 898 364 916 E.
383 889 449 927 Spes
467 899 519 917 non
538 889 687 917 confundit.
712 897 732 918 1.
753 894 817 917 208.
839 902 864 918 A.

128 938 178 956 non
188 929 325 968 pudefacit
339 954 345 966 ,
359 934 420 969 quia
433 933 482 961 Dei
493 939 530 961 cst
541 933 692 971 promissio,
707 939 749 961 lv.
763 937 829 962 803.
842 944 866 962 A.

127 972 194 1010 Spes
218 974 314 1002 futura²
339 977 415 1012 vitm,
436 987 516 1014 quam
537 976 660 1005 videmus
685 976 770 1003 oculis
792 976 865 1012 fidei,

127 1016 223 1045 certior
244 1025 282 1046 cst
303 1027 432 1057 praesente
456 1021 527 1056 vita,
550 1031 630 1058 quam
651 1019 774 1048 videmus
789 1020 866 1048 oculo

128 1060 262 1089 naturali:
274 1068 317 1090 Iv-
332 1067 397 1093 802.
412 1074 440 1091 A.

167 1104 233 1143 Spes
253 1107 383 1144 peccatori
406 1118 554 1146 numquam
574 1107 729 1137 amittenda.
752 1115 770 1135 I.
791 1112 819 1138 2.
838 1118 864 1135 e.

128 1157 191 1186 sqq.
215 1149 245 1176 In
270 1150 349 1179 rebus
370 1151 540 1180 difficillimis
563 1151 707 1180 retinenda.
737 1158 769 1179 V.
800 1155 864 1179 384.

129 1203 156 1220 ,1.
172 1203 196 1220 Β.
211 1197 275 1221 385.
289 1194 377 1233 Super
390 1202 492 1234 petram
503 1202 616 1224 statutus
634 1195 722 1223 fidelis
736 1194 814 1222 debet
832 1193 867 1222 ob

129 1245 202 1273 spem
228 1236 391 1266 immobilem
411 1239 562 1267 futurorum
591 1239 716 1267 omnibus
738 1248 765 1266 se
790 1238 868 1266 malis

129 1279 294 1317 superiorem
308 1282 445 1310 exhibere.
464 1290 495 1310 lt.
513 1287 558 1310 28.
573 1293 599 1313 E.
617 1283 684 1321 Spes
696 1282 760 1310 nixa
774 1281 866 1309 divina

130 1323 310 1352 misericordia
326 1336 378 1354 non
393 1325 472 1354 dehet
488 1327 618 1355 liaesitare.
637 1334 668 1356 V.
688 1331 751 1354 151.
772 1326 801 1353 ln
817 1325 868 1354 hoc

129 1377 188 1405 spes
198 1369 316 1397 maxime
329 1370 462 1405 consistit,
478 1377 516 1405 ut,
532 1369 579 1398 etsi
592 1380 643 1398 non
660 1369 749 1398 statim
761 1380 869 1408 accepe-

129 1411 214 1439 rimus
227 1435 233 1447 ‚
253 1413 362 1441 minime
382 1413 561 1452 desperemus.
579 1421 611 1442 V.
630 1418 693 1442 580.
713 1425 739 1441 A.
758 1418 821 1442 384.
839 1423 866 1441 Ε.

129 1454 194 1493 Spes
203 1466 306 1495 semper
314 1457 443 1486 servanda
454 1457 582 1495 quamdiu
594 1456 784 1486 vivimus-XII.
792 1461 868 1485 (34.0.

131 1498 228 1528 Adhuc
242 1511 300 1539 spes
315 1508 435 1540 superest
451 1501 535 1530 donec
547 1501 673 1529 sententia
689 1500 715 1528 in
728 1511 794 1539 opus
809 1510 868 1539 pro-

129 1541 210 1571 dierit
221 1550 244 1571 ct
257 1545 357 1573 securis
366 1545 398 1573 ad
408 1545 552 1573 secandum
561 1545 672 1575 venerit,
689 1551 745 1574 vlt.
763 1548 827 1572 176.
841 1554 868 1572 Α.

131 1590 198 1627 Spes
208 1589 233 1618 in
245 1590 318 1619 nulla
331 1602 359 1619 re
373 1591 425 1619 alia
440 1591 577 1626 habenda,
593 1590 644 1619 nisi
657 1597 716 1629 post
731 1590 781 1618 Dei
794 1590 869 1618 mise-

131 1632 275 1661 ricordiam
288 1634 313 1662 in
325 1645 428 1662 morum
442 1635 589 1663 sanctitate.
606 1642 661 1663 VII.
682 1639 728 1663 91.
744 1644 769 1663 c.
788 1633 869 1672 Spem

133 1683 221 1705 tamen
236 1677 333 1706 bonam
356 1678 402 1706 dat
420 1678 558 1717 Scriptura
578 1678 612 1706 iis
633 1679 712 1706 ctiam
733 1677 778 1715 qui
801 1677 870 1705 male

131 1721 244 1756 vivunt,
262 1721 282 1749 si
300 1722 433 1750 voluerint
448 1722 573 1750 converti.
592 1729 623 1750 V.
649 1727 695 1752 41.
714 1734 740 1749 A.
761 1721 827 1760 Spes
842 1721 870 1749 in

132 1763 241 1792 homine
254 1765 402 1803 periculosa
417 1772 468 1801 est,
487 1775 538 1793 uon
558 1765 645 1794 solum
666 1764 810 1793 imbecilla.
836 1772 867 1793 v.

133 1812 197 1837 384.

172 1853 348 1881 Setia-:uicum
382 1864 437 1882 csse
461 1854 554 1882 ciclum
578 1860 603 1881 et
629 1853 730 1881 moveri
760 1853 870 1891 putabat

133 1895 339 1934 Clirysostomus
355 1898 421 1926 falso
434 1898 526 1936 asseri,
542 1905 567 1926 et
585 1908 645 1926 curn
661 1899 798 1936 Scriptura
815 1908 868 1936 pn-

133 1950 222 1977 gnare.
238 1947 296 1969 XII.
314 1945 376 1969 200Δ
394 1951 418 1969 Β.

173 1984 360 2022 Srussuornn,
379 1995 447 2023 apex
462 1984 542 2012 calcei
565 1984 610 2022 qui
630 1983 656 2011 in
671 1993 780 2012 acumen
801 1983 872 2012 desi-

134 2028 183 2056 nit.
203 2029 273 2056 Vide
287 2035 394 2057 notam.
411 2036 454 2056 IV.
468 2033 531 2056 415.
549 2039 575 2055 c.
592 2039 619 2057 n.

173 2073 326 2101 SPIIENDON
337 2074 417 2101 locus
430 2076 461 2100 in
473 2075 559 2101 cit-co.
574 2079 645 2101 VIII.
663 2076 727 2099 721.
750 2082 769 2098 1.

173 2117 270 2145 Spuma
284 2117 310 2145 in
327 2117 466 2156 Scriptura
483 2127 532 2155 pro
547 2116 660 2155 peccatis
672 2120 871 2153 nuncupantur,

135 2171 225 2198 quare.
241 2169 300 2191 XII.
322 2167 382 2191 148.
400 2172 424 2189 c.
447 2166 510 2189 119.
523 2171 552 2189 D.

174 2205 355 2234 SPmAanmu
378 2205 440 2234 vitae
457 2216 471 2232 a
495 2207 550 2232 Deo
572 2203 731 2242 inspiratum
746 2201 811 2239 quid
826 2201 870 2229 sit.

136 2254 180 2275 tv.
197 2253 260 2277 116.
274 2260 300 2276 e.

173 2292 367 2328 Srmnmms,
393 2291 563 2331 Spiritualia.
597 2291 668 2318 Vide
705 2289 786 2326 infra
811 2294 874 2326 post

134 2337 275 2365 spmiws,

175 2385 302 2413 Smmrus
324 2390 430 2411 sanctus
452 2394 499 2411 sua
521 2389 615 2410 natura
639 2387 726 2410 estex
741 2379 791 2408 Dci
807 2380 873 2408 sub-

136 2429 242 2458 stantia.
262 2435 294 2456 V.
313 2432 375 2456 196.
396 2438 424 2455 Ε.
441 2427 515 2456 Idem
527 2426 666 2465 probatur.
686 2432 719 2454 X.
736 2430 799 2453 309.
811 2435 837 2453 Α.
852 2435 874 2452 Β.

138 2478 202 2501 310.
218 2474 248 2500 111
264 2471 313 2500 Dei
327 2471 422 2500 ordine
435 2478 482 2499 est.
506 2478 537 2499 x.
561 2475 624 2498 569.
643 2481 672 2497 n.
695 2471 766 2498 Vere
789 2469 875 2496 Deum

138 2527 192 2544 csse
205 2516 343 2554 probatur.
360 2523 393 2544 x.
409 2520 530 2544 202.n.c.
542 2515 753 2554 Ejusdematquc
764 2515 841 2541 Pater
852 2519 876 2540 et

141 2561 227 2589 Filius
241 2559 357 2589 essentia:
374 2570 429 2588 esse
445 2559 582 2598 probatur.
599 2567 628 2587 x.
645 2563 709 2587 77⁷1.
724 2569 752 2587 n.
772 2567 795 2585 Ε.
808 2561 873 2584 775.

141 2605 271 2642 Spiritum
297 2611 417 2633 sanctum
451 2604 550 2632 sactum
581 2603 660 2631 fuisse
686 2600 877 2630 contendebant

1600 206 1665 252 387

920 277 1030 314 qnidam
1052 276 1181 313 haerctici,
1204 276 1249 313 qui
1275 276 1443 304 refelluntur.
1462 283 1532 306 vlit.
1560 282 1604 307 40.
1633 291 1660 307 Δ.

921 330 983 359 sqq.
999 324 1042 348 42.
1064 331 1088 348 n.
1110 320 1229 359 Spiritus
1243 320 1325 348 sancti
1346 319 1484 357 :equalitas
1503 330 1564 348 cum
1586 323 1664 350 Patre

921 370 946 391 et
967 363 1036 392 Filio
1053 370 1144 392 contra
1163 363 1348 392 haercticorum
1363 363 1544 402 blasphemias
1560 365 1661 403 proba-

922 414 974 436 tur.
1000 415 1032 436 11.
1052 412 1115 436 550.
1140 418 1163 435 Β.
1182 417 1243 446 sqq.
1271 406 1460 445 Est‘cjusdem
1483 415 1562 445 atque
1584 408 1662 437 Pater

921 451 1095 480 auctoritatis.
1116 459 1148 480 11.
1170 456 1234 479 555.
1262 462 1286 479 c.
1312 456 1376 480 556.
1406 458 1430 479 01
1448 451 1600 489 dignitatis.
1626 459 1658 481 x.

921 499 985 523 570.
1003 506 1030 524 A.
1047 496 1104 524 Non
1121 495 1208 523 minor
1223 502 1261 523 051
1283 495 1398 523 Christo.
1415 502 1470 523 vu.
1487 500 1550 524 189,
1570 506 1595 524 c.
1614 506 1662 523 ne-

921 549 972 577 que
988 540 1074 577 major
1095 539 1163 567 Filio
1179 545 1227 574 cst,
1249 538 1295 567 sed
1312 538 1431 566 eamdem
1451 549 1512 567 cum
1537 550 1566 567 eo
1582 539 1661 568 habet

920 589 1084 621 potestatem.
1112 589 1182 611 VIII.
1209 587 1273 611 528.
1294 593 1319 610 E.
1342 594 1366 610 A.
1390 594 1415 610 Β.
1435 587 1498 611 529.
1523 593 1658 620 unamque

920 637 981 654 cum
997 628 1074 654 Patre
1088 633 1112 654 et
1123 625 1193 654 Filio
1208 626 1384 656 voluntatem.
1403 633 1473 655 VIII.
1491 630 1554 654 529.
1569 638 1596 654 Α.
1615 627 1663 655 Est

921 681 969 709 par
989 670 1088 698 honore
1109 669 1182 697 Patri
1206 676 1231 697 ct
1254 669 1333 698 Filio.
1359 677 1404 698 IX.
1424 675 1469 698 sil.
1494 680 1523 700 Ι).
1543 670 1662 708 Spiritus

920 721 1026 742 sanctus
1050 714 1163 752 perfecte
1187 714 1322 751 cognoscit
1344 713 1521 741 substantiam
1551 714 1610 742 Dei.
1640 721 1660 742 1.

921 762 983 786 589.
993 768 1020 785 n.
1034 758 1147 785 Persona
1158 757 1276 795 Spiritus
1287 757 1370 785 sancti
1389 757 1488 786 dicitur
1500 758 1661 786 Paracletus.

924 809 967 831 VI.
984 806 1050 829 250.
1066 812 1095 830 n.
1118 811 1208 838 quare.
1231 808 1262 829 II.
1285 805 1350 830 559.
1369 801 1487 839 Spiritus
1507 801 1590 829 sancti
1608 801 1660 829 im-

920 856 1010 873 mensa
1021 851 1059 872 cst
1074 844 1231 873 substantia.
1247 851 1317 872 VIII.
1333 850 1397 873 199.
1414 856 1440 873 D.
1456 844 1560 883 Spiritu
1572 851 1662 873 sancto

920 895 1047 927 praesente
1064 898 1114 916 non
1130 894 1219 926 potest
1238 898 1289 916 non
1307 887 1398 916 adesse
1416 888 1540 916 Christus
1555 899 1563 924 3
1577 895 1602 916 et
1625 889 1663 916 sie

920 932 966 969 qui
982 932 1115 970 Spiritum
1138 931 1227 964 habet,
1246 931 1326 959 babet
1344 931 1426 959 etiam
1443 931 1594 959 Christum.
1613 938 1660 959 lx.

920 979 984 1003 (528.
1008 985 1036 1002 n.
1062 985 1088 1002 E.
1109 974 1237 1012 Operatio
1259 973 1377 1012 Spiritus
1400 975 1483 1003 saneti
1505 974 1531 1002 in
1555 974 1663 1002 Christo

919 1019 1021 1056 absque
1046 1028 1178 1045 mensura.
1207 1024 1276 1046 VIII.
1306 1022 1368 1047 198.
1393 1028 1417 1047 c.
1448 1023 1511 1046 199.
1539 1017 1661 1057 Spiritus

920 1062 1003 1091 sancti
1023 1062 1140 1101 operatio
1154 1061 1180 1089 in
1202 1061 1317 1100 Virgine
1335 1071 1385 1089 non
1404 1061 1579 1100 exploranda.
1603 1068 1660 1090 VII.

921 1111 966 1134 58.
981 1117 1005 1134 Β.
1024 1117 1050 1134 c.
1066 1111 1111 1134 59.
1127 1106 1183 1133 Cur
1196 1105 1222 1133 in
1242 1106 1328 1144 specie
1347 1105 1476 1134 columbae
1495 1105 1662 1134 descenderit

920 1152 948 1180 in
964 1152 1112 1180 Christum.
1128 1159 1162 1181 II.
1176 1156 1239 1179 [140.
1253 1162 1278 1179 c.

960 1195 1078 1234 Spiritus
1102 1195 1184 1223 sancti
1210 1195 1327 1234 operatio
1352 1195 1478 1223 humanis
1517 1194 1664 1223 ratiociniis

921 1239 1061 1277 impervia.
1078 1246 1148 1268 VIII.
1176 1243 1239 1267 173.
1268 1250 1298 1270 n.
1319 1249 1365 1268 nec
1391 1239 1461 1267 intra
1481 1238 1550 1266 ullos
1571 1239 1661 1276 legum

921 1290 1047 1311 creaturae
1067 1282 1193 1311 terminos
1209 1289 1353 1310 coercetur.
1373 1284 1418 1310 lb.
1439 1282 1557 1319 Spiritus
1579 1283 1662 1309 sancti

921 1334 1018 1365 quanta
1034 1327 1120 1356 virtus
1134 1333 1159 1355 et
1172 1332 1297 1365 potestas⁷
1311 1326 1417 1363 qualem
1429 1325 1543 1353 ostendit
1560 1326 1585 1353 in
1598 1335 1663 1363 apo-

922 1371 1007 1401 stolis.
1022 1378 1092 1399 vni.
1109 1375 1173 1400 505.
1193 1381 1219 1399 c,
1241 1377 1286 1398 [Χ.
1306 1374 1368 1397 107.
1382 1380 1409 1396 n.
1427 1373 1489 1397 192.
1503 1379 1530 1399 1;,
1544 1369 1663 1407 Spiritus

922 1422 1029 1443 sanctus
1041 1415 1186 1449 illuminat,
1199 1415 1277 1442 Pater
1295 1412 1385 1448 trahit,
1400 1413 1487 1441 Filius
1500 1412 1619 1441 deducit.
1630 1420 1662 1440 V.

923 1463 985 1487 372.
1001 1458 1118 1498 Spiritus
1130 1465 1236 1487 sanctus
1251 1468 1297 1496 per
1313 1459 1401 1495 ignem
1413 1464 1475 1495 apte
1487 1457 1662 1495 exprimitur.

924 1509 969 1531 tx.
986 1508 1031 1531 42.
1053 1514 1079 1531 c.
1100 1503 1258 1541 Appellatur
1273 1502 1300 1530 in
1319 1500 1466 1540 Scripturis
1486 1499 1565 1528 modo
1581 1501 1663 1539 ignis,

923 1546 1002 1575 modo
1016 1557 1094 1584 aqua.
1107 1554 1176 1575 VIII.
1189 1551 1253 1576 211.
1269 1556 1297 1574 D.

963 1591 1079 1629 Spiritus
1100 1589 1148 1618 Dei
1168 1590 1234 1617 dum
1258 1589 1285 1617 in
1307 1589 1443 1628 principio
1465 1589 1662 1627 superferretur

923 1644 1003 1673 super
1022 1644 1114 1672 aquas,
1131 1633 1163 1662 iis
1178 1633 1340 1662 ineffabilem
1357 1632 1603 1661 virtutemindidit.
1617 1640 1662 1663 IV.

925 1683 969 1707 20.
995 1690 1020 1707 c.
1044 1689 1073 1707 D.
1095 1678 1213 1716 Spiritus
1238 1677 1310 1704 idem
1340 1677 1481 1714 utriusque
1501 1677 1665 1704 Testamenti

924 1722 1056 1752 eonditor.
1077 1730 1109 1750 V.
1127 1726 1191 1750 371.
1206 1733 1231 1750 Α.
1249 1731 1272 1748 Β.
1289 1720 1407 1758 Spiritus
1421 1726 1528 1748 sauctus
1544 1719 1570 1748 in
1583 1720 1665 1748 veteri

924 1767 981 1804 lege
1004 1767 1163 1805 promissus.
1190 1772 1234 1793 III.
1259 1769 1322 1792 927.
1342 1775 1366 1791 Α.
1396 1774 1421 1791 11.
1440 1768 1504 1791 928.
1523 1763 1666 1797 Quomodo

924 1810 1002 1839 datus
1025 1809 1173 1848 prophetis.
1196 1815 1268 1837 VIII.
1289 1812 1352 1836 325.
1375 1818 1402 1836 c.
1424 1817 1453 1837 D.
1477 1817 1503 1836 Ε.
1528 1811 1592 1836 346.
1615 1807 1665 1835 Per

924 1856 1038 1893 Moysen
1057 1854 1160 1881 locutus
1181 1859 1229 1881 cst.
1255 1859 1301 1881 tv.
1325 1856 1389 1880 201.
1414 1861 1442 1878 1).
1467 1850 1663 1889 Prophetarum

926 1898 1044 1936 linguam
1065 1897 1201 1930 movebat,
1216 1896 1251 1924 ad
1265 1894 1474 1923 imbecillitatem
1491 1894 1602 1922 hnmani
1620 1904 1665 1932 gc-

925 1943 994 1970 neris
1009 1952 1157 1970 sermonem
1174 1947 1362 1979 attempcraus.
1380 1945 1423 1967 IV.
1439 1943 1484 1968 21.
1504 1950 1528 1966 c.
1545 1938 1666 1966 Paniar-

924 1986 982 2014 cbis
994 1996 1044 2014 non
1055 1996 1102 2024 per
1113 1985 1203 2013 literas
1215 1986 1320 2013 locutus
1331 1984 1427 2015 fuerat,
1441 1982 1487 2010 scd
1503 1992 1551 2020 per
1563 1981 1665 2020 seipse,

925 2029 960 2057 ob
982 2040 1074 2057 eorum
1099 2028 1186 2057 cordis
1209 2027 1362 2067 puritatem.
1381 2033 1436 2054 VII.
1461 2030 1486 2054 2.
1509 2025 1561 2053 Sed
1581 2035 1666 2062 neque

925 2072 1051 2111 apostolis
1078 2072 1177 2110 scripto
1197 2070 1338 2109 quidpiam
1358 2069 1485 2105 tradidit;
1507 2079 1601 2097 verum
1616 2079 1665 2107 pro

925 2116 1010 2144 literis
1024 2115 1141 2154 Spiritus
1157 2115 1268 2153 gratiam
1291 2113 1345 2141 illis
1363 2113 1514 2151 impertitus
1534 2118 1583 2140 cst.
1606 2118 1664 2140 VlI.

926 2165 952 2189 2.
973 2172 997 2188 A.
1013 2158 1151 2195 Quamdiu
1164 2159 1190 2187 in
1203 2157 1356 2186 hominibus
1371 2156 1490 2184 animum
1506 2166 1605 2194 purum
1616 2155 1662 2183 in-

927 2204 1014 2239 venit,
1036 2204 1091 2242 ipse
1110 2202 1188 2231 cord..
1208 2212 1300 2229 eorum
1319 2199 1435 2228 instituit
1457 2200 1557 2237 absque
1574 2199 1663 2226 libris.

929 2255 985 2276 ΠΙ.
1004 2252 1031 2275 2.
1051 2258 1079 2275 Δ.
1103 2251 1127 2274 3.
1146 2257 1172 2274 c.
1191 2245 1287 2273 Libros
1305 2251 1393 2272 autem
1413 2242 1488 2272 dedit
1504 2243 1530 2271 in
1555 2250 1667 2280 utroque

928 2293 1107 2327 'l'cstainento‚
1125 2300 1186 2318 cum
1198 2290 1313 2317 humana
1329 2287 1465 2326 corruptio
1478 2287 1627 2315 doctrinam
1642 2293 1668 2314 et

928 2346 1013 2364 mores
1025 2335 1050 2363 in
1066 2334 1215 2374 periculum
1231 2332 1367 2361 adducens
1382 2330 1559 2360 necessarium
1574 2329 1666 2358 reddi-

927 2379 967 2407 dit
989 2380 1040 2408 tale
1055 2389 1137 2417 genus
1153 2376 1257 2405 auxilii.
1283 2383 1339 2404 VII.
1364 2381 1388 2403 1.
1406 2386 1430 2403 Α.
1452 2379 1479 2403 2.
1504 2379 1530 2401 3.
1548 2373 1668 2412 Spiritus

928 2423 1010 2451 sancti
1024 2422 1107 2460 gratia
1123 2422 1205 2449 instar
1218 2420 1350 2448 librorum
1366 2428 1421 2446 csse
1436 2417 1545 2445 deberet
1557 2428 1565 2453 ;
1579 2423 1604 2444 et
1616 2426 1668 2444 me-

930 2467 981 2495 lior
996 2473 1043 2495 est.
1065 2468 1107 2494 lb.
1124 2467 1180 2493 Cur
1198 2463 1315 2502 Spiritus
1342 2469 1446 2490 sanctus
1460 2461 1588 2500 apostolis
1603 2470 1670 2498 pro-

931 2510 1026 2539 missus
1041 2521 1054 2537 a
1071 2509 1177 2537 Christo
1195 2508 1283 2546 potius
1306 2515 1386 2543 quam
1405 2504 1484 2532 datus
1497 2525 1503 2537 ‚
1521 2511 1546 2532 ct
1570 2514 1618 2531 cur
1639 2513 1670 2530 eo

931 2561 1058 2594 praesentc
1071 2564 1120 2582 non
1135 2551 1280 2581 advenerit.
1297 2557 1340 2579 tx.
1357 2554 1384 2578 9.
1402 2560 1426 2576 Β.
1444 2558 1471 2576 c.
1487 2554 1529 2576 10.
1544 2548 1598 2575 Cur
1611 2558 1669 2584 spe-

933 2600 971 2627 cie
987 2599 1140 2636 linguarum
1150 2595 1315 2635 apparuerit.
1334 2601 1367 2622 II.
1384 2598 1448 2621 559.
1468 2604 1495 2622 n.
1512 2592 1673 2629 13.Evange—
