1884 2922
710 189 812 212 INDEX

109 254 212 283 Clu-isti
233 253 316 282 vitam
340 252 435 291 agendi
452 252 530 281 ratio.
554 258 587 281 Υ.
603 256 666 280 315.
684 262 710 280 c.
729 263 757 279 υ.
780 251 810 279 In

69 297 177 325 Christo
193 297 309 336 primum
332 297 423 335 signa,
447 304 535 335 postca
560 296 698 331 doctrina,
714 295 811 324 deiude

69 341 207 370 miracula.
217 349 263 371 tx.
274 347 317 370 67.
326 342 420 371 A.Yita
429 342 486 379 ejus
496 352 575 379 quam
588 340 809 369 laboriosa.Yttt.

69 389 132 414 206.
146 386 188 414 ΑΙ)
208 386 379 414 incunabulis
400 385 501 415 Christi
518 395 643 413 aerumnae
670 391 695 412 ct
723 384 810 412 tribu-

67 429 187 458 lationes.
206 437 251 459 111.
271 435 334 459 638.
350 435 415 459 639.
429 430 553 458 Christus
574 429 680 457 flevisse
699 427 809 466 legitur,

67 483 199 511 nusquam
223 484 255 502 ne
279 473 463 502 subridentem
477 473 588 512 quidem
608 472 732 511 reperies.
754 479 808 500 ΠΙ.

68 522 134 546 112.
151 528 176 546 c.
195 518 262 553 Quae
283 517 613 556 doccbntexscquebaiur.
631 523 665 544 111
692 520 756 544 407.
777 515 810 543 Et

67 561 128 590 fecit
147 562 255 600 quidem
281 570 341 591 ante
356 566 437 600 qua'm
454 562 585 590 docuerit.
604 568 650 590 ΙΧ.
665 565 692 588 6.
706 560 807 599 Impec-

68 605 164 635 nabilis
178 613 244 635 erat.
260 614 317 635 ΠΙ.
334 611 396 635 18ὃ.
407 619 432 636 A.

108 650 231 679 Christus
257 651 284 679 in
309 649 522 679 solemnitatibus
537 648 686 679 Jerusalem
708 647 809 676 adibat.

68 701 137 724 ΠΗ.
151 700 216 724 238.
236 706 262 723 A.
283 696 339 723 Cur
353 695 396 723 his
417 694 512 722 diebus
527 692 629 723 Judaeis
644 703 671 720 se
683 691 808 720 ostende-

66 745 116 767 ret.
135 746 154 767 t.
174 744 239 768 670.
256 751 283 768 n.
301 746 327 768 et
344 739 434 778 palam
450 739 610 776 loqueretur.
626 743 694 765 ΠΙΙ,
707 740 772 765 415.
784 746 808 764 c.

67 783 220 812 vendentes
252 783 295 812 bis
329 783 403 822 ejicit
425 793 438 811 e
457 782 564 821 templo,
603 788 662 809 ΠΙ.
692 785 756 809 745.
781 790 807 807 13.

66 831 132 854 747.
145 837 170 855 n.
187 832 286 857 0743.
302 834 410 856 1).ΠΙΙ.
424 831 486 855 153.
501 838 527 855 A.
543 836 567 853 n.
582 826 641 853 Non
658 831 808 862 'temporum

33 895 36 897 ,
65 871 213 899 necessitati
228 871 363 909 subjectus
377 877 433 898 erat
447 870 581 902 Christus,
598 868 644 896 sed
660 878 750 896 rerum
763 878 809 895 or-

65 914 156 943 dinem
168 915 302 945 servabat.
321 922 389 943 ΠΙΙ.
407 918 468 942 145.
484 925 509 942 A.

106 959 207 987 Christi
218 958 348 997 discipuli
366 957 440 986 vitiis
452 958 559 985 suerunt
574 954 749 991 obnoxii,sed
765 965 808 983 cos

65 1002 122 1041 ipse
130 1003 165 1031 ab
179 1003 212 1031 iis
222 1003 356 1031 liberavit.
369 1009 426 1031 ΠΙ.
441 1006 507 1030 Sili.
520 1001 626 1038 Majora
639 1010 719 1038 quam
731 999 808 1028 Chri-

65 1053 122 1075 stus
142 1046 283 1076 ediderunt
299 1046 437 1075 miracula.
454 1052 524 1074 ΠιΙ.
539 1049 604 1073 434.
623 1057 646 1073 A.
661 1045 711 1073 Per
724 1043 807 1072 disci-

64 1091 143 1130 pulos
163 1101 225 1120 suos
246 1091 411 1131 baptizabat.
427 1095 491 1119 189.
506 1100 536 1118 n.
550 1089 642 1127 Longe
657 1098 671 1116 a
686 1088 807 1116 tumultu

63 1135 126 1164 illos
151 1136 349 1173 alloquebatur.
368 1140 430 1164 558.
454 1146 480 1163 E.
499 1132 632 1169 Quaed0m
654 1132 692 1161 eis
717 1132 807 1160 occul-

63 1179 147 1216 tabat,
164 1190 196 1208 ne
215 1180 243 1208 in
268 1190 409 1208 moerorem
437 1178 596 1207 inciderent.
621 1181 686 1206 494.
710 1187 738 1205 Ε.
752 1178 808 1204 Cur

64 1223 92 1251 in
107 1224 199 1252 navim
213 1218 367 1259 ascendens,
382 1223 452 1251 solos
463 1228 582 1250 assumat
595 1221 803 1260 apostolos.V11.

65 1272 130 1296 377.
149 1278 174 1296 c.
189 1268 280 1302 Quare
294 1268 364 1296 mala
380 1275 404 1296 et
419 1277 553 1295 aerumnas
572 1266 610 1294 eis
632 1264 803 1305 praenuntiet.

64 1316 128 1340 426.
147 1323 172 1340 Β.
188 1323 214 1341 c.
239 1312 373 1351 Exemplo
396 1322 445 1340 suo
468 1311 528 1339 illos
552 1310 674 1338 hortatur
688 1308 723 1338 ad
747 1319 805 1337 con-

64 1356 186 1384 tumelias
208 1356 341 1385 ferendas.
365 1361 429 1385 440.
457 1362 483 1384 et
506 1361 535 1383 ut
562 1361 675 1382 mortem
701 1354 806 1382 sortiter

63 1399 187 1428 subeam.
200 1405 264 1428 441.
280 1411 304 1428 Β.
320 1399 444 1429 Christus
457 1398 606 1438 discipulos
617 1398 652 1426 ad
663 1397 804 1426 certamina

62 1444 185 1483 parabat.
203 1450 267 1474 443.

105 1489 206 1518 Christi
224 1488 352 1528 discipuli
379 1488 495 1528 operarii
511 1495 596 1516 eraut.
614 1494 671 1516 ΠΙ.
692 1491 755 1515 415.
777 1497 804 1516 D.

62 1533 123 1561 Non
138 1544 242 1572 semper
255 1533 314 1572 lege
333 1533 393 1561 illos
413 1532 543 1570 obstringi
563 1531 659 1560 voluit.
678 1538 722 1560 111.
738 1535 802 1559 220.

61 1588 88 1607 Β.
104 1589 131 1606 c.
148 1579 202 1606 Cur
214 1587 266 1605 non
281 1577 348 1605 duas
363 1576 466 1605 tunicas
490 1576 588 1604 habere
599 1575 719 1614 jusserit.
737 1580 801 1603 219.

62 1632 89 1650 13.
103 1632 128 1650 c.
141 1621 232 1656 Quare
256 1621 311 1650 illis
331 1621 484 1660 permiserit
500 1628 529 1649 ut
542 1619 647 1659 gladios
662 1626 803 1658 gestarent.

62 1672 120 1694 ΠΙ.
146 1670 209 1695 900.
224 1676 251 1695 c.
270 1666 385 1694 Illorum
411 1665 564 1693 infirmitati
589 1675 616 1693 se
637 1670 804 1702 attemperat.

62 1716 120 1738 vlt.
141 1714 206 1740 399.
220 1717 290 1739 Vltt.
306 1715 370 1738 549.
391 1711 450 1739 Non
465 1719 580 1748 praesens
602 1708 694 1743 modo,
711 1707 758 1736 sed
779 1714 804 1736 et

60 1754 155 1782 absens
175 1765 267 1783 eorum
292 1754 382 1783 studet
407 1753 530 1782 utilitati.
547 1758 610 1782 293.
630 1763 657 1781 n.
681 1753 803 1781 Christus

60 1797 209 1837 discipulos
230 1799 386 1836 alloquens,
411 1805 497 1826 totum
523 1797 614 1826 orbem
642 1796 800 1833 alloquitur.

61 1849 121 1871 Vll.
138 1847 203 1871 213.
216 1852 244 1871 C.
261 1853 290 1871 Ι).

101 1886 225 1914 Christus
246 1887 394 1923 frequenter
421 1885 478 1913 ibat
503 1884 538 1914 ad
566 1894 726 1924 synagogas.
745 1892 802 1914 ΠΙ.

61 1934 158 1958 5552.
171 1929 320 1958 Praescrtim
332 1929 446 1968 singulis
460 1928 801 1958 sabbatis.ttt.916.13.Non

61 1974 173 2003 cessavit
197 1974 333 2002 auditores
355 1974 497 2012 corrigere.
510 1980 528 2001 1.
543 1977 605 2001 872.
621 1984 647 2001 c.
662 1983 690 2001 1).
709 1973 802 2001 etiam-

61 2029 114 2057 que
127 2018 239 2047 Judam.
258 2022 324 2046 873.
339 2017 503 2046 Auditorum
516 2017 607 2056 captui
621 2028 677 2046 sese
695 2027 804 2046 accom—

61 2062 197 2091 modabat.
216 2070 286 2091 ΠΗ.
312 2066 377 2092 176.
393 2073 418 2091 c.
441 2062 554 2090 Illorum
577 2062 687 2091 utilitati
705 2072 802 2091 consu-

60 2105 126 2141 luit,
149 2116 200 2134 non
221 2116 275 2134 suae
297 2105 425 2145 dignitati
452 2112 564 2134 tantum.
579 2110 625 2134 49.
646 2118 670 2135 u.
689 2111 753 2135 513.
772 2117 798 2137 E.

61 2154 125 2178 439.
142 2151 198 2178 Cur
211 2150 237 2178 in
252 2160 389 2189 synagoga
409 2149 516 2178 doceret
532 2157 558 2178 et
573 2150 599 2178 in
616 2150 726 2189 templo.
737 2155 800 2179 319.

63 2193 185 2222 Christus
207 2194 254 2232 qui
277 2195 366 2233 palam
387 2204 491 2233 semper
510 2194 687 2232 loquebatur,
720 2205 802 2232 quare

60 2239 140 2267 semel
156 2238 182 2266 in
199 2238 304 2267 occulto
315 2239 443 2276 loquitur.
458 2243 522 2267 351.
536 2250 562 2266 A.
579 2250 604 2267 n.

100 2282 201 2311 Christi
225 2281 367 2318 doctrina,
383 2283 518 2320 quomodo
534 2293 581 2311 sua
599 2283 681 2311 simul
704 2289 728 2310 et
748 2293 799 2310 non

60 2337 118 2355 sua.
141 2333 212 2356 ΠΙΙ.
230 2331 296 2355 333.
321 2337 348 2355 1).
373 2328 448 2354 Dura
464 2327 586 2364 videtur,
611 2334 636 2355 et
651 2326 797 2364 quomodo.

61 2375 126 2399 319.
143 2370 233 2399 Verba
248 2372 305 2409 ejus
325 2371 436 2410 spiritus
449 2379 472 2399 et
490 2372 544 2400 vita
560 2378 630 2400 sunt.
647 2376 709 2399 320.
729 2383 754 2399 A.
772 2382 797 2399 13.

60 2415 116 2443 Cur
134 2425 205 2453 saepe
219 2415 302 2443 vitam
317 2422 452 2444 memoret.
469 2421 531 2444 318.
551 2427 620 2454 smpe
635 2415 715 2443 ctiam
728 2415 801 2454 judi-

60 2458 132 2486 cium
147 2465 173 2486 et
188 2459 417 2487 resurrectionem.
435 2464 499 2488 264.
516 2460 575 2487 Nou
599 2459 680 2488 verbo
701 2460 799 2494 solum,

60 2502 105 2530 sed
124 2509 149 2530 et
161 2502 284 2542 exemplo
298 2502 416 2533 instruit.
430 2510 474 2531 111.
489 2508 533 2531 28.
548 2514 574 2531 1).
589 2504 657 2539 Quae
675 2503 797 2538 docebat,

59 2546 259 2584 exsequebatur
274 2547 338 2585 ipse.
353 2551 418 2577 406.
436 2552 500 2575 407.

103 2590 226 2619 Christus
241 2591 386 2628 aliquando
400 2590 543 2620 demissius
554 2614 560 2627 ,
573 2591 717 2630 aliquando
735 2592 799 2620 sub-

1586 176 1604 193 '7

842 188 969 210 RERUM.
1539 187 1605 210 20.)

864 250 956 278 limius
977 248 1146 287 loquebatur.
1164 254 1221 277 ΠΙ.
1236 253 1300 277 551.
1312 259 1334 278 n.
1347 248 1403 277 Cur
1414 247 1514 277 dicitur
1529 248 1607 277 Chri-

864 301 919 322 stus
945 293 1080 332 apernisse
1097 303 1126 321 os
1148 303 1236 321 suurn.
1250 297 1315 322 212.
1332 304 1359 320 A.
1373 292 1530 320 llumilibus
1546 302 1606 321 ver-

864 338 905 366 bis
926 339 1079 376 frequeutcr
1103 337 1238 374 utebatur,
1256 347 1303 365 nee
1315 336 1406 364 statim
1420 336 1548 364 sublimia
1559 336 1606 365 do-

863 390 953 421 gmata
978 383 1114 410 asserebat.
1139 386 1203 412 399.
1230 393 1256 410 c.
1286 381 1424 410 Neminem
1453 381 1607 409 necessitate

863 433 909 454 aut
924 426 951 454 ri
966 426 1058 461 trahit,
1072 425 1118 454 sed
1132 426 1254 454 hortatur
1270 433 1295 454 et
1318 424 1412 453 allicit.
1425 432 1482 454 VH.
1494 429 1558 454 625.
1577 436 1604 453 1).

864 480 889 498 E.
906 482 929 498 A.
946 481 970 499 n.
989 477 1060 505 ΠΙΙ.
1078 475 1141 499 344.
1158 481 1182 498 B.
1202 477 1235 498 x.
1257 474 1304 498 31.
1320 469 1462 499 Neminem
1477 469 1504 498 vi
1519 476 1544 498 et
1558 479 1605 497 ne-

862 514 982 542 cessitate
996 513 1106 543 detinet.
1125 520 1195 542 ΠΙΙ.
1213 518 1277 543 321.
1296 524 1321 542 c.
1339 517 1402 542 549,
1418 523 1446 542 n.

904 560 1003 588 Christi
1022 559 1142 588 doctrina
1157 559 1211 588 fide
1225 566 1328 588 tantum
1350 566 1408 598 eget
1419 582 1426 595 ,
1438 569 1494 588 non
1515 558 1605 598 syllo—

862 604 965 642 gismis.
981 611 1026 633 tx.
1039 609 1101 633 482.
1118 614 1145 632 n.
1161 604 1204 632 Ex
1220 603 1357 631 miraculis
1371 609 1442 631 etex
1464 602 1605 641 praedicto-

862 658 923 676 rum
945 655 1042 676 eventu
1066 647 1201 676 asseritur.
1220 654 1254 676 x.
1272 651 1318 675 74.
1336 657 1352 675 n
1389 657 1416 675 E.
1435 647 1546 675 Animas
1569 646 1606 676 ad

861 702 952 720 veram
976 691 1176 731 philosophiam
1202 691 1366 719 instituebat.
1396 698 1453 720 ΠΙ.
1482 696 1547 720 371.
1575 704 1601 719 Α.

860 736 975 765 Sustulit
996 736 1167 774 astrologiam
1183 758 1188 771 ,
1207 735 1291 763 fatum
1320 742 1345 764 et
1371 735 1529 774 praestigias.
1546 743 1604 765 ΠΙ.

862 784 933 809 9713.
944 781 993 808 Per
1005 781 1136 808 contraria
1148 778 1289 815 suadebat,
1304 779 1450 817 quomodo.
1464 787 1497 808 X.
1515 784 1560 810 31,
1574 791 1600 810 c,

860 834 922 852 n.1-:.
942 824 1054 853 Nonnisi
1069 824 1127 863 ipso
1141 823 1291 860 revelante,
1303 834 1384 862 scopu
1400 823 1456 862 ejus
1467 822 1603 861 dignoscis

859 874 954 906 potest.
971 876 1028 897 vu.
1041 873 1106 897 491.
1122 879 1146 896 13.

900 912 1023 941 Christus
1041 923 1088 941 nos
1114 912 1231 941 instituit
1254 911 1288 940 ad
1307 921 1402 940 vanam
1421 911 1535 950 gloriam
1560 911 1602 939 su-

860 956 998 995 giendam.
1017 964 1074 986 ΠΙ.
1099 962 1164 986 412.
1192 967 1219 986 n.
1244 956 1342 985 Docuit
1368 956 1600 986 humilitatem.1.

861 1005 925 1029 649.
942 1012 970 1031 1-:.
990 1009 1060 1031 ΠΙι.
1073 1007 1138 1031 477.
1156 1000 1599 1040 n.A.Jejunium‚e1eemosynam.

862 1052 918 1074 ΠΙ.
937 1050 1000 1074 278.
1024 1057 1049 1075 c.
1066 1057 1094 1076 1).
1111 1053 1137 1075 et
1156 1046 1304 1074 orationem
1327 1044 1517 1073 commendare
1534 1043 1603 1072 sole-

859 1089 916 1118 bat.
939 1097 983 1118 ttl.
1000 1095 1046 1119 29.
1061 1101 1086 1118 B.
1103 1094 1147 1118 33.
1163 1100 1190 1117 n.
1208 1090 1341 1128 Lugentes
1353 1089 1444 1117 beatos
1459 1087 1602 1127 praedicat,

860 1132 975 1161 ridentes
999 1144 1062 1162 vero
1082 1133 1149 1162 dicit
1173 1133 1292 1162 miseros
1323 1139 1381 1161 ΠΙ.
1409 1136 1473 1160 500.
1500 1143 1526 1161 11.
1551 1132 1603 1160 Per

860 1177 937 1205 utilia
947 1184 972 1205 et
986 1188 1032 1216 per
1045 1177 1126 1205 noxia
1136 1176 1170 1204 ad
1185 1175 1385 1214 obsequendum
1399 1175 1520 1203 acuebat.
1537 1180 1600 1204 305.

899 1221 1001 1251 Christi
1015 1221 1169 1249 auctoritas.
1184 1227 1254 1249 ΠΙΙ.
1272 1225 1337 1249 256.
1356 1231 1382 1248 Ε.
1400 1220 1496 1248 Virtus
1510 1230 1601 1257 quan-

860 1272 895 1293 ta.
912 1273 971 1296 VII.
990 1270 1053 1294 819.
1069 1276 1093 1293 Β.
1109 1265 1206 1294 Omnia
1228 1263 1374 1303 potentiam
1395 1264 1451 1303 ejus
1471 1263 1600 1303 praedica-

858 1309 933 1337 bant.
959 1314 1023 1338 362.
1040 1321 1066 1337 A.
1085 1309 1153 1337 Cum
1169 1315 1268 1347 quanta
1292 1308 1447 1337 auctoritate
1473 1308 1601 1346 loqueba-

858 1360 912 1382 tur.
932 1361 999 1382 ΠΙΙ.
1016 1357 1078 1381 513.
1089 1364 1116 1381 E.
1131 1363 1158 1381 A.
1174 1352 1309 1381 Asseritur
1323 1352 1380 1391 ejus
1393 1351 1520 1390 potentia.
1538 1358 1596 1382 ΠΙ.

859 1402 922 1427 224.
943 1409 965 1426 Β.
989 1402 1053 1425 873.
1078 1407 1106 1424 E.
1128 1396 1318 1424 Praedictiones
1333 1396 1390 1434 ejus
1410 1395 1486 1424 illam
1510 1403 1600 1424 osten-

857 1441 934 1470 dunt.
951 1449 969 1470 t.
982 1447 1046 1470 701.
1061 1451 1086 1469 ε.
1099 1440 1200 1469 Christi
1213 1439 1389 1468 mansuetudo
1404 1449 1465 1467 cum
1482 1446 1599 1478 potesta-

858 1492 882 1514 te
895 1486 1045 1524 conjuncta.
1061 1492 1119 1515 ΠΙ.
1133 1489 1197 1513 383.
1215 1494 1241 1515 c.
1259 1488 1324 1513 698.
1338 1494 1362 1512 Β.
1376 1494 1402 1512 c.
1420 1485 1459 1513 Ut
1473 1483 1600 1522 magister

857 1530 944 1559 bonus
958 1528 1103 1568 aliquando
1114 1527 1232 1557 balbutit
1243 1527 1394 1556 nobiscum.
1409 1534 1430 1556 1.
1447 1532 1511 1556 649.
1529 1538 1556 1556 c.

897 1576 1034 1605 Christum
1048 1575 1074 1603 in
1087 1573 1308 1614 praedictionibus
1328 1583 1450 1602 veracem
1465 1583 1521 1602 esse
1536 1584 1599 1613 pro-

856 1620 946 1648 batur.
964 1627 985 1648 l.
1002 1624 1068 1648 768.
1092 1624 1156 1648 769.
1177 1619 1245 1656 Ejus
1267 1617 1393 1646 vaticinia
1418 1628 1498 1656 quam
1519 1624 1598 1646 certa.

856 1669 920 1694 707.
936 1664 1059 1693 Christus
1085 1673 1137 1692 non
1158 1664 1297 1701 impostor.
1327 1667 1392 1691 772.
1416 1672 1445 1690 1).
1475 1661 1599 1691 Christus

855 1709 944 1737 onmia
976 1714 1086 1737 noverat
1100 1730 1106 1743 ‚
1118 1707 1164 1736 sed
1179 1706 1324 1744 aliquando
1343 1705 1445 1734 nescire
1458 1716 1486 1734 se
1509 1706 1598 1734 simu-

856 1752 901 1781 lat.
919 1761 964 1782 tx.
992 1758 1035 1781 19.
1062 1763 1089 1780 D.
1119 1763 1146 1780 E.
1168 1751 1269 1778 Locum
1290 1749 1431 1789 prophetat
1457 1750 1503 1778 ubi
1530 1757 1598 1779 esset

856 1796 1024 1825 mactandus.
1049 1802 1105 1824 ΠΙ.
1122 1798 1188 1823 756.
1205 1805 1234 1822 A.
1254 1805 1278 1822 Β.
1298 1793 1523 1832 Discipulis,1ion
1540 1800 1596 1822 tur-

855 1842 905 1877 bae,
924 1849 1037 1871 mortem
1063 1851 1139 1870 suam
1164 1840 1241 1869 initio
1264 1839 1467 1879 praenuntiavit.
1483 1844 1548 1871 723.
1566 1851 1594 1869 E.

855 1898 882 1914 A.
896 1888 1011 1916 Cteteras
1026 1896 1087 1914 vero
1102 1895 1163 1913 suas
1181 1883 1314 1923 passiones
1335 1884 1438 1912 tardius
1450 1883 1503 1912 illis
1516 1884 1594 1913 dete-

855 1931 912 1966 xit,
925 1942 1015 1969 quare.
1037 1935 1102 1959 726.
1122 1941 1147 1958 B.
1170 1939 1196 1959 c,
1215 1928 1315 1957 Christi
1338 1928 1522 1967 praedictiones
1541 1938 1595 1957 non

853 1975 958 2003 arbitrii
984 1976 1133 2004 libertatem
1155 1973 1391 2010 labefactant,aut
1413 1974 1595 2002 necessitatem

855 2019 983 2048 inserunt.
1003 2027 1035 2048 X.
1048 2023 1112 2047 283.
1129 2029 1153 2046 n.

896 2063 1019 2091 Christus
1033 2062 1178 2100 legislator.
1195 2068 1254 2089 ΠΙ.
1271 2064 1334 2088 254.
1351 2070 1378 2090 n.
1394 2059 1483 2094 Quare
1497 2071 1593 2090 nomen

855 2106 923 2135 illud
945 2106 1065 2135 tacuerit.
1091 2112 1112 2133 1.
1141 2109 1207 2133 655.
1232 2115 1260 2132 A.
1282 2103 1388 2132 Veteris
1412 2104 1479 2142 legis
1498 2111 1593 2135 auctor

855 2151 988 2179 Christus.
1004 2157 1062 2179 ΠΙ.
1077 2154 1141 2178 210.
1158 2148 1233 2177 Idem
1248 2154 1286 2176 est
1298 2148 1367 2175 enim
1382 2148 1427 2186 qui
1444 2149 1528 2187 legem
1542 2149 1593 2178 dc-

853 2195 893 2224 dit
908 2202 933 2223 et
951 2195 1104 2223 incarnatus
1123 2200 1169 2221 est.
1185 2199 1217 2221 v.
1235 2197 1298 2221 234.
1311 2203 1334 2219 n.
1351 2192 1430 2230 Legis
1451 2192 1592 2223 dominum

853 2250 908 2269 esse
922 2240 1058 2268 Christum
1070 2237 1276 2266 demonstratur.
1291 2243 1347 2265 ΠΙ.
1364 2241 1429 2265 493.
1447 2248 1474 2266 A.
1495 2239 1591 2276 Legem

853 2285 933 2313 modo
956 2283 1095 2318 servabat,
1109 2280 1188 2310 modo
1210 2291 1261 2309 non
1283 2281 1414 2310 servabat.
1435 2285 1499 2310 350.
1524 2294 1547 2312 n.
1566 2293 1590 2311 c.

853 2328 1001 2356 Sabbatum
1013 2325 1104 2354 solvit.
1121 2329 1187 2354 486.
1202 2335 1230 2354 ε.

893 2372 1015 2401 Christus
1033 2371 1060 2399 in
1081 2370 1148 2407 legis
1162 2369 1235 2398 venit
1256 2369 1399 2398 auxilium.
1417 2377 1464 2398 lx.
1483 2374 1546 2399 621.
1562 2382 1590 2399 A.

854 2417 911 2445 Non
924 2413 1130 2453 transgreditur,
1143 2413 1398 2452 scdsupergrcditur
1414 2413 1510 2451 legem.
1522 2421 1591 2443 thl.

853 2464 918 2490 246.
933 2471 957 2488 n.
972 2460 1070 2497 Legem
1083 2458 1215 2493 servavit,
1233 2464 1262 2486 ut
1277 2469 1325 2497 per
1346 2457 1468 2486 umbram
1494 2458 1592 2487 verita-

853 2510 905 2532 tem
921 2502 1110 2531 introduceret.
1129 2509 1149 2531 1.
1168 2506 1232 2531 745.
1248 2503 1347 2539 Legem
1361 2507 1442 2530 totam
1458 2501 1590 2541 implevit,

852 2547 952 2585 quibus
966 2545 1063 2575 modis.
1085 2553 1142 2576 ΠΙ.
1165 2550 1229 2575 235.
1251 2546 1309 2573 Non
1331 2551 1387 2574 erat
1401 2555 1415 2573 a
1431 2546 1513 2574 veteri
1534 2546 1593 2585 lege

853 2592 966 2620 alicnus.
982 2596 1043 2621 885.
1057 2602 1083 2620 c.
1099 2590 1299 2620 Testamentum
1312 2595 1386 2618 vetus
1397 2599 1448 2618 non
1462 2590 1592 2627 excludit,
