1884 2922
718 215 820 238 lxm-:x

75 282 104 299 D.
128 272 185 301 Deo
215 273 301 301 vicem
325 273 514 312 rependimus,
540 284 600 303 cum
620 276 739 304 animam
764 287 817 306 no-

74 321 156 344 stram
177 326 314 345 curamus.
333 324 405 346 ΥΙΙΙ.
426 323 472 346 75.
497 329 524 347 n.
543 320 613 348 Deus
627 329 661 348 ex
681 320 819 349 voluntate

74 368 99 389 et
125 360 236 388 arbitrio
263 367 352 389 nostro
377 362 412 390 ad
438 373 485 391 nos
509 363 621 393 accedit.
638 370 710 393 ΥΙΙΙ.
728 369 773 393 46.
790 378 816 393 A.

76 412 149 438 Deus
172 409 260 438 omnia
287 410 391 439 caritati
414 412 559 451 postponit.
577 420 612 442 X.
635 417 698 442 366.
714 424 741 442 A.
770 414 818 442 Dei

75 453 161 492 gratia
176 453 332 491 quaerenda,
349 464 400 482 non
416 455 568 484 hominum.
587 464 619 485 Χ.
636 462 662 485 6.
679 468 707 486 E.
722 459 819 494 Deum,

73 508 125 526 non
155 497 278 526 homines
305 499 436 537 respicere
460 507 565 538 oportet
590 501 658 529 bona
685 510 816 540 agentem.

75 549 108 571 X.
122 546 186 570 118.
204 553 230 570 A.
248 543 320 570 Deus
335 542 502 579 glorificatur
513 554 527 572 a
540 544 594 572 vita
610 555 750 574 servorum
760 557 821 575 suo-

74 597 144 614 rum.
165 593 198 615 X.
219 591 281 614 182.
298 598 324 615 A.
342 587 413 614 Deus
429 587 497 615 nihil
515 588 549 616 ita
569 595 651 622 amat,
670 596 698 617 ut
713 597 817 628 gratum

74 630 206 658 animum.
224 637 257 658 x.
275 635 300 658 9.
314 641 340 658 c..
359 631 446 658 Deum
459 631 526 659 nibil
543 631 578 659 ita
593 631 705 660 delectat
721 641 749 662 ut
763 635 816 662 mi-

75 674 219 703 sericordia
240 681 264 702 et
287 674 465 713 eleemosyna.
489 683 535 705 xt.
555 681 617 704 259.
637 677 725 706 Deum
748 678 815 706 nihil

74 718 110 746 ita
132 719 224 747 taetitia
246 718 339 753 afficit,
357 726 385 747 ut
399 719 453 747 vita
470 719 564 758 proba.
578 727 636 748 ΧΙΙ.
651 725 715 751 321.
733 732 756 749 Β.

114 775 203 802 Deum
219 772 317 800 imitari
330 779 415 812 potest
429 772 521 803 bomO.
542 780 588 801 Xl.
607 778 670 802 (389.
688 785 713 804 Β.
731 776 817 804 Deum

74 817 176 847 imitari
197 816 262 855 quid
279 816 321 844 sit.
342 823 387 845 XI.
413 821 477 844 133.
496 828 521 845 c.
539 817 596 845 Deo
620 818 720 847 similes
735 819 818 848 effici-

74 873 136 891 mur
146 872 207 890 cum
219 861 350 899 justitiam
367 870 530 889 exercemus.
547 869 590 890 ΥΙ.
610 867 671 890 187.
689 874 715 891 c.

113 911 202 938 Deum
223 908 367 938 offendisse
390 915 474 936 morte
495 909 604 947 gravius
623 917 672 939 est.
698 919 719 939 Ι.
750 916 815 942 950.

74 955 125 982 Dei
146 953 255 982 offensio
276 963 337 980 vera
361 952 507 981 calamitas.
532 961 563 984 ΙΙ,
591 960 637 983 71.
662 967 684 984 13.
707 956 817 993 gravior

74 1009 154 1036 quam
183 997 261 1026 ultio.
285 1003 330 1025 IX.
355 1001 417 1025 512,
447 1008 474 1026 Ε.
514 999 600 1036 magis
622 999 699 1027 nobis
720 1000 815 1028 formi-

74 1042 176 1078 danda,
191 1052 272 1079 quam
285 1041 459 1080 supplicium.
474 1047 576 1070 x.610.
594 1054 619 1073 c.
629 1055 657 1072 D.
671 1045 721 1073 Dei
736 1045 816 1073 offen.

75 1086 176 1115 sionem
201 1085 348 1121 incurrere,
373 1085 422 1113 hoc
444 1092 547 1114 tantum
574 1097 656 1125 grave
676 1088 816 1117 acerbum-

74 1141 127 1168 que
140 1136 188 1158 est.
206 1137 238 1158 X.
259 1134 324 1158 492.
346 1140 371 1157 c.
389 1129 439 1157 Dei
452 1130 553 1158 offensa
575 1132 660 1170 magis
682 1133 813 1167 timenda,

75 1185 155 1213 quam
169 1174 223 1202 ulla
234 1174 362 1212 gehenna.
378 1181 424 1203 lv.
442 1179 505 1202 860.
522 1185 550 1202 E.

116 1221 190 1248 Deus
217 1229 268 1246 non
295 1218 330 1246 ita
360 1225 509 1257 peccatores
539 1227 677 1248 aversatur
689 1244 696 1257 ‚
715 1229 742 1249 ut
773 1233 816 1249 eos

75 1264 120 1302 qui
133 1271 192 1302 post
204 1269 341 1302 peccatum
352 1273 407 1291 sese
420 1273 470 1291 non
482 1263 617 1291 cohibent.
632 1271 689 1293 ΥΙΙ.
706 1271 769 1294 114.
789 1277 812 1294 Β.

73 1309 147 1337 Deus
155 1308 223 1336 nihil
236 1308 271 1335 ita
281 1314 418 1335 aversatur
428 1314 455 1335 ut
465 1308 627 1346 superbiam.
640 1316 696 1338 ΥΙΙ.
711 1314 774 1338 735.
787 1321 814 1339 n.

74 1356 146 1384 Deus
170 1355 244 1383 solus
264 1360 368 1392 peccata
386 1354 520 1382 remittere
540 1362 636 1392 potest.
653 1362 687 1385 X.
702 1360 766 1386 557.
782 1367 811 1386 n.

72 1401 160 1428 Deum
176 1398 244 1426 nihil
262 1399 298 1426 ita
314 1397 445 1426 concitare
461 1397 527 1426 solet
543 1398 576 1426 ad
597 1399 680 1434 iram,
697 1406 725 1427 ut
741 1400 814 1438 iuju-

73 1443 111 1472 ria
130 1442 294 1482 pauperibus
308 1442 388 1471 facta.
402 1449 447 1470 ΥΙ.
464 1446 507 1470 18.
534 1453 558 1469 A.
578 1442 651 1470 Deus
669 1443 814 1481 aliquando

73 1488 135 1527 plus
154 1486 310 1525 indignatur
322 1485 356 1514 dc
372 1486 487 1524 peccatis
513 1486 539 1513 in
557 1496 710 1523 conservos,
733 1499 814 1526 quam

72 1531 106 1560 de
118 1538 232 1571 peccatis
249 1531 275 1558 in
299 1541 326 1558 se
342 1530 440 1569 ipsum.
458 1537 502 1558 ΥΙ.
526 1535 572 1560 48.
590 1541 618 1558 D.
634 1531 721 1559 Deum
745 1533 813 1562 nihil

74 1587 148 1614 :eque
164 1575 268 1610 irritat,
290 1585 321 1602 ac
339 1575 360 1602 si
383 1574 461 1602 amici
485 1574 581 1613 injuste
603 1574 746 1606 laedantur.
764 1584 810 1606 XI.

74 1625 119 1649 35.
135 1621 209 1648 Deus
233 1619 323 1647 sordes
335 1619 453 1658 corporis
464 1629 515 1646 nou
530 1626 680 1656 aversatur,
693 1620 740 1648 sed
752 1621 812 1649 ani-

73 1678 123 1696 mae
147 1666 360 1696 immunditiam.
379 1673 424 1694 XI.
445 1670 509 1693 753.
526 1676 554 1695 n.
582 1665 723 1704 Indignius
752 1667 814 1695 tulit

72 1712 172 1741 Christi
181 1721 282 1747 necem,
294 1721 373 1748 quam
386 1710 466 1738 vituli
478 1709 672 1738 adorationem.
690 1718 711 1742 Ι.
720 1717 811 1740 801.c.

112 1757 161 1784 Dei
172 1755 305 1795 judicium
322 1765 399 1782 ncmo
415 1754 536 1792 effugiet.
551 1762 572 1784 Ι.
592 1759 654 1783 889.
672 1755 812 1794 Dcojudi-

70 1800 139 1829 canti
151 1800 240 1828 omnia
255 1799 323 1827 nuda
338 1803 364 1826 et
375 1805 475 1836 aperta.
490 1802 566 1827 1.45.
578 1808 605 1826 D.
619 1799 690 1826 Deus
701 1799 812 1838 puniens

72 1851 243 1884 comparatur
256 1841 476 1881 cumjudicibus.
498 1849 532 1870 11.
549 1846 613 1870 299.
627 1853 653 1871 c.
671 1843 811 1878 Quomodo

71 1890 174 1928 puniat.
195 1895 240 1917 111.
258 1892 320 1916 393.
346 1898 370 1914 B.
391 1886 464 1914 Deus
489 1885 652 1925 supplicium
673 1886 810 1925 illaturus,

71 1943 127 1962 sese
149 1942 263 1971 purgare
284 1931 360 1959 solet.
379 1938 424 1959 111.
450 1935 512 1959 401.
535 1942 562 1960 ε.
589 1938 634 1960 ΙΥ.
657 1937 721 1961 748.
740 1944 766 1961 Β.
783 1944 810 1961 c.

72 1978 146 2006 Deus
163 1987 209 2005 nec
224 1975 258 2004 ad
272 1976 385 2014 gratiam
399 1985 445 2003 nec
460 1986 507 2014 per
519 1974 611 2003 odium
622 1975 740 2014 judicat,
762 1984 808 2006 ΙΥ.

72 2028 136 2051 867.
150 2034 173 2051 13.
192 2023 247 2050 Deo
260 2022 326 2050 ratio
340 2019 474 2049 reddenda
486 2021 585 2059 accepti
597 2027 621 2048 et
631 2023 750 2060 expensi.
764 2029 810 2051 111.

72 2072 99 2095 9.
113 2078 129 2094 Α
146 2065 311 2105 Deojustitia
321 2065 444 2094 coliaeret.
456 2072 488 2093 Υ.
499 2069 564 2093 240.
574 2076 603 2094 n.
619 2066 666 2094 Dei
675 2066 780 2105 justitia
788 2073 811 2094 et

71 2110 202 2150 puniendi
216 2111 294 2139 ratio.
312 2117 371 2140 Vll.
390 2114 456 2139 465.
473 2120 502 2138 n.
520 2109 569 2137 Dei
585 2110 691 2148 punitio
706 2119 731 2140 et
745 2111 810 2140 viu·

71 2155 143 2184 dicta
157 2155 321 2183 inserebatur
336 2155 368 2183 iis
383 2155 477 2188 etiam,
491 2156 537 2192 qui
550 2161 610 2182 ante
626 2155 710 2194 legem
724 2162 809 2184 erant.

73 2207 106 2228 Υ.
124 2203 188 2228 585.
206 2209 234 2227 ι).
247 2199 320 2228 Deus
335 2209 388 2227 uon
404 2206 502 2227 temere
518 2198 637 2226 minatur
649 2199 807 2238 geliennam.

73 2250 106 2271 Υ.
136 2247 198 2271 144.
227 2252 256 2270 D.
283 2242 431 2270 Contrariis
456 2242 567 2281 castigat
579 2265 586 2277 ,
611 2244 757 2280 quomodo.
776 2251 807 2271 Υ.

71 2291 135 2315 [412.
154 2297 182 2314 D.
197 2286 307 2324 Semper
319 2286 419 2324 justam
439 2286 490 2314 fert
502 2287 669 2316 sententiam.
694 2294 726 2315 Υ.
744 2292 807 2315 117.

69 2332 127 2359 Deo
142 2330 280 2369 punienti,
301 2329 342 2357 vel
358 2330 505 2358 vindictam
519 2331 653 2367 sumenti,
668 2342 745 2359 nemo
758 2341 809 2370 po-

71 2381 117 2402 test
132 2374 262 2402 resistere.
281 2379 326 2402 ΥΙ.
344 2377 390 2401 21.
407 2383 430 2400 n.
445 2374 504 2401 Nun
520 2384 622 2413 semper
637 2375 736 2403 similia
749 2385 808 2414 pce-

69 2425 158 2446 cantes
172 2417 296 2445 similiter
308 2417 429 2455 castigat.
448 2424 494 2447 ΥΙ.
508 2422 553 2447 54.
572 2429 596 2446 n.
618 2419 664 2446 Dei
678 2425 717 2446 est
731 2418 810 2447 corri-

68 2472 140 2502 pere,
152 2461 252 2489 diaboli
266 2461 381 2491 adulari.
392 2468 439 2490 ΥΙΙ
467 2466 530 2491 200.
545 2473 569 2491 c.
583 2463 654 2490 Deus
670 2462 736 2491 alios
754 2462 808 2497 hic,

69 2505 135 2533 alios
148 2505 174 2532 in
188 2505 277 2532 futura
288 2504 340 2532 vita
352 2505 439 2543 punit.
450 2512 507 2534 ΥΙΙ.
521 2510 586 2535 203.
601 2517 629 2534 A.
643 2517 666 2535 n.
683 2514 728 2535 ΙΧ.
739 2512 806 2535 777.

70 2561 95 2579 Α.
106 2560 132 2578 Β.
141 2550 215 2578 Deus
222 2559 281 2576 eum
288 2549 508 2585 fertsententiam,
518 2550 586 2578 nihil
596 2550 664 2578 ultra
671 2558 708 2579 est
717 2550 802 2590 explo-

72 2592 197 2621 randum.
212 2600 269 2621 ΥΙΙ.
284 2598 347 2622 368.
362 2606 387 2622 A.
402 2605 425 2622 n.
446 2596 465 2622 A
479 2594 534 2623 Deo
549 2594 663 2623 rationes
675 2605 725 2623 non
740 2606 809 2633 qua?-

1570 210 1585 219 ‚-

851 216 976 239 ttEttUM.
1546 222 1607 244 2)t

870 279 973 314 rendae,
989 289 1037 308 cur
1048 279 1132 308 alium
1143 280 1249 319 puniat,
1263 281 1346 309 alium
1358 291 1419 310 vero
1429 290 1547 313 coronet.
1568 290 1615 314 tx.

874 328 938 351 678.
957 334 982 352 c.
1007 323 1056 351 Dei
1074 330 1208 362 gestorum
1230 323 1297 353 ratio
1319 335 1371 353 non
1392 325 1545 363 quaerenda.
1568 334 1616 356 tx.

875 372 940 395 480.
954 380 980 397 A.
1001 372 1065 398 486.
1082 379 1107 396 Β.
1128 369 1215 396 Deum
1231 370 1317 408 magis
1329 369 1404 398 decet
1418 381 1524 399 servare
1536 381 1616 408 quam

874 412 980 450 punire.
999 419 1045 441 ΙΧ.
1071 417 1135 441 572.
1151 414 1224 441 Deus
1240 414 1328 442 curin
1349 413 1401 443 hac
1417 415 1472 443 vita
1492 426 1544 443 nou
1567 426 1617 454 pu-

875 456 938 484 niat.
963 463 996 485 X.
1017 461 1079 485 590.
1100 468 1126 486 B.
1146 457 1204 484 Cur
1225 458 1250 485 in
1266 457 1315 485 liae
1334 457 1389 486 vita
1405 458 1485 487 modo
1501 459 1615 498 puniat,

873 500 953 528 modo
969 511 1020 529 non
1036 501 1138 539 puniat.
1157 508 1203 531 XI.
1219 506 1285 531 768,
1302 513 1330 530 D.
1353 503 1412 531 Non
1432 510 1499 532 esset
1511 503 1611 542 justus,

871 545 894 572 si
922 555 973 573 non
1000 552 1066 573 esset
1085 546 1232 584 judicium.
1260 553 1307 576 ΧΙ.
1329 552 1393 575 391.
1417 559 1445 576 c.
1472 549 1614 587 Improhos

873 588 1021 627 aliquando
1034 590 1114 628 punit
1130 589 1155 617 in
1171 589 1221 618 hac
1233 590 1299 619 vita.
1317 598 1361 620 xl.
1377 597 1441 620 744.
1460 602 1488 619 A.

913 641 961 669 Dei
976 649 1073 679 quanta
1086 642 1271 671 misericordia
1284 654 1344 681 erga
1358 643 1612 675 hominisanimam.

874 692 894 715 1.
911 690 957 714 23.
975 698 1001 714 A.
1018 686 1176 723 Numquom
1192 693 1331 714 aversatur
1346 688 1476 716 sinceram
1488 690 1616 728 poeniten—

872 729 947 759 tiam.
963 737 983 758 Ι.
1001 734 1028 759 9.
1047 741 1074 758 A.
1089 731 1147 758 Non
1161 731 1218 759 vult
1233 738 1346 759 mortem
1358 734 1514 770 peccatoris,
1528 734 1573 762 sed
1587 742 1615 763 ut

872 782 1044 804 eonvertatur
1067 783 1091 804 et
1114 776 1199 807 vivat,
1223 784 1242 805 Ι.
1270 782 1312 805 13.
1331 789 1356 805 E.
1373 778 1453 806 Punit
1468 780 1501 807 ad
1523 791 1616 809 exem—

872 820 959 859 plum.
988 827 1007 849 Ι.
1035 825 1098 849 917.
1117 830 1144 848 c.
1162 831 1190 848 D.
1217 828 1241 848 et
1265 828 1326 849 ante
1353 830 1490 860 peccatum
1511 831 1534 852 et
1556 833 1615 863 post

872 872 1007 903 peccatum
1024 875 1071 892 nos
1086 871 1171 892 curat.
1190 872 1208 893 1.
1230 870 1293 893 826.
1310 877 1335 893 13.
1360 867 1411 895 Dat
1435 875 1539 907 tempus
1554 880 1614 897 sce·

872 909 962 937 leratis
983 915 1010 936 ut
1024 909 1207 948 poeuitentiam
1224 917 1313 947 agant.
1336 918 1354 939 Ι.
1369 916 1434 940 349.
1456 925 1478 941 n.
1495 914 1611 942 Commi-

872 959 967 989 uatur,
990 959 1018 980 ut
1033 960 1183 992 peccatores
1204 953 1351 991 deterreat,
1368 966 1418 984 uon
1442 964 1471 984 ut
1494 968 1520 985 se
1543 957 1613 986 ulci-

870 1004 969 1027 scatur.
1000 1005 1020 1028 1.
1046 1002 1074 1026 G.
1101 1009 1128 1026 D.
1152 998 1193 1026 Ad
1220 999 1402 1037 poenitentiam
1427 1009 1564 1039 provocat.
1592 1010 1611 1030 Ι.

871 1046 899 1070 7.
914 1054 939 1068 A.
953 1041 1031 1069 Solus
1046 1049 1152 1080 peccata
1167 1041 1292 1072 dimittit.
1307 1051 1328 1071 1.
1345 1049 1410 1072 6:51.
1424 1055 1452 1072 D.
1470 1056 1498 1074 r.
1512 1046 1610 1074 Liben-

871 1092 910 1113 ter
930 1086 1004 1114 audit
1021 1087 1156 1114 homiuem
1173 1087 1240 1115 mala
1257 1098 1303 1116 sua
1325 1088 1376 1116 sibi
1399 1096 1560 1118 nari-autem.
1589 1098 1610 1119 1.

874 1134 937 1158 001.
954 1141 979 1159 Β.
996 1131 1223 1170 Appropinquans
1237 1139 1288 1168 est3
1305 1143 1356 1160 non
1370 1132 1415 1161 ille
1431 1133 1544 1169 recedit,
1566 1135 1613 1163 sed

873 1184 930 1203 1105.
943 1181 962 1202 Ι.
985 1179 1026 1202 12.
1044 1188 1069 1204 A.
1086 1176 1143 1203 Non
1156 1176 1217 1204 vult
1230 1187 1275 1204 nos
1288 1177 1413 1209 cruciari,
1430 1177 1474 1204 sed
1487 1178 1614 1216 poeniten-

871 1218 933 1246 tiam
950 1229 1036 1256 agere.
1053 1227 1073 1249 Ι.
1092 1224 1156 1248 277.
1175 1231 1201 1249 c,
1215 1231 1244 1248 D.
1260 1231 1287 1248 ε.
1306 1221 1354 1248 Dei
1371 1221 1535 1259 indulgentia
1549 1233 1611 1261 erga

870 1262 999 1291 homine&
1033 1270 1053 1292 1.
1078 1268 1142 1291 323.
1171 1275 1196 1291 Α.
1225 1274 1289 1302 sqq.
1315 1264 1465 1301 benignitas
1494 1274 1519 1294 et
1554 1267 1606 1295 cle-

869 1307 976 1334 mentia.
996 1315 1014 1335 t.
1032 1313 1096 1335 970.
1111 1319 1132 1336 n.
1150 1315 1182 1338 u.
1203 1313 1261 1336 202.
1277 1316 1361 1338 n.1v.
1382 1314 1440 1337 1⁶32.
1457 1320 1484 1338 n.
1501 1321 1528 1338 Ε.
1545 1316 1608 1340 496.

869 1363 894 1381 Α.
908 1363 971 1392 sqq.
985 1360 1017 1381 Υ.
1032 1358 1095 1381 567.
1108 1365 1136 1381 A.
1151 1355 1233 1388 Deus,
1243 1354 1300 1382 fons
1310 1355 1466 1391 clementiae,
1479 1356 1608 1385 beneficia

869 1396 945 1424 nolus
961 1398 1072 1428 couti-rt,
1085 1398 1164 1426 etiam
1178 1399 1282 1428 nesciis.
1302 1406 1347 1427 ΙΥ.
1369 1404 1432 1427 295.
1455 1411 1479 1428 ss.
1501 1401 1547 1428 Dei
1570 1401 1610 1428 in-

867 1451 929 1478 gens
946 1443 1129 1471 misericordia
1145 1450 1169 1471 et
1183 1443 1318 1482 patientia.
1334 1450 1379 1471 ΙΥ.
1406 1449 1468 1474 164.
1493 1455 1520 1473 c.
1546 1450 1609 1473 165.

870 1490 933 1515 176.
957 1496 984 1514 c.
1006 1496 1035 1515 D.
1056 1491 1118 1515 274.
1138 1498 1163 1516 c.
1188 1492 1252 1516 347.
1272 1498 1294 1514 n.
1317 1492 1380 1515 349.
1399 1498 1426 1515 A.
1446 1500 1469 1517 n.
1488 1488 1609 1517 studium

867 1539 915 1567 pro
929 1529 1023 1558 animae
1044 1538 1138 1559 nostrae
1160 1530 1256 1560 salute.
1275 1538 1295 1558 Ι.
1315 1535 1359 1559 20.
1386 1542 1412 1559 c.
1436 1542 1464 1559 D.
1491 1543 1516 1561 E.
1537 1533 1609 1561 Deus

868 1573 1035 1603 veliementer
1056 1575 1130 1614 cupit
1143 1598 1151 1609 ,
1173 1581 1200 1602 ut
1216 1574 1337 1603 homines
1360 1575 1394 1603 ad
1410 1575 1497 1614 ipsum
1516 1578 1610 1605 confu-

867 1617 951 1655 giant.
970 1626 1004 1647 ΙΙ.
1022 1623 1066 1647 44.
1087 1629 1114 1646 E.
1132 1620 1191 1647 Nou
1207 1618 1319 1646 remittit
1335 1619 1427 1655 nobis,
1448 1619 1499 1648 nisi
1519 1628 1543 1648 et
1561 1632 1609 1649 nos

867 1662 1043 1691 remittamus.
1058 1670 1089 1691 ΙΙ.
1103 1667 1167 1691 240.
1182 1675 1207 1692 n.
1219 1663 1382 1700 Frequenter
1393 1674 1440 1691 nos
1448 1665 1538 1692 vexari
1552 1676 1609 1704 per-

866 1706 957 1741 mittit,
975 1714 1002 1736 ut
1016 1707 1125 1736 adeum
1139 1707 1277 1736 adeamus.
1295 1715 1329 1735 ΙΙ.
1344 1712 1408 1736 362.
1424 1718 1447 1735 n.
1469 1709 1496 1737 Si
1513 1711 1609 1747 punire

867 1759 985 1789 cuperet,
1002 1759 1113 1787 taceret;
1128 1753 1190 1789 quia
1211 1752 1331 1780 misereri
1345 1752 1415 1785 vult,
1432 1753 1558 1783 minatur.
1573 1761 1606 1782 ΙΙ.

867 1800 930 1823 870.
944 1806 968 1824 13.
986 1796 1093 1824 Tardus
1112 1795 1145 1824 ad
1158 1806 1273 1835 poenam,
1291 1796 1370 1824 velox
1385 1796 1419 1824 ad
1431 1797 1554 1827 salutem.
1570 1805 1604 1828 11.

867 1845 929 1868 391.
947 1851 971 1868 Β.

905 1896 956 1925 Dei
973 1895 1137 1934 indulgentia
1159 1902 1266 1934 quanta.
1282 1902 1327 1925 111.
1347 1900 1375 1923 7.
1398 1907 1423 1923 A.
1445 1907 1471 1924 B.
1490 1897 1562 1926 Deus
1579 1898 1605 1926 in

867 1939 1031 1968 remittendis
1041 1940 1153 1978 peccatis
1166 1939 1279 1968 ditescit.
1293 1946 1339 1968 111.
1358 1944 1400 1968 12.
1416 1951 1441 1968 c.
1455 1940 1512 1968 Sibi
1525 1952 1605 1979 quam

865 1984 925 2013 aliis
940 1985 1030 2013 debita
1050 1985 1155 2013 facilius
1178 1983 1301 2012 remittit.
1319 1991 1365 2012 111.
1391 1989 1435 2012 17.
1460 1985 1532 2013 Deus
1552 1986 1605 2015 cle-

866 2039 940 2057 mens
955 2039 1006 2057 non
1029 2036 1130 2068 spectat
1149 2039 1225 2057 suam
1243 2028 1414 2066 dignitatem,
1427 2028 1471 2057 sed
1487 2037 1604 2059 nostram

866 2072 1059 2101 infirmitatem.
1078 2080 1124 2101 ΙΥ.
1143 2077 1206 2101 580.
1229 2083 1255 2100 A.
1269 2072 1342 2101 Solet
1356 2072 1514 2107 admonere,
1527 2081 1604 2103 ante-

865 2127 945 2154 quam
969 2118 1073 2156 puniat.
1099 2124 1143 2145 lv.
1170 2121 1235 2145 348.
1259 2128 1283 2143 A.
1308 2118 1448 2145 Peccatum
1471 2124 1562 2146 contra
1576 2129 1604 2148 se

866 2161 970 2190 facilius
993 2161 1113 2195 remittit,
1141 2171 1221 2198 quam
1243 2167 1378 2199 peccatum
1395 2167 1483 2189 contra
1507 2163 1604 2200 proxi-

865 2216 948 2233 mum.
965 2212 1011 2234 ΙΥ.
1029 2210 1094 2234 287.
1116 2215 1143 2232 D.
1163 2205 1212 2232 Dei
1234 2204 1419 2232 misericordia
1448 2215 1498 2233 non
1523 2205 1603 2235 datur

864 2248 1107 2278 indiscriminatim.
1128 2256 1158 2277 Υ.
1176 2253 1240 2277 492.
1260 2259 1287 2277 E.
1301 2249 1373 2276 Deus
1385 2256 1512 2287 perpetuo
1524 2250 1604 2279 mise-

862 2300 945 2320 retur.
966 2300 998 2321 Υ.
1016 2298 1079 2322 475.
1095 2304 1121 2322 D·
1137 2303 1161 2320 ε.
1178 2293 1227 2320 Dei
1243 2292 1452 2320 misericordiam
1467 2299 1494 2321 ut
1506 2303 1603 2324 conse-

863 2347 986 2375 quamur.
1006 2344 1038 2366 Υ.
1054 2342 1117 2365 554.
1138 2338 1211 2365 Deus
1223 2336 1319 2374 quaerit
1331 2336 1441 2364 modum
1456 2348 1510 2366 sese
1525 2338 1603 2367 nobis

862 2381 1064 2411 reconciliandi.
1078 2388 1123 2410 ΥΙ.
1142 2386 1206 2410 158.
1222 2380 1349 2420 proevenit
1364 2388 1539 2419 peccatorem.
1554 2389 1599 2411 ΥΙ.

864 2430 925 2453 164.
936 2436 961 2454 ε.
975 2426 1050 2464 Saepe
1062 2427 1146 2454 minas
1160 2426 1281 2460 intentat,
1295 2435 1345 2453 non
1358 2432 1386 2453 ut
1399 2425 1467 2453 mala
1484 2425 1600 2465 infligat,

862 2469 907 2497 sed
930 2477 959 2498 ut
972 2469 1007 2498 ad
1023 2481 1050 2499 se
1065 2470 1212 2509 pertrahat.
1229 2477 1285 2498 ΥΙΙ.
1302 2474 1363 2498 171.
1379 2481 1406 2497 Ε.
1422 2469 1529 2508 Asperis
1541 2470 1603 2498 dul-

863 2515 901 2543 cia
910 2515 1012 2546 miscet.
1026 2523 1082 2544 ΥΙΙ.
1095 2521 1157 2545 143.
1170 2516 1214 2544 Ex
1223 2526 1312 2544 amore
1322 2522 1430 2543 aeternas
1440 2526 1531 2554 peenas
1542 2526 1603 2554 pec—

862 2559 943 2587 catori
959 2560 1145 2588 comminatur.
1165 2567 1212 2588 ΙΧ.
1229 2564 1292 2588 567.
1308 2571 1337 2589 D.
1351 2559 1399 2588 Dei
1411 2566 1512 2587 naturce
1524 2559 1602 2588 insita

864 2603 1043 2632 misericordia
1060 2611 1108 2632 est.
1128 2611 1160 2632 X.
1182 2608 1239 2632 ‘ie-9.
1255 2615 1279 2630 A.
