1950 2922
300 202 365 225 122
773 198 801 219 S·

336 261 527 292 Tillemontius
535 268 621 290 tamen
630 260 676 298 qui
685 259 872 288 difficultatem
881 256 1037 295 hujusmodi

296 310 324 338 in
345 310 414 338 notis
436 308 469 337 ad
490 308 582 337 Vitam
603 304 803 345 Chrysostomi,
824 304 871 332 ubi
894 304 982 342 agitur
1004 303 1038 331 de

297 355 424 384 Homiliis
436 361 527 383 contra
539 349 855 387 Judaeos,animadvertit
871 355 896 377 et
908 349 1036 385 excussit,

297 401 400 429 nullam
423 402 480 439 ejus
495 400 656 428 mentionem
680 397 742 426 fecit
759 396 786 425 in
808 396 878 424 notis
891 395 926 424 ad
943 396 1036 425 Vitam

298 446 444 475 Theodosii
455 445 625 484 Imperatoris
640 456 646 471 ;
660 443 706 471 ubi
717 443 843 471 homilias
855 443 933 471 hasce
947 442 1037 481 Chry-

297 493 407 521 sostomi
426 492 460 520 ad
482 491 613 530 populum
636 490 832 518 Antiochenum
857 489 893 517 ita
917 488 1035 525 ordinat,

297 549 327 566 ac
348 538 369 566 si
386 537 503 571 Pascha,
523 543 553 564 ut
573 536 662 564 serunt
682 534 824 564 Paschales
841 534 952 569 tahulae,
967 534 1036 562 inci-

296 583 365 611 derit
379 583 405 611 in
420 582 578 621 vigesimam
594 581 715 619 quintam
730 580 839 620 Aprilis.
855 580 973 609 Primam
985 580 1036 618 igi-

297 634 341 656 tur
359 627 498 655 homiliam
513 626 594 665 paulo
607 632 668 654 ante
681 625 838 654 seditionem
852 624 922 653 locat
937 636 943 651 :
961 624 1036 653 sedi-

296 673 396 701 tionem
409 683 473 701 vero
485 671 614 711 vigesima
623 678 697 700 sexta
711 670 862 704 Februarii,
876 670 966 698 decem
981 670 1038 698 die-

296 718 347 747 bus
359 725 419 746 ante
430 717 682 756 Quadi-agesimam,
693 728 752 755 quae
769 717 917 746 Antiochiae
929 717 1035 755 incipie-

296 765 343 793 bat
358 765 423 794 seria
438 764 554 793 secunda
562 763 799 802 Quinquagesimze
815 769 922 798 nostrae,
935 762 982 790 illo
995 773 1038 790 an-

297 822 331 840 no
346 811 364 841 S
375 812 468 840 Martii
477 811 596 840 cadente.
605 810 756 840 Secundam
768 809 907 838 homiliam
918 809 960 837 vel
972 809 1037 838 seria

297 858 391 896 quinta
397 858 440 886 vel
449 858 559 886 sabbato
573 864 634 885 ante
644 856 888 894 Quadragesimam
899 856 918 884 6
930 855 1034 893 Martii,

296 912 391 934 octavo
399 911 459 943 post
470 903 631 932 seditionem
643 902 696 931 die.
707 902 829 930 Tertiam
839 901 980 929 Dominica
992 912 1036 929 sc-

299 952 417 990 quente7
432 949 522 978 Martii
536 949 580 977 vel
595 949 710 979 circiter,
728 949 859 983 Quartam
873 947 937 975 seria
949 957 1038 975 secun-

296 997 331 1025 da
338 996 456 1034 sequenti
471 996 490 1025 8
502 995 605 1025 Martii.
617 995 747 1029 Quintam
756 994 820 1022 seria
840 993 916 1021 tertia
925 994 943 1021 9
962 995 1035 1021 Mar-

297 1042 338 1071 tii.
361 1043 470 1070 Sextam
489 1042 553 1069 seria
572 1047 664 1080 quarta
681 1040 797 1074 circiter,
818 1050 862 1068 seu
879 1042 916 1067 10
930 1040 1034 1069 Martii.

300 1088 450 1127 Septimam
465 1088 530 1116 seria
545 1087 637 1125 quinta
654 1089 685 1114 11
705 1086 808 1114 Martii.
823 1086 953 1114 Octavam
970 1086 1035 1114 seria

296 1140 371 1162 sexta
383 1136 420 1161 ta
433 1133 647 1162 Martii.Nonam
664 1132 730 1160 feria
749 1131 866 1160 secunda
886 1131 1037 1161 hebdoma-

296 1180 338 1207 dae
350 1179 472 1208 secundm
489 1178 709 1217 Quadragesimze
722 1179 758 1207 15
774 1178 878 1206 Martii.
897 1178 1037 1207 Decimam

296 1225 389 1264 paucis
408 1225 505 1264 elapsis
523 1231 612 1264 postea
627 1224 735 1253 diebus.
750 1224 929 1253 Undecimam
947 1231 1039 1264 utpote

297 1272 500 1309 transpositam,
520 1270 584 1298 teria
603 1270 719 1298 secunda
738 1277 840 1308 quartae
862 1270 1040 1299 hebdomadis

297 1316 516 1355 Quadragesimae
531 1317 570 1345 99
581 1316 683 1344 Martii.
698 1316 892 1345 Duodecimam
907 1317 972 1345 seria
985 1325 1039 1347 ter-

295 1363 333 1391 tia
354 1369 479 1401 sequente
501 1363 540 1393 50
560 1363 663 1391 Martii.
686 1363 825 1391 Decimam
848 1363 954 1391 tertiam
975 1364 1039 1392 feria

296 1416 391 1448 quarta
411 1415 536 1446 sequente
560 1410 592 1437 51
625 1408 729 1437 Martii.
754 1409 894 1437 Decimam
919 1416 1039 1447 quartam

298 1455 380 1494 paulo
397 1461 458 1494 post
471 1465 529 1483 eam
544 1465 602 1493 quae
628 1454 732 1483 decima
753 1462 848 1484 octava
871 1463 1038 1489 numeratur,

298 1512 411 1540 quaeque
430 1501 521 1529 habita
541 1501 593 1528 fuit
611 1501 754 1529 Dominica
771 1501 864 1539 quinta
885 1501 1041 1541 Quadrage-

299 1547 373 1575 simae
396 1548 413 1576 5
437 1546 548 1585 Aprilis.
570 1546 710 1574 Decimam
729 1547 850 1584 quintam
872 1547 983 1576 sabbato
1000 1559 1041 1576 se-

300 1593 392 1621 cundae
402 1591 579 1620 hebdomadis
588 1592 817 1631 Quadragesimae,
828 1603 872 1621 seu
888 1593 927 1621 QO
938 1594 1040 1622 Martii.

300 1639 439 1668 Decimam
455 1645 556 1667 sextam
576 1639 718 1666 Dominiea
732 1639 807 1667 tertia
822 1639 1041 1677 Quadragesimae

300 1686 333 1713 21
352 1684 455 1712 Martii.
472 1684 610 1712 Decimam
620 1684 760 1723 septimam
770 1684 839 1712 cirea
849 1685 928 1712 finem
938 1693 1039 1722 quartae

300 1729 477 1759 hebdomadis
499 1730 728 1768 Quadragcsimae.
754 1731 893 1758 Decimam
916 1738 1040 1760 octavam

301 1777 442 1806 Dominica
454 1777 545 1815 quinta
557 1776 774 1814 Quadragesimae
789 1777 806 1805 5
817 1776 918 1815 Aprilis
928 1777 972 1805 vel
987 1778 1042 1806 eir-

301 1824 375 1853 citer.
393 1823 530 1851 Decimam
541 1833 637 1850 nonam
650 1829 710 1861 post
724 1822 855 1850 decimam
872 1830 995 1860 quartam
1006 1826 1015 1851 1
1026 1825 1036 1851 'l

301 1870 407 1899 circiter
436 1869 548 1908 Aprilis.
575 1868 742 1907 Vigesimam
773 1868 816 1896 die
843 1868 980 1897 paschatis
1004 1870 1040 1898 <25

302 1915 413 1954 Aprilis.
430 1915 596 1953 Yigesimam
610 1914 725 1953 primam
742 1914 834 1942 eodem
852 1915 958 1943 circiter
971 1922 1043 1943 tem-

302 1972 367 2001 pore
383 1973 436 2000 quo
454 1961 611 1999 vigesimam
634 1959 777 1988 secundam
795 1968 963 1998 sequentem,
984 1972 1043 1999 quze

302 2008 395 2036 habita
406 2013 443 2035 est
456 2007 520 2034 feria
532 2012 604 2034 sexta
616 2013 674 2044 post
683 2006 851 2034 Dominicam
862 2007 995 2036 Passionis
1007 2009 1017 2035 ’1
1025 2010 1044 2036 6

304 2054 416 2092 Aprilis.
444 2053 488 2081 Sic
510 2052 695 2092 perturbatum
718 2052 845 2080 harumce
871 2053 1043 2081 homiliarum

304 2099 427 2127 ordinem
451 2108 556 2126 summa
581 2097 749 2126 accuratione
771 2098 909 2127 restituere
933 2106 1043 2127 conatur

305 2145 510 2179 Tillemontius,
526 2144 585 2180 cui,
604 2143 672 2172 utin
689 2145 781 2172 multis
791 2144 1004 2184 adstipulamur,
1016 2146 1043 2174 in

305 2190 364 2219 aliis
380 2201 530 2229 repugnare
550 2190 682 2229 cogimur.
705 2190 838 2220 Ordinem
854 2201 933 2230 porro
951 2192 1043 2221 homi-

305 2237 404 2265 liarum
421 2237 527 2274 qualem
540 2236 585 2265 ille
600 2236 702 2271 statuit,
721 2237 765 2266 bic
780 2247 832 2265 uno
847 2245 989 2277 conspectu
1003 2249 1044 2267 re-

306 2289 505 2321 praesentamus.

305 2396 404 2421 Tillem.
440 2396 536 2419 Fronto
550 2394 612 2418 Duc.
696 2394 794 2420 Tillern.
831 2396 926 2420 Fronto
939 2397 1002 2421 Duc.

341 2438 349 2459 4
448 2435 530 2458 Prima
729 2437 743 2459 7
837 2436 950 2467 Septima

339 2470 354 2493 2
449 2467 564 2492 Secunda
730 2469 744 2491 8
836 2469 933 2493 Octaui

342 2503 356 2525 3
448 2500 534 2524 Tertia
730 2503 744 2524 9
839 2502 912 2525 Noua

340 2537 356 2558 4
449 2534 544 2563 Quarta
732 2534 761 2556 10
838 2535 939 2558 Decima

341 2569 356 2591 5
450 2567 543 2596 Quinta
732 2569 740 2589 4
752 2567 757 2588 l
841 2567 941 2591 Decima
957 2569 1042 2599 quinta

342 2602 356 2624 fi
450 2601 525 2624 §cua
734 2599 762 2622 12
834 2600 935 2625 Decima
948 2607 1015 2624 sexta

1086 2395 1186 2421 Tiltem.
1220 2395 1316 2419 Fronto
1331 2393 1394 2417 nuc.

830 196 934 219 JOANN
943 195 969 217 ts
996 195 1036 217 etl
1042 194 1227 218 RYSOSTOMI
1254 196 1346 224 vi'rA,

1129 259 1279 298 Antequam
1297 267 1360 286 vero
1381 257 1415 286 de
1439 256 1552 296 singulis
1574 257 1694 286 homiliis
1714 256 1826 286 dissera-

1089 314 1160 339 mus,
1182 315 1213 333 ac
1228 304 1262 333 de
1277 305 1406 343 cujusque
1422 310 1479 332 tum
1495 303 1591 332 ordine
1608 311 1666 332 tum
1681 314 1826 343 argumen-

1089 356 1115 378 to
1130 361 1215 389 pauca
1232 350 1366 385 dicamus,
1386 360 1400 378 e
1418 360 1447 378 re
1460 349 1541 377 suerit
1555 356 1696 386 annotare,
1714 360 1747 378 ex
1764 350 1826 378 titu-

1087 394 1113 423 lo
1122 395 1249 431 homiliae,
1265 406 1324 433 quae
1335 395 1400 424 olim
1416 395 1545 433 vigesima
1557 394 1683 431 secunda,
1696 395 1752 434 jam
1763 406 1826 424 vero

1087 442 1219 481 vigesima
1232 449 1399 479 numeratur,
1415 442 1463 480 qui
1475 441 1569 470 titulus
1583 441 1609 469 in
1620 441 1697 470 Notis
1708 442 1825 470 Fronto-

1087 488 1128 517 nis
1143 488 1171 516 in
1186 489 1252 517 Mss.
1269 488 1367 516 nostris
1377 487 1464 524 docet,
1476 487 1546 516 hanc
1560 487 1700 516 homiliam
1709 498 1827 526 pronun-

1087 534 1181 563 tiatam
1192 535 1273 563 fuisse
1287 535 1379 563 decem
1390 534 1485 563 diebus
1499 541 1559 562 ante
1574 533 1676 562 Pascha
1690 545 1696 561 ε
1712 533 1827 573 itemque

1088 591 1121 609 ex
1140 581 1183 609 his
1199 581 1289 610 verbis
1304 588 1365 609 ante
1379 581 1459 609 finem
1473 580 1604 617 homiliae,
1615 582 1678 620 jam
1694 581 1826 619 quadra-

1088 630 1172 666 ginta
1196 628 1258 655 dies
1277 630 1494 666 praeterierunt,
1517 626 1600 666 probe
1624 626 1827 654 Tillemontium

1090 672 1201 707 inferre,
1228 673 1467 712 Quadragesimam
1495 672 1570 711 apud
1592 672 1772 700 Antiochenos
1795 683 1828 701 ex

1089 718 1281 747 consuetudine
1302 719 1411 757 ecepisse
1433 718 1498 747 seria
1521 717 1636 746 secunda
1658 725 1717 757 post
1737 718 1828 753 Quin-

1089 764 1288 802 quagesimam;
1305 771 1459 803 septemque
1474 763 1691 792 hebdomadibus
1705 764 1777 803 apud
1797 764 1829 792 il-

1089 810 1128 838 los
1142 817 1225 838 totam
1246 809 1486 848 Quadragesimam
1501 809 1619 848 persolvi
1637 810 1804 838 consuevisse
1820 823 1826 837 ·,

1085 857 1198 895 jureque
1218 856 1409 885 Tillemontius
1429 855 1499 884 hanc
1520 855 1660 884 homiliam
1683 855 1709 883 in
1735 855 1829 884 seriam

1088 911 1189 931 sextam
1204 902 1381 932 hebdomadis
1411 902 1533 930 nltimam
1548 900 1766 939 Quadragesimae
1785 902 1831 930 he-

1088 949 1252 978 bdomadem
1268 948 1456 988 praecurrentis
1469 948 1582 976 confert:
1602 954 1658 976 erat
1672 947 1772 987 quippe
1783 948 1830 977 illa

1088 995 1145 1024 dies
1159 1003 1184 1024 et
1200 995 1404 1034 quadragesima
1419 995 1453 1023 ab
1465 995 1588 1023 inchoato
1597 995 1700 1033 jejunio
1714 1001 1739 1022 et
1753 994 1828 1023 deci-

1088 1052 1130 1070 ma
1145 1049 1204 1070 ante
1220 1042 1329 1071 Pascha.
1346 1042 1415 1069 Hine
1433 1052 1482 1080 pro
1497 1048 1596 1069 asserto
1611 1041 1740 1069 habemus
1756 1041 1830 1075 Qua-

1087 1087 1282 1126 dragesimam,
1303 1098 1361 1126 quae
1376 1087 1478 1125 aliquot
1495 1087 1522 1115 in
1545 1087 1672 1116 Ecclesiis
1694 1087 1828 1117 limitibus

1088 1134 1171 1162 variis
1180 1134 1381 1173 circumscripta
1395 1140 1460 1167 erat,
1472 1144 1519 1172 per
1533 1140 1633 1172 septem
1644 1132 1827 1163 hebdomadas

1089 1180 1238 1209 Antiochia:
1253 1180 1423 1208 observatam
1434 1179 1526 1207 fuisse.

1129 1227 1198 1255 Cum
1216 1236 1296 1265 porro
1318 1224 1471 1253 memoratis
1491 1234 1573 1263 supra
1596 1223 1630 1252 de
1647 1224 1751 1260 causis,
1773 1225 1829 1254 Pa-

1089 1273 1191 1301 schales
1207 1272 1312 1301 tabulas
1327 1271 1480 1305 hodiernas‚
1499 1281 1559 1308 quae
1571 1270 1672 1299 Pascha
1690 1271 1753 1299 anni
1768 1271 1828 1301 587

1089 1318 1118 1346 in
1140 1318 1298 1357 vigesimam
1321 1316 1442 1356 quintam
1462 1316 1616 1352 conferunt,
1637 1326 1690 1345 non
1712 1325 1830 1347 servatas

1091 1365 1185 1393 saltem
1197 1364 1250 1393 hoc
1265 1374 1335 1392 anno
1352 1363 1501 1392 Antiochiae
1519 1363 1600 1391 fuisse
1620 1374 1669 1402 pro
1687 1371 1758 1392 certo
1780 1364 1830 1393 ha-

1090 1410 1220 1448 beamu53
1240 1420 1354 1448 cumque
1374 1409 1451 1437 nobis
1465 1408 1635 1448 exploratum
1651 1420 1704 1437 uon
1724 1410 1757 1438 sit
1778 1421 1830 1448 qua

1091 1457 1136 1486 die
1151 1467 1220 1486 anno
1235 1456 1295 1485 587
1319 1454 1479 1484 Antiocheni
1501 1455 1602 1483 Pascha
1622 1454 1830 1493 celebraverint,

1091 1514 1106 1531 a
1124 1502 1168 1531 die
1185 1502 1282 1531 mensis
1304 1501 1332 1530 in
1351 1501 1501 1529 recensione
1521 1500 1696 1529 homiliarum
1712 1511 1827 1531 comme-

1091 1549 1221 1578 morando
1236 1547 1448 1584 abstinebimus;
1464 1546 1509 1575 sed
1523 1546 1704 1575 indicabimus
1718 1554 1832 1584 tantum,

1092 1595 1199 1632 quando
1214 1594 1242 1622 id
1263 1593 1366 1631 licebit,
1386 1603 1439 1631 qua
1456 1593 1500 1622 die
1518 1592 1696 1621 hebdomadis
1712 1593 1832 1623 homilia:

1092 1641 1171 1670 dictae
1188 1640 1298 1669 suerint.

1133 1687 1222 1716 Prima
1245 1686 1335 1724 itaque
1353 1685 1465 1713 homilia
1485 1684 1577 1713 habita
1603 1692 1643 1713 est
1662 1685 1755 1724 paucis
1771 1692 1832 1714 ante

1093 1734 1250 1762 seditionem
1276 1731 1470 1760 Antiochenam
1491 1730 1598 1768 diebus,
1620 1738 1649 1759 ut
1671 1742 1706 1760 ex
1727 1731 1770 1760 his
1791 1742 1833 1760 se-

1094 1777 1186 1806 cunda}
1203 1777 1321 1805 1101111111Ἰ
1338 1786 1412 1804 num.
1427 1777 1456 1804 5.
1475 1775 1564 1804 verbis
1583 1775 1686 1804 eruitur
1701 1787 1707 1803 :
1731 1788 1744 1801 «
1759 1776 1833 1804 Lon-

1094 1835 1156 1863 gam
1180 1834 1266 1862 nuper
1291 1821 1365 1861 apud
1388 1821 1524 1849 caritatem
1548 1828 1665 1849 vestram
1687 1821 1834 1850 orationem

1095 1869 1211 1904 extendi,
1218 1891 1275 1899 .....
1290 1875 1315 1896 ct
1330 1868 1453 1896 laborum
1467 1867 1614 1896 mercedem
1626 1867 1753 1907 accepi...
1767 1869 1834 1904 Quae

1095 1926 1158 1944 vero
1177 1925 1276 1943 merces
1294 1914 1370 1943 erat?
1390 1913 1514 1942 Civitatis
1537 1913 1765 1953 blasphematores
1782 1925 1836 1953 pu—

1096 1962 1162 1997 nire,
1178 1968 1202 1989 et
1213 1960 1342 1999 castigare
1354 1961 1442 1988 Deum
1457 1960 1618 1988 contumelia
1633 1959 1796 1997 afficientes,
1811 1967 1837 1989 et

1096 2007 1210 2035 furiosos
1229 2006 1362 2035 cohibere.
1379 2018 1393 2032 »
1415 2005 1479 2033 Haec
1501 2005 1595 2044 procul
1616 2005 1700 2033 dubio
1719 2012 1837 2044 spectant

1096 2053 1130 2082 ad
1149 2053 1265 2093 primam
1284 2051 1435 2086 homiliam,
1459 2062 1570 2089 eamque
1590 2051 1786 2090 longissimam,
1803 2051 1837 2080 de

1098 2107 1250 2128 sanctorum
1269 2097 1407 2133 a÷rumnis‚
1423 2097 1509 2134 deque
1524 2097 1574 2124 Dei
1590 2096 1760 2136 providentia
1775 2108 1837 2136 erga

1097 2146 1193 2175 clectos
1204 2155 1275 2180 suos,
1290 2144 1335 2182 qui
1351 2143 1377 2171 in
1388 2143 1438 2171 hac
1452 2143 1508 2171 vita
1521 2142 1684 2178 cruciantur,
1701 2150 1727 2171 et
1741 2143 1837 2172 adver-

1097 2202 1142 2220 sus
1154 2202 1197 2220 eos
1209 2191 1255 2229 qui
1264 2189 1421 2228 blasphema
1433 2189 1505 2217 dicta
1516 2188 1542 2216 iu
1556 2189 1643 2217 Deum
1654 2189 1836 2228 proferebant:

1098 2237 1144 2266 ubi
1161 2237 1270 2266 demum
1285 2236 1342 2264 haee
1356 2235 1499 2264 observatu
1523 2242 1594 2263 certe
1617 2235 1698 2274 digna
1713 2236 1813 2275 profert
1827 2248 1833 2263 :

1099 2298 1112 2310 «ι
1124 2283 1177 2313 Sed
1191 2290 1332 2323 postquam
1352 2281 1386 2310 de
1404 2281 1570 2321 blasphemia
1584 2281 1661 2310 nobis
1672 2282 1755 2311 verba
1769 2282 1838 2311 facta

1475 2392 1576 2418 Tittem.
1611 2393 1710 2418 Fronto
1721 2393 1786 2418 Duc.

1121 2437 1151 2460 13
1205 2433 1345 2459 Undecima
1511 2434 1541 2458 18
1597 2433 1700 2457 Decima
1711 2439 1802 2465 quarta

1121 2471 1151 2493 14
1207 2466 1360 2492 Duodecimn
1512 2468 1543 2490 19
1598 2466 1700 2490 Decima
1714 2474 1780 2490 nona

1122 2502 1151 2525 15
1208 2501 1310 2525 Decima
1324 2498 1397 2523 tertia
1511 2500 1542 2523 20
1598 2498 1720 2531 vigesima
1731 2498 1839 2523 secunda

1122 2536 1152 2559 16
1209 2532 1312 2557 Decima
1324 2534 1429 2564 septima
1511 2534 1537 2555 2·
1598 2532 1719 2562 Vigesima
1733 2533 1814 2564 prima

1124 2569 1152 2592 17
1209 2567 1310 2592 Decima
1323 2572 1412 2591 octava
1511 2566 1541 2588 22
1600 2565 1730 2598 vigesima.

1845 1765 1908 1786 Anno
1928 1767 1932 1786 ζ
