1884 2922
773 195 878 218 INDEX
907 195 988 217 REM]
997 195 1034 217 Μ.

133 268 155 285 1.
177 257 244 284 Pace
269 256 388 284 ecclesia*
409 266 459 284 non
485 256 662 285 abutendum.
691 263 734 286 III.
753 261 818 288 336,
847 268 872 285 r..

170 301 321 328 Psccmm
336 300 397 337 quis
427 307 477 328 cst.
501 307 546 330 XI.
571 305 634 329 576.
658 312 684 328 r.
702 302 874 330 Peccatorum

131 342 239 371 diversa
255 353 362 381 genera.
386 351 405 372 I.
423 349 487 372 963.
511 354 535 372 c.
558 354 586 372 1).
611 351 668 372 VII.
686 349 748 373 824.
773 345 874 372 Animae

130 387 246 426 peccatis
266 386 364 415 deditae
386 386 551 415 deformitas.
568 394 626 415 VII.
650 392 713 416 211.
730 398 757 418 Α,
775 388 874 416 Nullus

132 436 171 458 est
185 440 198 457 a
214 436 323 468 peccato
336 430 473 458 immunis.
490 437 511 458 Ι.
525 434 587 458 964.
600 442 626 459 Α.
646 430 726 458 Nulla
742 437 780 459 est
791 431 848 459 dies
859 442 874 459 a

132 474 250 512 peccatis
261 483 358 510 vacua,
375 473 421 502 sed
437 473 479 501 vel
493 474 580 511 majus
591 473 632 501 vel
644 473 732 502 minus
746 473 874 502 delictum

129 516 309 546 admittimus.
322 525 369 547 XI.
385 522 449 546 729.
462 528 488 545 c.
502 517 556 553 Qui
570 523 675 556 peccata
685 517 763 546 modo
771 525 874 554 carent,

130 571 183 589 non
199 571 294 589 corona
314 561 419 597 donari,
436 561 481 589 sed
506 571 556 589 non
569 561 649 600 plecti
667 561 809 589 dumtaxat
827 572 875 600 par

131 611 180 634 est.
203 612 223 633 Ι.
239 610 303 633 328.
322 616 349 633 A.
374 605 488 640 Quando
507 615 554 633 nos
566 612 716 644 peccatores
736 616 873 642 vocamus,

132 658 184 676 non
197 649 326 677 veraciter
338 649 494 687 loquimur:
512 649 532 677 si
549 649 620 677 enim
640 648 759 688 idipsum
771 649 805 677 ab
815 649 874 677 aliis

134 692 273 727 audimus,
289 692 517 720 excandescimus.
536 700 557 722 Ι.
576 697 637 721 183.
665 703 690 720 B.
716 703 741 721 c.
769 692 874 721 Inimici

132 737 215 764 nostri
236 737 334 765 melius
356 743 462 775 peccata
488 744 579 765 nostra
601 737 875 776 perspiciunt,quam

133 790 181 808 nos
196 781 257 819 ipsi.
274 787 318 809 IV.
335 785 399 809 896.
416 791 442 809 E.
462 791 488 808 Α.
506 782 527 809 Α
548 780 677 809 decennio
704 788 875 820 peccatorum

134 824 265 852 rationem
282 824 415 852 reddituri
431 835 532 860 sumus,
545 832 574 853 ut
592 831 662 864 patet
677 835 710 853 ex
723 824 814 864 pueris
827 824 874 862 qui

135 867 265 896 Elisaeum
279 868 437 896 irridebant.
455 876 476 898 I.
496 873 557 896 131.
573 880 598 896 c.
627 869 777 897 Peccator-is
791 869 874 896 misc—

135 910 184 938 ria.
201 918 246 939 IV.
265 916 328 940 206.
354 918 387 940 V.
405 916 469 939 130.
486 923 510 942 B,
530 912 670 940 Peccatorc
684 912 752 940 nihil
774 922 876 951 paupe-

133 954 200 982 rius.
228 961 260 983 ΙΙ.
287 959 351 982 389.
375 965 403 982 A.
427 954 497 982 nihil
522 954 695 982 imbecillius.
713 962 744 983 V.
763 960 827 985 121.
844 966 872 984 D.

133 1001 198 1025 261.
215 997 291 1026 Nihil
312 997 402 1025 dissert
416 997 450 1025 ab
470 997 553 1026 ebriis
573 1005 598 1026 et
612 998 775 1034 furentibus,
791 1009 876 1037 neque

132 1051 223 1069 rerum
248 1048 370 1069 naturam
392 1041 476 1069 novit.
500 1048 570 1070 VIII.
588 1046 632 1070 46.
651 1053 676 1070 c.
697 1053 726 1070 D.
745 1044 799 1078 Qui
814 1050 876 1071 sunt

134 1085 162 1113 in
176 1085 304 1124 pcccatis,
312 1091 373 1113 sunt
389 1085 526 1114 obcoecati.
543 1092 574 1114 V.
592 1091 654 1115 545.
667 1097 693 1117 Ε,
705 1087 765 1115 etin
780 1098 876 1126 perpe-

132 1135 180 1157 tuo
195 1136 267 1157 metu
283 1135 436 1157 versantur.
454 1136 524 1158 VIII.
538 1134 584 1158 47.
602 1140 631 1161 E.
646 1131 787 1159 Peccatum
799 1131 877 1170 pavi-

131 1172 199 1200 dum
215 1172 278 1201 facit
289 1180 313 1201 et
329 1171 454 1200 timidum
468 1180 645 1211 peccatorem,
658 1174 721 1202 licet
732 1174 823 1202 nullus
834 1186 878 1202 ar-

136 1223 210 1254 guat.
227 1223 258 1244 II.
274 1222 336 1245 109.
359 1227 383 1244 B.
399 1217 534 1254 Cognatus
547 1218 638 1255 justus
655 1218 725 1246 nihil
746 1219 878 1257 peccatori

134 1260 253 1299 prodest.
268 1267 326 1289 VII.
340 1265 386 1288 91.
402 1271 423 1288 1.
434 1261 551 1289 Virtutis
562 1262 702 1300 praesentia
714 1262 806 1290 dolore
815 1273 877 1301 pec-

134 1311 248 1333 catorem
257 1305 351 1334 afficit.
364 1311 409 1334 VI.
420 1309 465 1333 45.
479 1316 505 1332 A.
520 1305 673 1334 Peccatores
685 1313 753 1334 terra
768 1307 794 1334 in
805 1306 876 1334 Scri-

134 1349 221 1387 pturis
231 1355 368 1376 vocantur.
395 1356 440 1377 VI.
454 1353 517 1377 217.
529 1361 555 1378 A.
577 1349 702 1379 Peccator
715 1351 880 1379 daemoniaco

134 1392 267 1420 miserior.
282 1400 328 1421 ΙΙΙ.
344 1397 408 1421 382.
422 1404 446 1421 Β.
476 1397 540 1421 383.
557 1400 602 1422 IX.
632 1399 697 1424 349.
715 1405 743 1423 1).
763 1405 789 1422 Ε.
819 1396 882 1423 Pec-

134 1436 201 1464 catis
213 1436 346 1464 obnoxius
357 1446 409 1464 non
428 1436 506 1465 debet
523 1436 556 1465 de
569 1437 651 1465 fratre
666 1438 802 1476 judicare,
819 1445 877 1467 xu.

134 1484 201 1509 310.
215 1491 241 1508 A.
256 1485 319 1509 311.
332 1481 386 1516 Qui
404 1487 493 1519 peccat
511 1481 537 1508 in
561 1482 721 1519 majoribus,
736 1493 787 1510 non
804 1489 878 1510 tanta

134 1534 196 1552 cura
212 1524 238 1552 in
253 1523 315 1552 aliis
325 1524 428 1552 minora
439 1524 581 1563 explorare
593 1525 682 1554 debet.
700 1533 756 1555 VII.
773 1531 838 1555 586.
854 1537 881 1554 A.

175 1569 300 1596 Peccator
323 1568 415 1596 nullus
441 1575 479 1596 est
501 1568 607 1607 penitus
631 1580 726 1608 expers
751 1571 825 1598 boni.
855 1577 878 1599 1.

136 1616 201 1640 964.
218 1622 244 1640 e.
261 1622 290 1639 n.
309 1622 393 1650 neque
410 1612 465 1640 sine
477 1613 581 1651 justitia
597 1614 684 1642 malus
699 1621 737 1642 est
753 1614 836 1644 ullus.
855 1622 876 1642 I.

138 1660 204 1685 965.
224 1667 249 1684 A.
269 1655 342 1684 Fieri
363 1666 416 1684 non
433 1663 517 1695 potest
533 1663 562 1685 ut
587 1658 660 1686 ullus
683 1658 720 1686 ita
745 1658 832 1686 malus
846 1658 881 1686 sit

135 1699 216 1728 homo
226 1722 233 1735 ‚
247 1699 311 1737 quin
326 1699 422 1728 habeat
437 1700 546 1738 aliquod
562 1701 656 1729 saltem
671 1702 802 1740 exiguum
825 1702 877 1730 ho-

138 1753 214 1771 num.
237 1750 258 1771 l.
282 1748 347 1772 964.
365 1755 391 1772 C.
417 1749 482 1773 965.
502 1756 528 1774 Α.
547 1755 572 1773 c.
588 1745 775 1774 peccatoribus
799 1746 878 1775 datur

137 1797 186 1826 pro
203 1787 280 1815 bonis
295 1788 422 1826 operibns
436 1799 536 1817 merces
550 1789 651 1827 aliqua,
666 1790 771 1819 etiamsi
785 1790 819 1818 ad
833 1801 880 1819 ex-

137 1837 251 1859 tremam
269 1831 450 1870 improbitatis
466 1832 564 1860 lineam
581 1835 634 1861 sint
648 1832 766 1862 devecti.
778 1841 797 1862 I.
814 1839 878 1864 908.

139 1886 166 1903 r).
183 1880 246 1904 909.
262 1875 337 1903 Licet
353 1876 493 1915 improbus
507 1877 541 1905 sit
553 1878 624 1914 quis,
642 1878 662 1906 si
679 1878 745 1916 quid
760 1878 823 1906 boni
838 1878 882 1906 se-

139 1919 215 1952 cerit,
230 1919 309 1947 illum
324 1919 387 1947 boni
409 1927 497 1948 manet
513 1920 666 1949 retributio.
685 1929 706 1950 l.
725 1926 790 1950 965.
807 1932 835 1949 A.
854 1932 882 1949 D.

139 1967 204 1991 966.
229 1963 402 2002 Imputantur
424 1964 533 1992 omnino
556 1964 633 1992 nobis
660 1965 693 1993 ad
714 1972 883 2004 peccatorum

138 2005 248 2034 veniam
280 2012 349 2034 recte
372 2006 440 2034 facta
454 2029 460 2041 ‚
483 2008 659 2044 tentationes,
684 2008 882 2044 tribulationes,

139 2049 238 2083 morbi,
257 2050 344 2078 carnis
359 2049 484 2078 exitium.
503 2058 547 2079 III.
566 2056 610 2079 12.
627 2062 656 2078 D.
672 2056 715 2082 13,
731 2052 884 2080 Peccatores

139 2092 174 2121 ad
188 2092 327 2121 ecclesiam
344 2100 449 2132 oportet
471 2094 610 2129 accedere,
626 2105 656 2123 eo
672 2095 731 2134 ipso
746 2095 819 2133 quod
834 2096 885 2124 sint

144 2143 305 2176 peccatores.
324 2144 355 2166 II.
380 2142 444 2166 872.
465 2137 508 2166 Ad
529 2138 696 2167 laudandum
720 2140 807 2167 Deum
834 2150 885 2167 non

144 2188 297 2210 evocantur.
314 2188 335 2210 Ι.
355 2185 420 2210 537.
435 2193 464 2210 n.
482 2192 507 2209 Ε.
526 2193 554 2212 A.
573 2186 636 2210 538.

183 2224 337 2254 Peccatores
351 2236 479 2265 prospere
494 2234 616 2263 agentes,
632 2237 684 2255 non
702 2226 761 2255 ideo
783 2227 883 2257 felices.

143 2275 164 2297 1.
179 2272 244 2295 910.
261 2268 315 2296 imo
344 2269 531 2299 intelicissimi.
549 2278 569 2298 Ι.
583 2276 648 2299 910.
663 2282 689 2298 Α.
709 2282 733 2299 Β.
750 2270 809 2299 ideo
829 2282 886 2299 ma-

143 2312 217 2340 xime
232 2310 402 2350 deplorandi.
418 2321 437 2341 1.
452 2319 519 2342 911.
539 2325 567 2342 n.
586 2319 649 2343 950.
667 2319 730 2342 951.
745 2321 779 2344 v.
794 2319 841 2343 76.
861 2326 884 2342 B.

143 2355 200 2383 Cur
223 2354 249 2382 in
265 2355 343 2383 bonis
366 2357 450 2384 vitam
472 2364 615 2387 transeant.
634 2365 666 2386 ΙΙ.
692 2362 756 2386 302.
775 2369 799 2386 c.
823 2363 886 2387 303.

145 2399 301 2427 Peccatores
315 2400 362 2437 qui
385 2400 429 2429 hic
451 2411 502 2429 non
521 2401 587 2429 dant.
610 2412 716 2440 poenas,
730 2401 850 2432 timeant.
867 2410 886 2431 I.

147 2447 210 2470 348.
225 2453 251 2470 c.
268 2447 331 2471 349.
351 2445 469 2472 maxime
488 2446 510 2472 si
527 2444 680 2482 frequenter
703 2452 821 2484 peccent.
838 2453 884 2475 IX.

148 2490 212 2514 117.
229 2498 254 2514 Λ.
267 2487 295 2514 Si
311 2487 380 2516 cnirn
400 2488 469 2516 nibil
484 2488 510 2516 in
532 2488 656 2527 przesenti
671 2489 727 2517 vita
743 2499 824 2527 grave
840 2501 887 2528 pa-

146 2529 258 2564 tiantur,
273 2529 299 2558 in
312 2530 400 2559 futuro
413 2531 501 2559 omnia
518 2532 710 2571 perpetientur.
727 2539 771 2561 VI.
787 2537 884 2562 351.13.

147 2573 205 2601 Non
226 2573 295 2602 enim
318 2580 410 2603 utnon
429 2586 518 2613 poenas
533 2575 596 2604 dent
619 2583 772 2612 servantur,
790 2577 836 2605 sed
859 2585 888 2606 ut

1601 180 1670 225 345

929 257 1066 295 graviores
1090 255 1146 283 illis
1161 253 1302 291 accedant,
1324 254 1374 282 nisi
1398 260 1599 284 convertantur.
1626 261 1668 282 VI.

928 305 992 329 351.
1003 311 1027 328 ,1.
1038 300 1191 328 Peccatores
1205 298 1305 336 partim
1315 297 1368 331 hic,
1383 297 1480 336 partim
1494 297 1518 325 in
1529 297 1610 326 altera
1618 298 1672 326 vita

927 344 1088 383 puniuntur.
1104 351 1123 373 Ι,
1143 347 1204 371 915.
1221 352 1247 370 c.
1267 346 1331 372 916,
1347 341 1399 369 Alii
1415 341 1461 369 hic
1482 348 1508 369 et
1526 348 1585 379 post
1602 352 1671 370 mor-

930 395 982 416 tem
1007 387 1072 416 dant
1092 397 1192 426 poenas.
1210 394 1230 415 Ι.
1252 390 1316 414 915.
1333 396 1360 414 c.
1377 389 1441 413 916.
1459 391 1484 413 et
1500 385 1612 423 quidam
1629 385 1672 413 liic

928 438 1032 460 tantum
1056 431 1221 470 plectuntur.
1239 437 1259 458 I.
1279 434 1343 458 952.
1367 436 1398 457 II.
1415 434 1477 458 832,
1504 429 1595 464 Quare
1621 440 1672 457 nou

927 486 1019 504 omnes
1033 485 1125 514 poenas
1140 474 1255 502 subeant
1275 473 1301 501 in
1317 474 1369 501 hoc
1384 473 1496 502 mundo.
1526 480 1559 504 V,
1578 478 1624 501 76.
1648 484 1672 502 c.

927 524 974 548 77.
993 526 1036 547 VI.
1049 523 1076 547 5.
1090 530 1113 545 A.
1130 522 1157 545 6.
1186 517 1240 552 Qui
1256 516 1346 545 eadem
1362 523 1468 554 peccata
1487 517 1670 551 committunt,

928 573 975 591 cur
990 573 1042 591 non
1057 561 1163 590 easdem
1179 560 1254 589 luant
1269 570 1370 599 poenas.
1389 567 1409 588 I.
1428 565 1488 588 348.
1510 571 1534 587 13.
1552 571 1577 588 c.
1601 565 1671 588 917.

928 617 955 634 Ε.
970 614 1001 635 V.
1016 611 1062 634 49.
1080 616 1104 634 B.
1114 615 1140 633 c.
1156 605 1212 632 Cur
1226 604 1315 632 minus
1335 610 1473 642 peccantes
1486 603 1512 631 111
1527 603 1578 631 hoc
1591 613 1673 631 mun-

926 651 961 678 do
975 650 1110 678 interdum
1125 647 1459 687 puniantur,scelestiores
1474 657 1536 675 vero
1550 647 1672 675 minime.

926 701 946 722 I.
966 699 1027 722 109.
1045 705 1068 721 11.
1083 704 1109 721 c.
1123 693 1277 720 Peccatores
1291 702 1339 719 cur
1354 701 1405 719 non
1421 691 1510 719 statim
1526 697 1586 729 post
1604 701 1670 730 pec-

926 744 982 766 cata
1011 736 1044 765 de
1066 736 1155 765 medio
1179 736 1318 764 tollantur.
1349 743 1381 764 ΙΙ.
1406 739 1471 763 304.
1499 736 1674 764 Peccatorum

928 780 1093 819 supplicium
1113 790 1165 807 non
1188 779 1268 807 habet
1285 779 1375 808 finem.
1402 785 1435 809 Χ.
1465 783 1511 806 86.
1534 790 1559 807 E.
1578 780 1633 807 Gur
1648 779 1674 806 in

927 831 1055 853 aeternum
1072 825 1211 862 punimur,
1226 833 1287 851 cum
1302 823 1347 850 hic
1365 822 1526 850 brevissimo
1549 829 1673 861 tempore

927 868 1137 907 peccaverimus.
1160 874 1206 895 Ix.
1235 872 1300 896 777.
1320 877 1347 894 o.
1371 866 1462 894 Etiam
1492 872 1552 894 ante
1581 866 1669 904 legem

927 919 1077 950 peccatores
1094 921 1177 949 poenae
1197 917 1270 938 erant
1286 909 1409 938 obnoxii.
1428 916 1460 937 V.
1476 913 1541 937 585.
1560 920 1589 938 D.
1607 910 1673 937 Pec-

928 962 1029 984 catores
1050 955 1100 983 sub
1125 955 1182 992 lege
1197 964 1250 981 non
1267 953 1364 981 iisdem
1379 953 1464 990 poenis
1488 952 1675 980 afficiebantur

928 999 1026 1038 quibus
1039 1005 1189 1038 peccatores
1204 997 1255 1026 sub
1266 998 1344 1025 Novo
1363 997 1533 1024 Testamento
1545 1007 1552 1031 ;
1569 996 1596 1023 111
1610 1007 1677 1034 gra-

930 1044 1018 1073 viores
1030 1043 1117 1071 luunt.
1135 1049 1166 1070 V.
1186 1046 1271 1070 49.1›.
1291 1052 1319 1069 f..
1341 1045 1385 1069 50.
1405 1051 1496 1078 quare.
1522 1047 1593 1068 VIlI.
1614 1045 1675 1068 183-

931 1087 986 1123 Qui
1009 1093 1068 1126 post
1089 1086 1226 1114 lavacrum
1255 1084 1497 1124 pcccant,gravius
1512 1084 1676 1122 puniuntur,

931 1142 1011 1169 quam
1025 1130 1219 1159 catechumeni.
1235 1136 1280 1157 IX.
1300 1134 1341 1157 14.
1361 1128 1416 1156 Cur
1430 1128 1464 1156 ob
1485 1128 1565 1155 unius
1580 1137 1677 1166 pecca-

931 1182 988 1203 tum
1003 1175 1049 1202 alii
1064 1174 1222 1213 puniantur.
1240 1179 1286 1201 IV.
1303 1177 1369 1202 770.
1387 1183 1414 1199 E.
1432 1182 1460 1201 Α.
1476 1178 1522 1201 VI.
1539 1176 1602 1202 120,
1616 1182 1675 1200 A.I3.

931 1219 1015 1247 Nemo
1025 1218 1058 1246 de
1071 1217 1187 1257 peccatis
1200 1223 1340 1255 parentum
1354 1216 1399 1243 dat
1416 1226 1514 1254 poenas.
1528 1222 1596 1243 VIII.
1609 1220 1676 1243 374.

932 1267 1035 1290 ,1.375.
1048 1262 1110 1296 Quo
1125 1262 1210 1300 major
1221 1267 1258 1289 est
1269 1260 1386 1299 dignitas
1400 1260 1506 1297 offensi,
1521 1270 1551 1287 eo
1567 1259 1678 1297 gravius

931 1306 981 1335 erit
1003 1316 1095 1334 eorum
1121 1305 1167 1343 qui
1194 1311 1303 1344 peccant
1326 1303 1500 1342 supplicium.
1524 1310 1556 1332 V.
1580 1307 1627 1331 50.
1647 1314 1673 1331 Λ.

931 1350 1048 1379 Peccatis
1060 1349 1230 1388 gravissimis
1239 1355 1349 1377 onustos
1357 1347 1476 1386 graviori
1494 1347 1566 1375 Deus
1588 1357 1673 1374 reser-

931 1401 976 1423 vat
996 1393 1142 1432 supplicio.
1161 1401 1205 1422 VI.
1230 1398 1274 1421 54.
1293 1393 1450 1429 Numquam
1478 1398 1566 1419 tamen
1588 1401 1680 1429 poenas

932 1444 1017 1466 tantas
1031 1437 1112 1466 sumit
1127 1444 1239 1474 quantas
1252 1443 1386 1464 merentur
1397 1441 1514 1474 peccata.
1528 1441 1560 1463 V.
1575 1438 1642 1463 337.
1656 1446 1682 1464 n.

932 1482 991 1510 Non
1007 1491 1054 1520 pro
1068 1481 1162 1509 merito
1176 1480 1318 1515 scelerum,
1333 1478 1380 1507 sed
1395 1478 1480 1506 multo
1495 1477 1608 1506 leviores
1623 1477 1678 1505 illis

931 1536 1022 1564 peenas
1037 1524 1145 1562 infligit.
1163 1531 1207 1553 VI.
1233 1529 1277 1552 10.
1298 1523 1375 1562 Saepe
1395 1533 1494 1561 corpus
1510 1521 1621 1560 castigat
1645 1522 1680 1550 ol)

931 1569 1027 1598 animae
1053 1574 1202 1608 peccatum.
1229 1574 1299 1595 VIII.
1324 1571 1389 1595 248.
1408 1577 1434 1594 B.
1457 1571 1522 1594 249.
1538 1566 1610 1593 Deus
1625 1576 1679 1593 non

931 1613 993 1642 vult
1008 1619 1174 1652 peccatorem
1187 1611 1308 1639 absolute
1320 1610 1430 1639 conteri.
1444 1617 1464 1639 Ι.
1479 1615 1523 1638 13.
1534 1620 1560 1637 E.
1576 1616 1607 1638 V.
1618 1614 1680 1638 134.

931 1657 977 1686 sed
990 1667 1080 1696 poenas
1095 1663 1205 1684 aeternas
1219 1655 1260 1683 illi
1276 1655 1456 1682 comminatur
1469 1664 1503 1681 ex
1515 1663 1615 1683 amore.
1634 1660 1680 1681 IX.

931 1706 995 1730 567.
1014 1712 1040 1729 1).
1055 1699 1198 1737 Quomodo
1209 1697 1326 1727 vitandae
1338 1697 1402 1726 sint.
1418 1705 1437 1725 Ι.
1454 1702 1520 1725 933.
1536 1707 1563 1724 E.
1574 1707 1601 1724 A.
1617 1696 1679 1724 Hoc

930 1745 1092 1773 admirabile
1103 1767 1110 1780 ‚
1127 1743 1199 1781 quod
1224 1742 1305 1771 etiam
1332 1748 1484 1780 peccatores
1515 1739 1622 1768 fiduciae
1652 1741 1679 1768 in

934 1790 1022 1818 Deum
1037 1789 1183 1817 anchoram
1198 1793 1330 1823 tenentes⁷
1344 1785 1396 1814 sint
1411 1784 1537 1813 omnibns
1561 1783 1678 1822 inexpu-

935 1833 1066 1872 gnabiles.
1085 1840 1118 1862 V.
1135 1837 1198 1860 140.
1217 1842 1246 1859 c.

976 1880 1101 1906 Peccator
1111 1883 1206 1915 potest,
1223 1875 1243 1903 si
1256 1874 1332 1909 velit,
1348 1872 1381 1901 ad
1394 1883 1501 1901 5811511111
1517 1872 1678 1900 delictorum

935 1932 1046 1951 suorum
1058 1922 1159 1951 venire.
1176 1927 1222 1948 IV.
1238 1923 1301 1947 259.
1318 1929 1346 1946 11.
1364 1922 1427 1946 260.
1444 1917 1498 1944 imo
1514 1923 1538 1944 et
1553 1926 1680 1954 superare

937 1972 1086 2006 peccatum.
1112 1971 1172 1993 ΧΙΙ.
1189 1967 1254 1992 365.
1273 1972 1301 1989 D.
1318 1963 1339 1988 A
1356 1967 1463 2000 peccato
1478 1960 1529 1988 cito
1554 1959 1679 1987 resilien-

936 2010 1013 2038 dum.
1032 2016 1052 2037 Ι.
1068 2013 1132 2037 933.
1153 2014 1209 2035 VII.
1229 2010 1292 2034 368.
1313 2015 1337 2033 B.
1360 2016 1383 2032 c.
1398 2005 1523 2039 Quantus
1547 2003 1679 2041 peccatori

937 2060 1047 2082 conatus
1070 2052 1105 2081 ad
1120 2050 1303 2090 poenitentiam
1317 2055 1341 2076 et
1359 2054 1529 2087 peccatorum
1553 2045 1678 2074 emenda-

938 2098 1037 2126 tionem
1060 2095 1240 2124 adhibendus.
1264 2101 1284 2122 I.
1312 2098 1353 2121 14.
1379 2103 1407 2120 E.
1430 2104 1456 2120 Α.
1483 2096 1547 2119 319.
1571 2095 1638 2118 925.
1655 2100 1682 2118 c.

938 2142 1005 2176 Quae
1030 2147 1089 2180 post
1117 2139 1282 2178 baptismum
1306 2135 1447 2164 commissa
1469 2141 1531 2163 sunt
1554 2140 1680 2172 peccata,

940 2185 1026 2213 multo
1042 2184 1163 2221 indigent
1180 2181 1282 2215 studio,
1301 2187 1330 2208 ut
1357 2189 1450 2207 rursus
1473 2177 1622 2206 deleantur.
1636 2185 1656 2205 II
1673 2200 1680 2206 .

940 2234 1005 2259 553.
1024 2238 1048 2256 E.
1067 2229 1235 2255 Peccatorem
1250 2223 1382 2263 praevenit
1404 2224 1486 2251 Deus.
1508 2229 1551 2250 VI.
1572 2226 1635 2250 164.
1656 2231 1682 2248 Ε.

939 2271 1080 2307 Quomodo
1095 2282 1109 2299 a
1131 2270 1205 2298 vitiis
1227 2275 1344 2305 emergat
1366 2274 1499 2306 peccator.
1518 2274 1537 2295 Ι.
1556 2271 1583 2294 5.
1603 2277 1630 2294 [1.
1650 2276 1676 2293 c.

942 2324 986 2345 tx.
1015 2320 1079 2344 579.
1104 2325 1130 2342 D.
1152 2318 1215 2341 580.
1241 2311 1340 2349 quibus
1360 2310 1496 2338 remediis.
1522 2317 1553 2338 Χ.
1570 2314 1634 2337 542.
1654 2319 1680 2336 n.

942 2359 1044 2388 Peccati
1065 2357 1232 2386 occasionem
1256 2355 1326 2384 tollit
1354 2354 1431 2382 cibus
1455 2353 1682 2381 moderatus.1x.

941 2407 1005 2431 204.
1024 2413 1051 2430 E.
1070 2402 1130 2429 Nou
1152 2400 1189 2428 sic
1205 2399 1275 2437 ignis
1290 2397 1442 2436 rubiginem
1466 2403 1573 2435 purgat,
1589 2401 1618 2423 ut
1633 2405 1683 2422 no-

941 2454 1034 2474 cturna
1059 2445 1144 2473 oratio
1172 2443 1324 2480 rubiginem
1344 2447 1525 2480 peccatorum.
1547 2446 1593 2467 Ix.
1622 2443 1685 2467 233·

942 2491 1066 2519 Peccator
1078 2490 1167 2527 justus
1182 2487 1216 2515 ab
1233 2486 1350 2514 oratione
1364 2485 1459 2512 factus.
1479 2490 1510 2511 V.
1530 2487 1575 2511 13.
1591 2482 1685 2510 1).]111-

942 2541 1072 2573 putantur
1095 2532 1204 2561 omnino
1221 2530 1298 2558 nobis
1314 2529 1347 2557 ad
1363 2534 1533 2567 peccatorum
1548 2525 1685 2554 remissio-

945 2588 1003 2606 ncin
1020 2577 1181 2609 1881813813,
1194 2573 1392 2607 tribulationes,
1406 2579 1457 2600 etc.
1476 2578 1518 2599 III.
1536 2574 1578 2599 12.
1598 2580 1624 2598 1).
1640 2573 1683 2597 13.

1498 2628 1542 2651 22.
