1884 2922
263 246 326 281 152

255 332 314 349 CAI‘-
361 331 439 349 VERS.

494 362 632 392 elementis
646 362 790 390 mundi....
816 364 856 392 Ne
878 364 995 402 tangite,

493 417 543 435 neu
562 412 715 443 gustate...
745 417 804 444 quae
829 407 918 436 omnia
947 418 996 436 usu

496 456 618 487 pereunt.
639 456 659 477 l.
677 454 740 478 404,
763 461 788 477 1³.

257 496 290 524 2.
336 495 437 526 20-23.
459 493 494 521 T.
510 497 675 521 ix.4(34..i.

389 539 436 568 23.
455 538 521 574 Quae
540 543 600 565 sunt
614 536 743 566 rationem
753 537 863 576 quidem
890 539 998 567 liaben-

493 581 529 608 tia
554 580 691 619 sapientia?
714 580 740 608 in
762 581 950 620 superstitione
972 589 997 610 et

492 623 645 652 hnmilitate
665 631 690 653 et
710 635 762 653 non
784 625 819 653 ad
833 626 997 664 parcendum

493 668 608 706 corpori,
627 678 679 696 non
699 668 726 696 in
740 668 840 697 honore
856 669 947 707 aliquo
961 669 996 698 ad

494 718 659 740 summatem
670 712 766 740 carniS.
785 719 831 741 IX.
847 717 911 742 316.
929 724 953 743 a.

256 758 288 788 5,
452 757 620 794 Exponilur
629 757 662 784 T.
678 763 723 785 XI.
740 761 874 785 430-460.

406 804 432 829 1,
449 801 515 837 Quae
530 810 636 828 sursum
654 807 715 828 sunt
729 800 848 838 quaerite,
857 799 903 828 ubi
916 800 996 828 Chri-

491 850 547 871 stus
569 843 604 871 ad
624 843 762 872 dexteram
785 843 834 872 Dei
862 843 943 872 sedet.
971 850 991 872 Ι.

493 891 557 915 858.
575 897 599 915 n.
620 894 653 915 11.
681 892 742 916 183.
775 898 803 915 n.
829 894 861 915 V.
886 891 949 916 544.
966 897 991 914 11..

491 937 536 959 VI.
554 935 616 958 161.
632 941 659 959 Ε.

406 977 435 1003 2.
453 975 518 1010 Quae
532 984 639 1002 sursum
651 980 713 1002 suut
727 973 823 1012 sapite.
841 981 874 1003 11.
890 978 952 1002 183.
966 984 993 1002 n.

372 1023 604 1054 2.1.T.x1.2sa.
622 1033 650 1051 1).

406 1070 435 1098 3.
453 1066 555 1095 Mortui
567 1065 629 1094 estis
643 1089 649 1102 ,
664 1071 689 1093 et
702 1066 756 1094 vita
772 1072 860 1093 nostra
881 1065 994 1093 abscon—

489 1110 544 1138 dita
568 1116 606 1138 est
621 1119 681 1137 cum
703 1109 812 1138 Christo
827 1109 854 1137 in
871 1110 935 1137 Deo.
958 1115 990 1137 V.

491 1158 597 1182 558.13.
615 1160 660 1181 ΙΧ.
686 1157 749 1181 641.
774 1163 799 1180 a.
828 1159 862 1181 Χ.
880 1156 943 1180 646.
964 1162 990 1180 c.

488 1204 534 1226 XI.
551 1201 594 1225 50.
611 1207 637 1225 Ε.
652 1201 715 1225 471.
733 1201 826 1226 n.738.
844 1207 872 1225 1).

374 1243 434 1272 3.4.
454 1240 591 1269 Mortui...
610 1240 677 1267 Cum
691 1239 844 1278 apparuerit
856 1238 992 1274 Christus,

491 1284 546 1312 vita
558 1290 658 1317 nostra,
675 1290 738 1311 tunc
754 1290 778 1311 et
791 1293 838 1311 vos
850 1283 994 1321 apparebi-

490 1327 524 1355 tis
546 1337 607 1355 cum
628 1326 673 1354 illo
689 1327 716 1354 in
731 1325 826 1365 gloria.
848 1333 869 1354 I.
884 1330 947 1354 802.
965 1336 989 1354 c.

494 1378 527 1399 x.
545 1375 591 1398 75.
606 1381 633 1398 D.

406 1418 434 1445 5.
451 1414 613 1443 Mortificate
626 1413 744 1442 membra
756 1420 853 1447 vestra,
864 1423 922 1451 quse
932 1421 995 1442 sunt

493 1468 571 1496 super
586 1464 693 1485 terram.
711 1464 780 1485 VIII.
806 1462 869 1486 500.
895 1468 918 1486 c.
944 1464 990 1486 IX.

494 1506 558 1529 590.
576 1511 604 1529 Ε.
620 1508 666 1529 ΧΙ.
680 1505 743 1529 665.
758 1512 785 1529 D.

388 1548 432 1575 ΙΙ).
449 1544 663 1574 Mortificate...
680 1555 737 1582 quzn
756 1550 817 1571 sunt
841 1543 992 1580 fornicatio,

492 1588 666 1624 adulterium,
678 1587 857 1616 immunditia.
868 1592 992 1616 iv.3o.‹:.

493 1640 526 1661 X.
544 1637 608 1661 820.
625 1643 651 1661 E.

390 1679 432 1706 lb.
452 1676 550 1714 Fugite
564 1676 718 1711 avaritiam,
737 1686 796 1714 quoe
809 1682 848 1704 est
860 1675 992 1705 idolorum

493 1720 590 1748 cultus.
606 1727 652 1749 IV.
667 1724 731 1748 845.

404 1767 433 1795 6.
450 1765 563 1802 Propter
573 1774 632 1801 qum
642 1764 715 1792 veuit
726 1763 765 1791 ira
774 1763 823 1791 Dei
834 1773 914 1802 super
925 1763 994 1792 filios

493 1807 686 1836 inobedientiae.
703 1814 750 1836 XI.
763 1811 828 1835 566.
844 1817 869 1834 n.

405 1854 434 1881 9.
453 1853 492 1880 Ne
502 1851 650 1880 mentimini
667 1849 701 1878 ad
713 1850 880 1878 invicem.v.
895 1854 958 1877 142.
969 1860 994 1878 e.

353 1899 435 1926 9.1o.
454 1895 591 1924 Exuemes
606 1901 722 1923 veterem
738 1893 873 1922 hominem
888 1916 895 1929 ‚
909 1900 934 1921 ct
949 1893 995 1920 in-

490 1939 602 1967 duentes
636 1948 736 1967 novum
768 1938 813 1975 qui
852 1943 995 1965 renovatur

498 1982 525 2010 in
546 1982 709 2020 agnitionem
733 1980 878 2009 secundum
894 1979 995 2018 imagi—

499 2036 559 2053 nem
583 2026 639 2064 ejus
662 2024 709 2062 qui
730 2023 828 2053 creavit
848 2024 944 2062 ipsum.
959 2030 991 2051 V.

497 2072 561 2096 599.
579 2079 602 2097 B.
615 2074 660 2096 VI.
675 2071 738 2095 566.
753 2077 781 2096 Ε.

388 2116 435 2142 11.
454 2112 485 2140 In
499 2111 607 2140 Christo
628 2112 692 2140 Jesu
708 2121 761 2139 non
776 2109 908 2139 barbarus
918 2132 926 2145 ‚
941 2120 993 2138 non

494 2154 617 2193 Scytha;
633 2164 685 2182 non
711 2164 768 2182 mas
779 2175 787 2190 ‚
803 2163 851 2181 nec
873 2153 969 2182 femina
984 2166 992 2190 ;

492 2210 540 2227 nec
554 2209 657 2233 servus,
672 2209 720 2226 nec
732 2198 809 2227 liber.
824 2205 867 2226 VI.
889 2202 951 2226 476.
965 2210 991 2227 Α.

388 2245 435 2272 12.
452 2242 600 2272 Induimini
615 2251 678 2280 ergo
689 2263 699 2279 ‚
716 2248 745 2270 ut
769 2241 846 2270 electi
860 2241 910 2270 Dei
928 2251 993 2270 san-

902 260 1004 282 INDEX
1032 259 1156 282 LOCORU
1163 260 1185 282 M

1056 331 1120 350 car.
1164 332 1243 350 vens.

1292 365 1328 393 cti
1341 365 1440 399 viscera
1454 366 1640 397 misericordiae
1652 390 1659 404 ‚
1673 369 1793 408 probita-

1297 416 1350 438 tem
1366 432 1374 446 ‚
1390 410 1578 440 humilitatem.
1607 419 1652 441 tx.
1679 417 1743 441 649.
1764 423 1791 441 c.

1057 452 1090 481 5.
1188 453 1234 482 14.
1252 453 1334 489 Quod
1354 460 1392 482 est
1405 453 1544 483 vinculum
1561 455 1737 494 perfectionis.
1762 463 1793 484 Υ.

1296 500 1362 524 378.

1187 540 1234 568 15.
1254 539 1331 568 Grati
1342 547 1434 569 estote.
1452 547 1498 568 iv.
1523 545 1587 570 295.
1605 554 1630 570 A.
1657 548 1712 570 vu.
1726 546 1791 571 252.

1295 593 1324 611 D.
1341 590 1388 612 XI.
1410 588 1474 612 446.

1188 627 1235 656 16.
1253 627 1375 656 Verbum
1399 627 1500 657 Christi
1530 627 1634 657 habitet
1662 628 1689 656 in
1714 629 1793 658 vobis

1291 669 1469 708 abundanter,
1494 671 1521 699 in
1551 671 1624 699 omni
1649 671 1790 710 sapientia.

1293 719 1314 742 I.
1341 717 1405 741 505.
1434 726 1459 742 A.
1483 721 1554 743 VIII.
1580 720 1644 744 118.
1675 726 1702 744 D.
1731 722 1789 745 ΧΗ.

1294 761 1357 786 128.
1373 768 1398 787 Β.

1188 801 1234 830 17.
1251 801 1338 830 Omne
1346 800 1532 840 quodcumque
1543 801 1662 830 facitisin
1674 812 1792 832 sermone

1290 852 1316 873 et
1327 856 1417 884 opere,
1429 855 1531 884 semper
1542 845 1640 884 gratias
1653 847 1724 884 agite
1735 848 1792 876 Deo

1290 896 1315 917 et
1331 890 1403 918 Patri
1430 900 1477 928 per
1501 891 1597 928 ipsum.
1623 896 1656 918 v.
1674 895 1739 919 603.
1764 902 1788 919 Β.

1291 940 1349 962 VII.
1367 938 1431 962 632.
1452 944 1476 962 Ε.

1054 975 1085 1005 4.
1250 978 1416 1015 Exponilur
1427 979 1460 1006 T.
1474 984 1519 1006 XI.
1535 982 1673 1006 460-480.

1232 1042 1237 1047 .
1258 1021 1379 1049 Orationi
1390 1021 1485 1049 instate
1496 1044 1503 1057 ‚
1514 1021 1657 1059 vigilantes
1673 1022 1750 1058 inea,
1763 1021 1791 1050 in

1208 1021 1226 1048 ΙΦ

1292 1064 1439 1101 gratiarum
1454 1065 1566 1093 actione.
1582 1071 1616 1096 11.
1631 1069 1695 1095 936.
1712 1076 1739 1093 Α.

1207 1109 1234 1136 3.
1252 1107 1286 1136 Τ.
1303 1115 1336 1136 11.
1350 1112 1414 1136 942.
1431 1118 1458 1136 n.

1206 1152 1235 1179 3.
1255 1151 1291 1179 Ut
1306 1152 1378 1179 Deus
1405 1151 1505 1189 aperiat
1520 1152 1630 1190 januam
1655 1151 1790 1190 gentibus.

1291 1201 1349 1223 XII.
1367 1199 1431 1224 565.
1445 1205 1470 1222 C.

1189 1238 1234 1265 lb.
1251 1237 1445 1275 Circuinposita
1470 1244 1508 1266 est
1530 1237 1598 1266 mihi
1622 1246 1722 1269 catena.
1741 1246 1787 1270 lx.

1292 1285 1356 1309 443.
1370 1291 1397 1308 n.

1173 1324 1235 1353 34.
1253 1325 1288 1352 Τ.
1300 1331 1342 1352 XI.
1359 1329 1422 1352 370.
1435 1335 1458 1352 n.

1205 1367 1232 1395 4.
1251 1367 1287 1395 Ut
1300 1366 1480 1395 abundantius
1499 1367 1614 1396 audeant
1628 1368 1684 1396 sine
1696 1368 1791 1398 timore

1289 1421 1435 1439 sermonem
1449 1411 1498 1439 Dei
1515 1412 1598 1450 loqui.
1615 1419 1661 1441 ΧΙ.
1677 1417 1741 1442 463.
1760 1425 1788 1442 Α.

1205 1457 1232 1484 6.
1252 1456 1344 1484 Sermo
1361 1462 1446 1483 vester
1467 1466 1570 1494 semper
1585 1456 1611 1483 in
1632 1457 1717 1494 gratia
1735 1457 1790 1485 sale

1298 1499 1332 1527 sit
1346 1499 1480 1534 conditus,
1497 1506 1526 1527 ut
1546 1499 1635 1528 sciatis
1655 1500 1789 1537 quomodo

1293 1550 1411 1582 oporteat
1429 1554 1475 1571 vos
1487 1544 1631 1582 unicuique
1644 1545 1791 1584 responde-

1290 1598 1324 1616 re.
1336 1594 1355 1615 I.
1372 1591 1435 1615 506.
1454 1594 1499 1615 III.
1518 1592 1583 1616 3⁷19.
1597 1594 1663 1618 D.V.
1678 1593 1741 1617 522.
1759 1599 1789 1617 D.

1174 1632 1239 1660 7-9.
1257 1631 1395 1669 Tycliicus
1427 1631 1517 1659 omnia
1542 1631 1618 1659 vobis
1652 1632 1790 1660 narrabit:

1289 1684 1368 1712 quem
1383 1674 1443 1702 misi
1468 1685 1529 1702 cuni
1548 1675 1691 1706 onesimo,
1716 1675 1792 1704 fideli

1288 1725 1313 1746 et
1325 1717 1422 1746 dilecto
1434 1718 1521 1746 fratre.
1541 1725 1587 1746 lx.
1605 1723 1669 1747 463.
1683 1730 1707 1747 Β.
1741 1752 1753 1760 ι

1201 1764 1231 1791 9.
1253 1762 1322 1790 Cum
1336 1761 1473 1798 Onesimo,
1490 1761 1564 1789 fideli
1581 1768 1606 1790 et
1620 1761 1720 1791 dilecto
1736 1762 1790 1791 sra-

1289 1813 1337 1834 tre.
1350 1813 1396 1835 XI.
1411 1810 1476 1833 370.
1492 1817 1517 1834 A.
1600 1804 1608 1813 '

1190 1854 1236 1879 10.
1255 1848 1425 1878 Aristarchus
1447 1848 1621 1887 concaptivus
1638 1859 1722 1877 meus.
1740 1855 1788 1878 IX.

1290 1897 1356 1921 823.
1371 1902 1395 1921 C.

1184 1937 1231 1968 16.
1248 1937 1317 1966 Cum
1336 1935 1403 1964 lecta
1419 1935 1499 1964 suerit
1514 1935 1586 1974 apud
1606 1945 1652 1964 vos
1665 1935 1787 1974 epistola,

1289 1979 1369 2008 facite
1385 1986 1414 2008 ut
1439 1979 1643 2008 Laodicensium
1670 1979 1790 2008 Ecclesia

1291 2025 1395 2061 legatur
1411 2035 1417 2051 z
1434 2031 1459 2052 et
1471 2034 1528 2052 eam
1539 2046 1548 2061 ‚
1562 2034 1622 2062 quae
1636 2045 1645 2061 ,
1671 2030 1721 2052 etc.
1739 2029 1786 2051 XI.

1289 2071 1354 2095 477.
1372 2077 1400 2094 D.
1419 2071 1483 2095 848.
1499 2077 1528 2095 D.

1186 2112 1232 2139 17.
1250 2109 1339 2138 Dicite
1350 2109 1499 2148 Archippo.
1517 2113 1644 2138 xr‘371.
1661 2119 1687 2138 c.

1186 2155 1230 2183 ΙΙ).
1311 2152 1383 2183 Vide
1398 2153 1586 2188 ministerium,
1601 2153 1674 2190 quod
1683 2152 1789 2192 accepi-

1289 2197 1340 2232 sti,
1356 2203 1385 2224 ut
1399 2195 1469 2224 illud
1488 2196 1609 2236 impleas.
1621 2203 1666 2226 lx.
1679 2200 1743 2226 463.
1758 2206 1786 2225 c.

1289 2247 1336 2270 xl.
1351 2245 1413 2269 843.
1426 2251 1450 2269 c.

625 2405 804 2434 EPISTOLA
826 2406 876 2434 AD
898 2403 1265 2434 THESSALONICENSES
1288 2402 1414 2430 PRIMA.

255 2555 306 2573 exp
362 2553 431 2571 veris

261 2589 291 2620 ί,
455 2585 619 2623 Exponilur
633 2585 668 2612 T.
689 2591 733 2612 XI.
745 2588 881 2612 492-502.

390 2630 418 2656 (ἴ.
438 2630 493 2657 Vos
513 2628 582 2655 enini
610 2627 753 2655 imitatores
778 2627 839 2655 facti
855 2626 918 2655 estis
938 2627 991 2654 Do-

1048 2550 1108 2568 CAP.
1153 2549 1234 2568 VERS-

1288 2580 1353 2608 mini
1382 2586 1407 2607 et
1432 2578 1533 2616 nostri,
1562 2579 1607 2616 qui
1632 2579 1786 2618 suscepistis

1286 2633 1433 2652 sermonem
1457 2622 1528 2650 hunc
1556 2622 1581 2650 iu
1615 2621 1785 2650 tribulatione
