1884 2922
1020 234 1076 278 viij

281 318 390 345 riinum
403 316 507 354 petitas
519 314 645 343 orationi
666 311 868 350 Chrysostomi
892 309 1080 349 subjicerent,
1102 308 1252 337 uberiores
1273 308 1425 336 variorum
1447 316 1482 335 ex
1502 305 1663 335 Frontonis
1674 305 1774 334 Ducaei
1789 313 1817 334 ct

280 363 381 393 Savilii
392 361 573 392 editionibus
585 366 734 398 excerptas
749 370 818 388 cum
833 358 948 397 epicrisi
962 359 991 386 in
1001 364 1134 386 extremo
1149 355 1302 385 volumine
1313 361 1467 394 ponerent.
1480 354 1534 384 Hic
1548 364 1612 383 mos
1623 353 1752 383 obtinuit
1766 364 1818 382 us-

282 422 342 450 que
355 411 392 439 ad
405 410 545 439 volumen
559 415 720 447 quartum;
737 418 753 436 a
767 407 875 446 quinto
891 407 921 435 in
941 405 1139 434 annotatione
1162 404 1257 433 textui
1277 404 1382 441 subjici
1406 402 1492 432 solita
1504 413 1563 432 sese
1583 402 1797 431 continuerunt
1811 424 1817 431 .

279 469 399 498 prorsus
421 458 538 486 resectis
559 457 703 495 excerptis
718 454 924 494 amplioribus.
947 452 1010 483 Nos
1023 476 1029 489 ,
1046 463 1116 482 cum
1132 451 1183 481 illo
1196 458 1328 490 tempore
1339 473 1346 487 ,
1362 451 1464 489 quoin
1477 449 1682 479 voluminibus
1702 449 1819 487 quium,

279 513 374 541 sexto,
389 512 417 534 et
430 505 565 543 proxime
580 503 775 543 sequentibus
787 503 978 532 versabamur
989 523 996 537 ,
1027 501 1124 540 operis
1138 510 1297 539 procursus
1315 498 1403 529 valde
1417 505 1575 537 urgeretur
1591 519 1599 533 ,
1612 499 1673 536 jam
1685 497 1755 526 satis
1767 507 1821 526 ne-

278 554 350 593 gotii
363 552 548 582 habebamus
563 553 593 581 in
609 551 760 581 Saviliano
784 557 868 580 textu
893 549 1079 579 consulendo
1103 556 1132 578 et
1156 548 1294 577 codicum
1308 546 1525 576 variationibus
1549 547 1580 574 in
1604 546 1738 583 margine
1755 545 1820 581 ejus

278 601 437 631 annotatis.
455 599 512 629 Sed
527 601 558 629 in
576 599 632 628 hoc
647 599 809 628 undecimo
819 599 991 634 volumine,
1006 608 1077 627 cnm
1090 599 1151 636 jam
1173 596 1276 626 nullus
1295 606 1424 635 usquam
1439 595 1476 624 de
1491 605 1579 634 opere
1593 593 1631 623 ad
1648 594 1738 622 finem
1750 603 1820 631 per-

279 648 418 678 ducendo
430 648 612 677 dubitationi
624 647 706 676 locus
721 654 806 683 esset,
821 646 926 686 paullo
945 646 1055 675 lentius
1066 645 1203 674 festinare
1220 651 1391 683 poteramus
1409 650 1438 672 et
1457 642 1612 681 aliquanto
1625 641 1692 680 plus
1706 641 1759 670 otii
1774 651 1821 669 re-

279 696 483 735 cognoscendo
497 695 657 734 exemplari
681 694 843 734 typothetis
859 694 1004 723 tradendo
1020 692 1203 732 impendere.
1218 692 1411 721 Excussiinus
1422 691 1511 729 igitur
1524 689 1689 720 Savilianas
1700 699 1821 728 quoque

282 745 392 783 copias,
414 750 442 773 et
458 754 523 782 quae
541 751 618 772 recte
637 743 791 773 observata
807 743 844 772 ab
863 742 970 771 criticis
985 742 1214 775 invenissemus,
1235 740 1304 768 usui
1326 746 1427 768 nostro
1442 737 1750 772 accommodavimus,
1769 737 1821 775 qui

279 792 521 822 emendationem
535 792 697 830 praesertim
713 801 875 830 graecorum
890 789 1065 829 postularet,
1088 799 1147 817 non
1169 787 1396 827 explicationem
1418 796 1521 815 rerum
1540 792 1569 815 et
1589 784 1817 819 vocabulorum,

281 844 374 879 quain
392 839 626 869 Montsauconus
637 840 698 878 ipse
709 841 839 868 maxima
850 849 919 867 cum
930 837 1134 866 moderatione
1152 846 1206 875 per
1216 842 1315 865 totum
1325 845 1400 874 opus
1410 834 1558 864 adhibuit.
1581 834 1616 863 In
1628 832 1675 862 his
1686 832 1822 861 observa—

282 888 418 917 tionibus
429 888 536 917 criticis
551 888 664 917 enitent
684 888 789 916 Dunoei
803 894 832 916 et
852 886 1000 925 praecipue
1020 885 1110 924 ipsius
1128 884 1231 912 Savilii
1248 884 1381 919 inventa,
1392 881 1492 921 aliqua
1509 882 1597 910 etiam
1617 880 1752 916 Halesii‚·
1772 879 1823 908 sed

284 936 374 963 Boisii
386 942 415 964 et
426 936 604 963 Montacutii
620 937 806 974 conjecturat,
824 935 1002 974 plerumque
1016 934 1174 963 liberrimae
1188 939 1217 962 et
1231 940 1334 972 praeter
1349 931 1473 961 modum
1487 930 1624 967 audaces,
1635 940 1757 969 perraro
1768 940 1823 959 nos

281 986 385 1022 juvare
398 990 547 1023 poterant.
561 983 704 1013 Praeterea
714 983 817 1013 eadem
829 984 881 1012 otii
895 983 1061 1021 benignitas
1077 993 1140 1011 sera
1156 988 1184 1011 et
1198 980 1610 1018 crescens[Benedictinorum
1624 979 1655 1007 in
1667 978 1722 1007 hac
1735 984 1819 1017 parte

284 1030 465 1070 negligentia
481 1042 549 1060 eam
563 1042 678 1068 curam,
694 1042 786 1070 quam
801 1032 831 1060 in
847 1031 1039 1070 corrigendis,
1061 1030 1113 1060 ubi
1129 1041 1173 1059 res
1189 1029 1310 1065 ferebat,
1326 1027 1570 1057 translationibus
1585 1027 1684 1057 latinis
1703 1027 1821 1058 dudum

289 1090 492 1118 posueramus,
502 1078 612 1108 abhinc
622 1079 776 1118 aliquanto
788 1091 880 1118 quam
893 1080 976 1119 prius
993 1079 1214 1118 diligentiorem
1230 1077 1359 1107 reddidit
1372 1086 1378 1103 t
1396 1087 1486 1116 quam
1501 1086 1603 1106 cusam
1616 1075 1824 1107 Ecclesiasticis

285 1127 356 1157 viris
374 1137 434 1156 non
450 1128 596 1165 ingratam
610 1127 672 1156 fore
683 1134 712 1156 et
726 1127 813 1157 valde
827 1128 934 1157 utilem
948 1127 1135 1157 confidimus.

327 1219 422 1258 Igitur
434 1219 579 1248 Homilias
594 1220 624 1248 in
639 1219 786 1257 Epistulas
797 1219 835 1248 ad
847 1219 989 1258 Ephesios
999 1225 1028 1248 et
1042 1218 1249 1258 Philippenses
1269 1228 1304 1247 ex
1327 1217 1484 1247 Savilianis
1495 1218 1598 1256 copiis,
1614 1227 1689 1256 quas
1700 1218 1823 1247 eximias

283 1282 343 1301 esse
355 1282 607 1310 compereramus,
621 1271 725 1300 multis
736 1271 807 1300 locis
822 1271 1062 1307 emendavimus,
1081 1271 1180 1310 ipsum
1196 1277 1311 1300 textum
1328 1270 1514 1309 refingentes,
1525 1269 1572 1300 vel
1581 1269 1767 1309 probabilem
1778 1280 1823 1299 re-

283 1326 535 1364 dintegrationem
547 1326 578 1354 in
592 1332 663 1355 nota
675 1332 890 1355 monstrantes.

325 1417 442 1448 Verum
466 1418 556 1446 miras
583 1423 613 1446 et
634 1416 768 1447 difficiles
792 1416 938 1447 Honiilias
964 1419 994 1446 in
1010 1416 1173 1456 Epistolam
1194 1417 1231 1446 ad
1258 1416 1443 1447 colossenses
1462 1417 1589 1456 aggressi
1613 1428 1666 1456 per
1691 1417 1824 1447 codicem

284 1476 386 1495 unum
400 1465 566 1495 alterumve
581 1476 615 1494 ex
639 1465 729 1495 tantis
755 1466 835 1494 tricis
856 1476 910 1495 nos
933 1465 1070 1495 evolvere
1098 1465 1298 1495 tentabamus.
1326 1466 1364 1495 Et
1378 1473 1449 1494 sunt
1463 1475 1534 1494 sane
1557 1476 1624 1504 quae
1641 1476 1749 1494 eorum
1769 1476 1825 1504 ope

290 1513 545 1552 expediverimus,
564 1512 615 1542 sed
629 1523 742 1552 pauca3
763 1520 896 1542 ceterum
907 1513 939 1542 in
954 1512 1032 1542 libro
1046 1520 1108 1542 tam
1133 1513 1245 1543 difficili
1264 1513 1310 1543 vel
1325 1513 1402 1543 illud
1423 1514 1525 1552 magni
1540 1513 1639 1550 refert,
1662 1514 1735 1543 scire
1750 1513 1825 1552 quid

292 1561 410 1599 antiqui
448 1560 562 1590 codices
584 1568 719 1590 accurate
742 1561 867 1599 inspecti
908 1560 1080 1590 exhibeant.
1110 1560 1294 1600 Plerumque
1314 1568 1414 1591 tamen
1439 1572 1483 1591 res
1511 1561 1599 1591 rediit
1619 1561 1659 1591 ad
1691 1562 1826 1591 virorum

288 1608 448 1639 doctorum
463 1616 516 1638 aut
538 1615 652 1638 nostras
666 1608 888 1638 hariolationes.

327 1711 362 1739 In
377 1709 572 1748 sequentibus
586 1709 724 1738 Homiliis
738 1709 775 1738 de
794 1709 925 1748 Epistola
941 1710 1039 1748 prima
1056 1709 1095 1738 ad
1109 1709 1308 1739 Timotheum
1328 1709 1536 1740 consuluimus
1551 1709 1685 1740 codicem
1699 1710 1824 1740 Colber-

286 1757 386 1786 tinum
401 1757 473 1793 909,
486 1764 515 1786 et
533 1757 564 1786 in
580 1757 720 1786 Homiliis
736 1757 773 1786 de
783 1756 915 1795 Epistola
931 1757 969 1786 ad
984 1758 1087 1786 Titum
1099 1757 1163 1786 cod.
1177 1756 1245 1786 745.

324 1856 462 1886 Homiliis
476 1857 506 1886 in
521 1856 687 1895 Epistolam
698 1856 733 1885 ad
749 1856 969 1893 Philemonem,
987 1868 1057 1887 cum
1072 1857 1177 1887 eodem
1190 1857 1257 1887 cod.
1282 1858 1340 1889 745
1367 1865 1501 1889 accurate
1512 1859 1637 1896 collatis,
1649 1860 1829 1900 subjecimus

285 1903 492 1933 adnotationes
507 1903 577 1932 Tib.
595 1903 813 1933 Heinsterhusii
836 1910 865 1933 et
880 1904 1019 1942 Raphelii
1033 1917 1039 1939 ς
1057 1904 1215 1943 diligenter
1229 1911 1258 1934 et
1278 1907 1333 1946 ipsi
1348 1908 1378 1936 in
1403 1908 1518 1943 omnia,
1534 1918 1598 1947 qnae
1621 1908 1746 1937 dubiam
1760 1919 1828 1948 spe-

286 1954 360 1982 ciem
388 1953 543 1987 haberent,
568 1954 762 1992 inquirentes,
776 1960 809 1982 ut
820 1955 881 1992 jam
907 1954 938 1982 in
965 1954 1010 1983 his
1037 1954 1176 1983 Homiliis
1201 1957 1386 1993 paucissimae
1408 1966 1558 1995 superesse
1582 1956 1745 1986 videantur
1781 1956 1829 1986 vel

288 2001 413 2031 maculae
440 2012 455 2030 e
477 2008 560 2031 textu
581 2001 725 2037 eluendae,
750 2001 797 2031 vel
823 2012 866 2031 res
892 2001 1072 2031 obscuritate
1088 2002 1265 2033 laborantes.
1283 2003 1383 2032 Etiam
1407 2002 1632 2032 translationem
1656 2003 1822 2032 Benedicti-

286 2061 397 2079 norum
411 2061 532 2089 prorsus
542 2050 741 2086 deseruimus,
764 2056 869 2089 utpote
882 2051 980 2080 multo
994 2051 1164 2080 inferiorem
1180 2051 1342 2081 recentiore
1355 2050 1555 2090 Raplieliana,
1570 2061 1661 2089 quam
1679 2061 1694 2079 e
1711 2051 1831 2089 regione

287 2099 461 2129 Graecorum
473 2101 631 2139 posuimus
648 2099 696 2129 hic
707 2099 768 2128 illic
778 2111 794 2129 a
810 2100 895 2129 nobis
904 2107 1074 2130 correctam.

329 2201 364 2229 In
388 2201 513 2239 Spuriis,
528 2207 594 2239 post
615 2207 765 2230 accuratas
777 2201 954 2239 quaestiones
984 2201 1114 2229 Thilonis
1127 2201 1156 2229 in
1174 2201 1250 2230 libro
1267 2200 1303 2228 de
1327 2202 1452 2239 Scriptis
1475 2201 1668 2229 Ensebiorwn
1691 2200 1831 2228 Alexan-

292 2251 369 2277 drini
393 2256 419 2277 et
448 2251 580 2278 Emiseni
604 2250 716 2286 (Halae,
749 2252 853 2285 1832ss
873 2251 987 2290 aliquot
1015 2250 1172 2280 Sermones
1196 2250 1286 2289 hujus
1315 2256 1344 2278 et
1371 2249 1562 2288 praecedeutis
1586 2248 1749 2277 voluminis
1777 2258 1832 2277 suo

291 2297 408 2325 auctori
429 2297 652 2326 vindicavimus
664 2320 670 2332 ,
687 2297 816 2326 Eusebio
833 2297 1051 2331 Alexandrino;
1074 2298 1142 2327 vide
1156 2309 1222 2336 pag.
1240 2297 1297 2327 864
1318 2309 1360 2336 sq.
1387 2308 1470 2326 novae
1488 2297 1636 2326 editionis.
1657 2297 1692 2325 Ei
1708 2296 1760 2335 qui
1788 2302 1832 2325 est

290 2356 319 2383 p·
341 2344 472 2375 867-870
491 2346 566 2384 ipsas
592 2346 864 2376 animadversiones
887 2347 942 2375 viri
962 2346 1154 2375 eruditissimi
1180 2346 1372 2385 subjecimus.
1391 2345 1555 2384 Sequentes
1582 2351 1635 2374 aut
1655 2343 1758 2374 Savilii
1782 2351 1835 2373 aut

292 2393 401 2422 nostris
413 2394 589 2431 conjecturis
601 2395 710 2432 passim
726 2393 907 2432 adjuvimus,
920 2394 1048 2433 benigne
1060 2401 1179 2434 agentes
1195 2404 1249 2434 pro
1268 2394 1377 2424 harum
1390 2396 1525 2422 mercium
1541 2394 1586 2429 (ut
1598 2391 1833 2422 Montfauconus

292 2440 374 2479 loqui
385 2443 476 2477 amat)
490 2441 645 2480 dignitate.

333 2540 479 2570 Homilias
493 2541 523 2569 in
538 2540 700 2579 Epistol-”nn
716 2542 752 2570 ad
768 2542 905 2572 Hebraeos
920 2544 950 2572 in
966 2543 1064 2582 priore
1074 2550 1157 2582 parte
1171 2543 1337 2573 voluminis
1351 2541 1520 2571 duodecimi
1536 2541 1644 2580 positas
1658 2562 1666 2577 ,
1682 2538 1831 2568 Constan-

293 2591 373 2619 tinus
387 2589 539 2628 presbyter
554 2589 716 2618 Antiochiae
728 2597 793 2628 post
811 2590 929 2620 obitum
944 2591 1147 2630 Chrysostomi
1163 2591 1256 2620 edidit
1268 2591 1320 2620 ἀπὸ
1334 2589 1461 2628 σημείων,
1473 2600 1507 2617 ea:
1522 2590 1597 2616 notis
1612 2587 1832 2626 tachygrapho-

293 2648 360 2666 rnm
377 2637 455 2672 (vide
481 2636 686 2666 Momsauconi
701 2636 863 2673 monitum,
880 2649 944 2677 pag.
970 2650 1002 2675 v,
1018 2650 1048 2667 n.
1065 2640 1105 2674 3).
1123 2639 1181 2670 Sed
1193 2650 1273 2675 cum,
1296 2638 1402 2668 eodem
1416 2636 1632 2666 Montsaucono
1657 2642 1728 2664 teste
1744 2634 1830 2670 (ibid.
