1884 2922
719 218 820 240 lxm-:x
849 216 975 239 Ittzumt.

80 283 191 322 quidem
206 291 267 309 cum
290 290 385 308 vocare
409 290 562 319 possumus.
585 287 642 309 VII.
663 286 708 309 71.
725 280 819 308 Homi-

81 337 142 355 nem
157 325 232 354 cibus
247 334 299 352 non
317 324 379 352 facit
395 324 576 352 immundum.
587 331 632 352 tx.
648 328 713 352 783.
729 334 755 351 c.
771 323 824 351 Ho-

81 370 166 398 mines
180 378 321 407 porcorum
336 367 420 396 instar
436 368 567 403 viventes,
580 367 749 395 daemonibns
762 373 823 394 sunt

82 420 160 452 captu
173 412 272 440 faciles.
285 416 350 440 383.
365 423 392 440 c.
406 412 460 448 Qui
474 412 542 440 male
552 411 620 449 agit,
630 411 703 439 sedet
714 411 740 438 in
753 418 823 438 tene-

80 457 148 486 bris.
162 463 193 484 V.
210 461 274 485 545.
291 467 319 484 A.
339 461 400 484 546.
414 456 444 484 In
462 456 580 493 nequitia
593 465 712 488 manens,
723 455 822 482 bonum

81 510 134 529 non
150 500 199 528 sert
219 500 347 527 fructum.
360 506 417 527 VII.
437 503 501 527 333.
518 509 542 527 B.
561 505 586 526 et
601 505 639 526 est
654 505 758 525 mortuo
773 496 823 525 de·-

81 544 173 573 tcrior.
187 548 252 572 375.
267 554 296 572 A.
310 543 385 571 Nihil
397 542 580 581 impudentius
589 541 770 579 audaciusque
780 540 825 568 ho-

81 587 162 615 minis
181 586 295 616 malitia.
307 593 352 614 tx.
366 591 427 615 119.
444 586 519 614 Nihil
536 586 573 613 ita
587 585 770 624 impudentem
788 584 826 611 fa·

82 637 123 659 cat
145 630 291 664 hominem,
309 637 337 658 ut
359 630 515 658 conscientia
541 630 610 657 mala
629 636 654 657 et
673 634 822 667 peccatum.

84 679 147 703 148.
171 685 196 702 n.
214 685 242 702 E.
261 674 395 702 Doctrina·
414 674 542 709 verbum,
556 673 628 711 quod
647 683 693 711 per
709 682 786 710 opera
802 679 827 699 et

82 729 130 757 per
144 717 224 746 verba
244 717 404 753 exhibetur,
421 727 569 754 numquam
594 716 681 745 malus
703 715 825 753 suscipit.

84 769 118 790 X.
139 766 204 792 335.
222 772 246 789 Β.

124 805 247 834 Hominis
261 804 364 832 malitia
379 804 494 832 aliorum
516 803 668 832 felicitatem
690 803 758 831 serre
774 812 825 830 non

84 855 179 887 potest.
197 855 243 876 IV.
262 852 325 876 230.
337 859 362 876 A.
380 847 447 876 Sunt
463 847 543 886 etiam
559 846 680 875 homines
694 847 739 884 qui
752 846 826 874 invi—

84 892 129 920 dia
142 892 288 926 abducti‚et
299 890 373 928 quod
385 891 462 918 malis
474 891 604 925 laetentur,
616 891 717 918 diaboli
729 890 824 918 vitium

85 936 232 964 imitentur.
250 941 284 962 V.
301 939 366 962 510.
380 944 406 963 c,
424 934 526 962 Stultos
542 934 625 962 efficit
639 934 744 962 invidia
759 944 825 971 quos

83 979 181 1008 invasit
195 978 326 1006 homines.
342 984 388 1005 lx.
408 981 471 1005 142.
489 988 516 1005 c.
530 977 658 1005 Homines
674 977 782 1014 quidam
799 987 826 1005 se

83 1032 131 1061 pro
147 1021 201 1050 diis
213 1021 305 1049 haberi
319 1020 471 1048 voluerunt.
487 1027 521 1048 II.
539 1025 602 1049 137.
614 1031 640 1048 B.
660 1025 724 1049 138.
738 1021 824 1049 Homo

82 1076 167 1094 vanus
185 1065 335 1103 insequitur
348 1064 487 1102 fugientia,
503 1064 572 1103 fugit
589 1065 731 1092 manentia.
752 1071 822 1093 VIII.

84 1113 147 1138 325.
163 1120 189 1137 c.
203 1110 264 1145 Quo
279 1109 365 1136 trahat
383 1108 472 1135 insana
485 1108 604 1146 pecuniae
618 1107 762 1147 cupiditas.
776 1115 822 1138 lx.

84 1157 130 1181 61.
151 1164 176 1180 Α.
192 1162 256 1190 sqq.
274 1152 309 1179 Iis
331 1151 377 1188 qui
397 1151 468 1179 same
489 1151 627 1179 tabescunt
650 1151 826 1180 miserabilio-

83 1207 124 1225 res
145 1196 237 1225 reddit
255 1195 339 1234 ipsius
360 1206 495 1232 sequaces.
514 1203 548 1224 Χ.
566 1200 630 1224 435.
654 1206 681 1224 Ε.
699 1195 826 1223 Homines

83 1250 145 1268 cum
167 1239 236 1268 illud
253 1239 389 1267 amiserint
406 1238 478 1276 quod
492 1246 581 1271 erant,
600 1239 779 1273 circumeunt,
798 1246 826 1267 ut

83 1284 135 1312 sibi
151 1282 261 1311 aliunde
276 1282 388 1320 gloriam
403 1289 534 1320 quaerant.
556 1289 611 1310 VII.
627 1288 674 1312 77.
697 1294 723 1311 A.
744 1283 827 1311 Leves

83 1327 206 1356 homines
229 1327 277 1364 qui
300 1326 353 1354 huc
376 1325 441 1354 illuc
461 1326 702 1360 circumferuntur,
725 1326 826 1354 calamo

83 1378 146 1400 sunt
161 1371 272 1399 similes.
286 1377 344 1398 VII.
368 1375 434 1398 467.
452 1380 478 1398 A.
494 1370 606 1409 Semper
620 1377 658 1398 est
671 1381 757 1409 vagus
781 1371 827 1408 qui

85 1415 263 1454 praesentibus
277 1414 356 1442 rebus
368 1414 470 1442 affixus
481 1420 530 1442 est.
549 1421 582 1443 x.
605 1419 669 1442 518.
685 1426 712 1442 A.

126 1459 252 1488 Homines
275 1468 355 1496 quam
382 1457 460 1496 pauci
482 1458 596 1486 salutem
614 1464 824 1495 consequantur.

86 1510 134 1533 Ix.
152 1508 216 1533 214.
233 1513 255 1531 Β.
274 1503 424 1531 pravorum
440 1501 580 1530 hominum
600 1501 758 1534 multitudo,
773 1502 827 1529 ali-

85 1554 205 1576 mentum
221 1546 339 1585 amplius
354 1545 409 1583 igni
424 1545 560 1583 gehennae.
578 1550 643 1573 213.
661 1557 688 1574 E.
703 1545 828 1574 Sarcinas

84 1598 254 1631 peccatorum
272 1591 366 1624 serens,
378 1600 429 1617 non
449 1596 533 1628 potest
549 1600 597 1628 per
610 1597 751 1628 angustam
767 1600 828 1628 por-

85 1642 141 1664 tam
157 1635 264 1663 intrare.
282 1641 325 1662 tv.
346 1638 409 1661 239.
429 1644 456 1661 L.
473 1635 533 1667 Qua
560 1633 594 1661 de
611 1644 689 1662 causa
712 1633 829 1672 improbi

86 1679 207 1707 homines
228 1678 254 1705 in
273 1677 325 1705 hoc
339 1676 442 1705 mundo
462 1684 623 1705 remaneant.
648 1684 692 1705 III.
718 1681 781 1705 589.
799 1688 826 1705 n.

88 1727 150 1750 590.
175 1722 289 1749 Possunt
308 1720 371 1748 boni
391 1720 513 1748 evadere.
537 1728 595 1749 VII.
619 1725 684 1749 333.
706 1731 730 1748 B.
753 1721 828 1749 Vitia

87 1772 184 1803 quanta
195 1763 268 1803 apud
283 1764 403 1791 homines
417 1770 535 1802 tempore
548 1764 744 1803 Chrysostomi.
756 1771 826 1792 VIII.

88 1814 154 1837 555.
175 1819 199 1837 c.
219 1812 283 1836 556.
307 1808 384 1846 Saepe
404 1818 474 1836 unus
493 1808 574 1836 homo
593 1808 686 1836 multis
701 1815 739 1836 est
754 1807 829 1836 vitiis

86 1853 207 1881 affectus.
222 1859 256 1881 V.
273 1856 337 1880 609.
349 1862 372 1878 Β.
387 1852 417 1879 In
433 1852 554 1879 homines
566 1852 611 1889 qui
622 1851 714 1880 divina
730 1859 829 1890 myste-

88 1897 127 1925 ria
148 1896 258 1934 indigne
277 1895 489 1934 participabant,
512 1896 662 1933 frequenter
685 1896 788 1924 insilire
804 1903 829 1924 et.

89 1942 238 1979 irrumpere
259 1939 362 1968 solebat
381 1940 514 1968 diabolus.
534 1948 566 1969 II.
584 1945 648 1971 453.
672 1951 697 1969 c.
719 1945 781 1969 465.
801 1952 827 1970 c.

88 1985 160 2012 Dum
182 1984 331 2022 puniuntur
353 1984 436 2020 mali,
453 1984 499 2011 alii
519 1984 641 2012 meliores
663 1984 826 2013 efficiuntur.

87 2035 122 2056 11.
141 2032 203 2056 163.
226 2039 251 2055 Α.
264 2026 345 2055 Pauci
362 2037 414 2055 non
434 2028 544 2056 correcti
566 2028 664 2056 multos
685 2028 751 2057 alios
767 2039 829 2057 cor-

87 2078 228 2110 rumpunt.
244 2078 277 2099 11.
296 2075 359 2099 163.
382 2083 405 2100 n.

128 2115 243 2144 Homine
257 2114 330 2153 lapso
340 2115 408 2143 nihil
419 2122 474 2143 erat
485 2115 577 2147 vitius,
587 2115 696 2144 homine
707 2123 829 2154 reparato

87 2159 156 2187 nihil
171 2165 209 2187 est
219 2158 372 2196 gloriosius.
387 2165 421 2186 II.
439 2163 502 2187 293.
516 2160 619 2197 Majora
635 2170 714 2197 quam
731 2160 830 2188 amise-

88 2209 140 2237 rat,
153 2208 242 2240 postea
253 2201 314 2229 data
327 2208 389 2229 sunt
402 2202 454 2229 illi.
469 2207 531 2230 292.
542 2214 566 2230 A.
583 2210 643 2231 XII.
657 2207 722 2231 275.
733 2213 758 2230 e.
774 2204 830 2232 Ho-

88 2256 133 2274 mo
148 2255 180 2273 ex
195 2251 264 2272 terra
277 2251 302 2272 et
317 2254 386 2281 aqua
401 2245 496 2279 factus,
512 2252 649 2284 reparatur
665 2256 698 2274 ex
717 2257 785 2283 aqua
804 2253 829 2274 et

89 2289 204 2327 Spiritu.
222 2295 268 2316 IV.
293 2293 356 2316 789.
380 2300 408 2319 n.
426 2289 585 2317 Paradisum
607 2290 653 2327 qui
675 2291 828 2325 amiserant,

89 2333 184 2361 caelum
207 2332 263 2359 illis
284 2331 359 2359 dedit
380 2333 459 2360 Deus.
478 2334 522 2360 ΙΙ).
546 2344 568 2361 Β.
589 2343 611 2361 c.
629 2340 688 2361 XII.
713 2338 776 2361 475.
801 2344 826 2361 c.

90 2376 228 2411 Quantum
241 2375 342 2402 homini
355 2375 447 2413 gloriae
459 2382 483 2403 et
495 2376 605 2404 honoris
617 2387 650 2404 ex
663 2387 709 2404 sua
725 2387 828 2415 repara-

90 2420 162 2448 tione
176 2419 326 2457 proveniat.
339 2425 373 2449 V.
392 2423 453 2446 105.
468 2420 553 2447 Homo
563 2419 674 2456 angelus
689 2420 782 2447 factus.
798 2427 828 2448 v.

91 2468 136 2491 93.
155 2473 180 2491 c.
197 2462 283 2490 Homo
298 2462 418 2500 superior
433 2462 532 2500 angelis
546 2462 641 2490 sactus.
660 2469 704 2491 XI.
721 2467 784 2491 413.
799 2474 828 2492 D.

91 2511 154 2534 414.
166 2516 191 2534 c.
206 2504 350 2541 Quomodo
365 2505 465 2533 honore
480 2505 580 2541 angelis
594 2512 767 2543 praeponatur
779 2506 831 2534 ho-

91 2559 145 2579 mo.
171 2553 217 2576 23.
238 2559 264 2577 B.
284 2547 380 2586 Angeli
402 2548 530 2585 quosdam
551 2548 672 2576 homines
689 2549 830 2587 insigniter

91 2592 301 2621 honoraverunt.
314 2598 348 2619 V.
371 2596 432 2620 147.
448 2602 471 2618 B.
490 2592 562 2620 reus
576 2591 656 2619 bomo
678 2591 763 2620 sactus
781 2599 829 2627 est,

1551 218 1610 250 271

880 285 904 306 et
917 278 996 306 homo
1012 277 1088 305 deus.
1104 281 1149 305 93.
1167 287 1193 305 e.
1208 277 1258 306 Per
1270 276 1433 316 baptismum
1449 283 1525 305 vetus
1540 277 1620 306 homo

880 329 968 350 noster
979 321 1099 360 sepultus
1109 328 1158 357 est,
1172 327 1196 349 et
1212 320 1358 349 resurrexit
1371 331 1466 349 novus.
1483 328 1541 349 XII.
1558 325 1620 349 138.

880 377 907 393 A.
924 365 1010 393 Homo
1025 364 1175 392 membrum
1188 365 1306 403 corporis
1315 364 1428 399 Christi,
1439 375 1544 392 erucem
1555 365 1621 392 ferat

879 415 991 447 oportet.
1009 416 1054 437 xI.
1073 413 1116 437 24.
1133 420 1156 436 c.
1171 410 1270 437 Servus
1285 408 1387 437 Christi
1400 418 1451 436 non
1464 408 1551 436 studet
1567 408 1620 436 ho-

879 452 998 480 minihus
1016 452 1127 490 placere.
1150 458 1211 480 190.
1226 462 1252 479 n.
1265 453 1318 486 Qui
1335 453 1468 480 hominem
1483 459 1621 480 contume-

877 495 912 523 lia
925 496 1008 524 afticit
1018 518 1025 531 ,
1037 496 1136 524 Christi
1149 496 1292 534 imaginem
1305 496 1396 524 afficit.
1409 501 1471 524 577.
1484 507 1511 524 n.
1523 507 1550 525 E.
1565 496 1620 524 Ho-

879 550 922 567 mo
934 539 1086 568 eorumdcm
1098 540 1231 579 particeps
1242 547 1280 568 est
1289 550 1404 578 quorum
1417 540 1549 569 Clu-istus.
1562 547 1620 569 XII.

880 588 924 612 96,
944 594 970 611 c.

919 627 1046 656 Homines
1058 627 1191 666 quomodo
1204 638 1275 655 nunc
1291 627 1463 656 immortales.
1476 634 1544 656 VIII.
1556 632 1619 656 535.

880 681 905 699 c.
922 675 986 698 536.

920 713 1046 742 Homines
1060 724 1156 753 corpus
1172 724 1255 742 unum
1275 721 1347 748 sunt,
1362 715 1506 743 coheredes
1520 721 1545 743 et
1559 725 1622 743 con-

880 757 1040 796 corporales.
1055 765 1113 786 xtt.
1132 763 1176 786 91.
1192 769 1217 786 13.
1230 758 1366 786 Naturalis
1381 759 1481 787 homini
1496 759 1624 797 benigni-

880 808 927 829 tas.
944 809 989 830 tv.
1003 806 1070 830 760.
1086 812 1112 831 c.
1127 801 1226 830 Nullus
1241 808 1279 829 est
1290 801 1356 834 dies,
1368 802 1441 830 nulla
1457 813 1510 838 res,
1528 803 1554 830 in
1570 813 1622 840 qua

879 845 925 873 alii
938 845 998 873 aliis
1007 856 1057 873 non
1069 845 1246 883 indigeamus.
1261 852 1294 873 X.
1306 849 1369 875 662.
1385 856 1410 872 n.
1425 847 1549 881 Quantus
1561 845 1623 873 inde

879 895 978 917 mutuae
993 889 1095 916 caritati
1111 896 1268 928 proventus.
1282 893 1345 917 368.
1362 899 1387 917 c.
1403 889 1509 917 Honore
1519 900 1546 917 se
1558 899 1623 928 prat-

880 932 971 960 venire
983 932 1080 960 debent
1096 932 1227 960 homines.
1252 939 1297 961 lv,
1320 938 1384 960 900.
1403 944 1428 961 A.
1445 943 1470 962 Β.
1489 943 1514 961 c.
1534 933 1623 961 Potest

879 975 959 1003 homo
978 975 1024 1013 qui
1044 975 1113 1003 nihil
1139 975 1230 1012 habet,
1253 976 1373 1003 omnium
1393 986 1523 1014 occupare
1540 976 1622 1011 bona,

879 1021 1024 1057 quomodo.
1043 1024 1105 1048 155.
1122 1031 1148 1049 A.

920 1064 1081 1092 Hominibus
1096 1074 1143 1093 cur
1163 1063 1309 1102 praesecerit
1326 1064 1399 1091 Deus
1418 1063 1552 1098 homines,
1571 1073 1622 1091 non

879 1109 995 1147 angelos.
1012 1115 1045 1136 II.
1063 1112 1126 1136 878.
1140 1119 1164 1136 Β.
1180 1107 1266 1135 Homo
1281 1107 1301 1135 si
1317 1117 1377 1144 quae
1394 1107 1444 1135 Dei
1460 1114 1522 1135 sunt
1537 1107 1624 1135 medi-

880 1159 959 1187 tetur,
974 1158 999 1180 et
1014 1152 1072 1190 ipsc
1084 1153 1154 1180 Deus
1168 1150 1284 1179 hominis
1297 1150 1377 1178 rebus
1394 1151 1558 1189 providebit.
1572 1156 1618 1179 84.

879 1207 907 1223 D.
926 1197 997 1224 Deus
1015 1202 1144 1233 quantum
1161 1194 1273 1222 salutem
1295 1193 1436 1222 hominum
1458 1201 1540 1222 curet.
1560 1201 1619 1223 VII.

880 1244 944 1267 677.
962 1251 988 1266 A.
1005 1240 1097 1276 Neque
1115 1238 1186 1266 enim
1206 1239 1259 1265 Deo
1273 1247 1320 1264 sua
1332 1237 1416 1274 gloria
1427 1244 1506 1265 tantae
1521 1245 1560 1265 est
1574 1248 1622 1266 cu-

879 1293 926 1315 rae,
945 1289 1048 1320 quantae
1068 1282 1140 1310 salus
1159 1281 1310 1308 hominum.
1335 1288 1366 1309 V.
1383 1286 1447 1309 355.
1462 1293 1486 1310 B.
1506 1281 1620 1309 Habenti

880 1326 926 1354 dat
940 1329 1023 1360 Deus,
1038 1335 1089 1353 non
1105 1324 1213 1352 habenti
1229 1325 1309 1352 etiam
1324 1324 1409 1352 aufert
1426 1324 1499 1361 quod
1515 1324 1623 1352 videtur

883 1370 997 1405 habere3
1014 1379 1067 1406 quo
1082 1378 1170 1396 sensu.
1186 1374 1242 1395 VII.
1260 1371 1322 1395 535.
1341 1377 1366 1394 B.
1386 1368 1434 1395 Dei
1452 1367 1621 1406 providentia

880 1412 1158 1452 incomprehensibilis
1173 1411 1290 1439 hominis
1310 1411 1481 1439 ratiocinium
1503 1418 1620 1449 superat.

882 1464 928 1486 lx.
947 1462 1010 1485 679.
1025 1467 1051 1484 c.
1067 1456 1143 1485 Sicut
1157 1455 1275 1494 optimus
1297 1453 1427 1489 medicus,
1438 1454 1518 1483 modo
1534 1465 1623 1489 urens,

882 1501 962 1529 modo
975 1511 1076 1535 secans,
1089 1500 1221 1538 benignus
1234 1499 1317 1534 Deus,
1329 1498 1411 1526 variis
1423 1498 1564 1537 suppliciis
1574 1499 1624 1526 ho-

882 1545 984 1573 minum
999 1551 1075 1572 curat
1091 1544 1242 1572 sanitatem.
1255 1550 1298 1571 VI.
1311 1547 1356 1570 37.
1373 1552 1398 1570 Β.
1418 1542 1525 1570 Honore
1539 1543 1624 1571 afficit

881 1588 1002 1616 subditos
1018 1598 1079 1616 suos
1094 1589 1176 1621 Deus,
1188 1597 1241 1625 quo
1253 1586 1342 1615 modo.
1354 1593 1399 1615 Iv.
1415 1590 1480 1614 763.
1495 1597 1522 1614 E.
1534 1588 1623 1622 Quem

882 1633 1080 1665 Deuscoronat,
1096 1631 1118 1659 is
1133 1631 1260 1659 omnibus
1274 1630 1401 1659 excelsior
1413 1636 1462 1666 est,
1475 1631 1523 1658 etsi
1538 1630 1564 1658 in
1576 1641 1622 1659 ex-

882 1677 972 1704 tremis
991 1675 1068 1703 malis
1084 1675 1130 1703 sit.
1149 1681 1182 1702 V.
1201 1679 1246 1702 45.
1263 1685 1290 1704 Ε.
1308 1686 1335 1702 Δ.

925 1720 1011 1748 Homo
1035 1721 1121 1747 Deum
1139 1718 1236 1746 imitari
1252 1724 1348 1756 potest.
1374 1724 1420 1746 XI.
1441 1721 1504 1745 689.
1530 1728 1553 1745 13.
1572 1719 1624 1746 Pro

883 1765 987 1793 viribus
1010 1762 1105 1797 dehet,
1121 1762 1223 1790 ratione
1237 1761 1347 1789 virtutis
1359 1783 1366 1794 ,
1390 1762 1447 1789 Deo
1469 1761 1624 1790 assimilari.

883 1815 928 1836 lv.
943 1812 1008 1836 760.
1020 1817 1045 1834 A.
1055 1806 1098 1834 Ex
1107 1804 1336 1833 commiseratione
1346 1804 1402 1831 Deo
1418 1804 1516 1841 aequari
1527 1814 1624 1842 possu-

883 1862 951 1880 mus.
962 1855 1080 1879 Xt.751.
1095 1861 1120 1878 B.
1131 1850 1189 1876 Non
1206 1854 1291 1886 potest
1302 1847 1531 1885 homoimaginem
1542 1847 1625 1876 Deiin

883 1901 969 1923 mente
984 1894 1132 1921 efformare.
1150 1896 1214 1920 758.
1228 1891 1323 1920 Virtus
1340 1891 1395 1918 Deo
1411 1891 1568 1919 familiarem
1580 1891 1624 1919 ef-

883 1939 948 1967 ficit.
961 1945 992 1966 V.
1006 1941 1070 1965 278.
1088 1936 1223 1965 Omnibus
1239 1934 1393 1963 hominibus
1416 1944 1495 1962 unam
1511 1934 1628 1973 largitus

882 1989 921 2011 est
936 1984 1008 2010 Deus
1027 1981 1208 2015 nobilitatem,
1221 1989 1281 2006 cum
1296 1979 1416 2006 omnium
1437 1978 1561 2006 similiter
1576 1989 1624 2016 pa-

882 2033 922 2054 ter
943 2025 1034 2053 vocari
1051 2024 1178 2062 dignatus
1200 2023 1243 2050 sit.
1260 2029 1317 2051 VII.
1336 2027 1400 2051 284.
1421 2033 1445 2052 Β,
1463 2023 1520 2049 Non
1538 2023 1624 2060 gratia

882 2070 982 2105 solum,
998 2068 1044 2097 sed
1057 2075 1082 2096 et
1094 2067 1219 2105 operibus
1231 2067 1301 2094 tilios
1316 2066 1363 2094 Dei
1380 2076 1426 2094 nos
1442 2075 1497 2093 esse
1507 2072 1624 2104 oportet.

883 2118 947 2142 290.
965 2124 991 2141 A.
1011 2112 1177 2139 Inhumanus
1194 2110 1273 2138 homo
1289 2111 1375 2138 Deum
1398 2119 1449 2137 non
1465 2116 1551 2147 potest
1574 2120 1625 2148 pa-

883 2164 948 2185 trem
975 2165 1079 2184 vocare.
1105 2162 1149 2182 III.
1175 2158 1220 2182 36.
1248 2164 1272 2181 B.
1290 2152 1330 2180 Ad
1349 2154 1436 2180 Deum
1453 2152 1623 2189 accedentes,

883 2199 1029 2238 importuni
1046 2208 1190 2235 numquam
1203 2203 1274 2225 sunt.
1288 2203 1344 2224 VII.
1361 2201 1425 2224 321.
1438 2206 1465 2224 Α.
1480 2196 1624 2233 Quidquid

884 2243 962 2271 habet
980 2243 1058 2270 homo
1070 2264 1076 2275 ,
1093 2251 1107 2268 a
1124 2241 1181 2268 Deo
1196 2239 1387 2278 proficiscitur.
1405 2246 1451 2268 lx.
1467 2243 1530 2267 261.
1543 2250 1570 2268 n.
1586 2247 1623 2268 Χ,

886 2291 947 2315 115.
963 2286 1081 2313 maxime
1094 2285 1195 2312 bonum
1208 2294 1285 2322 opus.
1304 2290 1336 2312 X.
1354 2287 1450 2311 115.13.
1468 2284 1526 2310 Non
1537 2290 1624 2322 potest

884 2341 932 2368 per
945 2340 971 2357 se
983 2329 1095 2357 salutem
1111 2328 1244 2365 consequi.
1260 2334 1293 2355 x.
1315 2332 1359 2355 40.
1381 2337 1409 2355 A.
1429 2338 1454 2355 n.
1471 2326 1518 2354 Est
1533 2327 1560 2354 in
1577 2337 1625 2354 no-

883 2381 936 2401 stra
966 2379 1092 2411 potestate
1112 2378 1140 2399 ut
1171 2372 1241 2398 Deus
1267 2370 1424 2398 misereatur
1453 2370 1546 2397 nostri.
1574 2377 1623 2398 ΧΙ.

885 2422 986 2446 572.c.
1004 2417 1089 2444 Homo
1114 2425 1165 2443 non
1189 2413 1307 2453 propriis
1330 2414 1468 2442 laboribus
1491 2413 1628 2441 confidere

884 2462 961 2490 debet
972 2483 979 2496 ,
1005 2460 1050 2488 sed
1063 2460 1112 2487 Dei
1128 2458 1296 2496 benignitati.
1314 2464 1358 2485 tx.
1373 2461 1437 2485 682.
1467 2466 1493 2485 c.
1508 2457 1566 2484 Non
1589 2456 1623 2484 ad

884 2505 953 2533 bona
974 2514 1022 2532 sua
1037 2513 1116 2542 opera
1130 2501 1270 2540 respiciat,
1288 2500 1335 2528 sed
1349 2500 1384 2528 ad
1400 2499 1449 2528 Dei
1468 2499 1626 2528 miscricor-

883 2549 967 2577 diam.
982 2554 1014 2576 Υ.
1034 2551 1098 2576 151.
1111 2546 1224 2573 Homine
1239 2544 1355 2576 vidente.
1376 2553 1485 2582 peccare
1501 2554 1552 2571 non
1574 2554 1624 2572 au-

884 2593 999 2626 demus;
1015 2592 1072 2619 Deo
1093 2596 1180 2618 autem
1197 2588 1317 2626 quotidie
1332 2587 1455 2624 vidente,
1476 2597 1527 2615 non
1550 2597 1626 2615 vero-
