<?xml version="1.0" encoding="UTF-8"?>
<!DOCTYPE html PUBLIC "-//W3C//DTD XHTML 1.0 Transitional//EN"
    "http://www.w3.org/TR/xhtml1/DTD/xhtml1-transitional.dtd">
<html xmlns="http://www.w3.org/1999/xhtml" xml:lang="en" lang="en">
 <head>
  <title>
</title>
<meta http-equiv="Content-Type" content="text/html;charset=utf-8" />
  <meta name='ocr-system' content='tesseract 3.04.00' />
  <meta name='ocr-capabilities' content='ocr_page ocr_carea ocr_par ocr_line ocrx_word'/>
</head>
<body>
  <div class='ocr_page' id='page_1' title='image "./operaomniaquaeex13johnuoft_0715.png"; bbox 0 0 1884 2922; ppageno 0'>
   <div class='ocr_carea' id='block_1_1' title="bbox 712 224 1608 269">
    <p class='ocr_par' dir='ltr' id='par_1_1' title="bbox 712 224 1608 269">
     <span class='ocr_line' id='line_1_1' title="bbox 712 224 1608 269; baseline -0.003 -9"><span class='ocrx_word' id='word_1_1' title='bbox 712 238 814 261; x_wconf 65' lang='lat' dir='ltr'><em>ixnnx</em></span> <span class='ocrx_word' id='word_1_2' title='bbox 843 236 970 260; x_wconf 70' lang='lat' dir='ltr'><em>unnim.</em></span> <span class='ocrx_word' id='word_1_3' title='bbox 1543 224 1608 269; x_wconf 57' lang='grc' dir='ltr'><em>εἴη</em></span> 
     </span>
    </p>
   </div>
   <div class='ocr_carea' id='block_1_2' title="bbox 55 299 809 2663">
    <p class='ocr_par' dir='ltr' id='par_1_2' title="bbox 66 299 806 421">
     <span class='ocr_line' id='line_1_2' title="bbox 69 299 804 340; baseline 0 -13"><span class='ocrx_word' id='word_1_4' title='bbox 69 303 114 328; x_wconf 81' lang='grc'><em>53.</em></span> <span class='ocrx_word' id='word_1_5' title='bbox 128 310 151 328; x_wconf 86' lang='grc' dir='ltr'><em>Β.</em></span> <span class='ocrx_word' id='word_1_6' title='bbox 170 300 255 328; x_wconf 90' lang='lat' dir='ltr'><em>Filius</em></span> <span class='ocrx_word' id='word_1_7' title='bbox 273 299 392 336; x_wconf 75' lang='lat' dir='ltr'><strong>deducit,</strong></span> <span class='ocrx_word' id='word_1_8' title='bbox 406 301 484 330; x_wconf 66' lang='lat' dir='ltr'><em>Pater</em></span> <span class='ocrx_word' id='word_1_9' title='bbox 499 300 589 337; x_wconf 70' lang='lat' dir='ltr'><em>trahit,</em></span> <span class='ocrx_word' id='word_1_10' title='bbox 610 300 727 340; x_wconf 79' lang='lat' dir='ltr'>Spiritus</span> <span class='ocrx_word' id='word_1_11' title='bbox 742 299 804 327; x_wconf 86' lang='lat' dir='ltr'><em>illu-</em></span> 
     </span>
     <span class='ocr_line' id='line_1_3' title="bbox 67 343 806 383; baseline 0 -13"><span class='ocrx_word' id='word_1_12' title='bbox 67 343 160 372; x_wconf 79' lang='lat' dir='ltr'>minat.</span> <span class='ocrx_word' id='word_1_13' title='bbox 179 351 211 372; x_wconf 68' lang='lat' dir='ltr'><em>V.</em></span> <span class='ocrx_word' id='word_1_14' title='bbox 226 348 289 373; x_wconf 83' lang='lat'>371.</span> <span class='ocrx_word' id='word_1_15' title='bbox 305 344 368 373; x_wconf 81' lang='lat' dir='ltr'>Filii</span> <span class='ocrx_word' id='word_1_16' title='bbox 380 352 404 373; x_wconf 89' lang='lat' dir='ltr'><em>et</em></span> <span class='ocrx_word' id='word_1_17' title='bbox 418 344 536 383; x_wconf 85' lang='lat' dir='ltr'><em>Spiritus</em></span> <span class='ocrx_word' id='word_1_18' title='bbox 555 345 637 373; x_wconf 83' lang='lat' dir='ltr'><em>sancti</em></span> <span class='ocrx_word' id='word_1_19' title='bbox 660 355 711 372; x_wconf 88' lang='lat' dir='ltr'><em>una</em></span> <span class='ocrx_word' id='word_1_20' title='bbox 731 350 806 382; x_wconf 84' lang='lat' dir='ltr'><em>pote-</em></span> 
     </span>
     <span class='ocr_line' id='line_1_4' title="bbox 66 391 727 421; baseline 0.002 -7"><span class='ocrx_word' id='word_1_21' title='bbox 66 393 130 421; x_wconf 84' lang='lat' dir='ltr'><em>stas,</em></span> <span class='ocrx_word' id='word_1_22' title='bbox 147 395 175 415; x_wconf 86' lang='lat' dir='ltr'><em>ut</em></span> <span class='ocrx_word' id='word_1_23' title='bbox 186 395 224 416; x_wconf 87' lang='lat' dir='ltr'><em>est</em></span> <span class='ocrx_word' id='word_1_24' title='bbox 239 395 336 417; x_wconf 83' lang='lat' dir='ltr'><em>natura</em></span> <span class='ocrx_word' id='word_1_25' title='bbox 351 399 412 417; x_wconf 72' lang='lat' dir='ltr'>una.</span> <span class='ocrx_word' id='word_1_26' title='bbox 429 396 475 417; x_wconf 85' lang='lat' dir='ltr'><em>lx.</em></span> <span class='ocrx_word' id='word_1_27' title='bbox 491 393 555 417; x_wconf 76' lang='grc'>268.</span> <span class='ocrx_word' id='word_1_28' title='bbox 573 395 606 417; x_wconf 71' lang='lat' dir='ltr'><em>K.</em></span> <span class='ocrx_word' id='word_1_29' title='bbox 620 391 727 416; x_wconf 41' lang='lat'>7822.»</span> 
     </span>
    </p>

    <p class='ocr_par' dir='ltr' id='par_1_3' title="bbox 65 431 806 689">
     <span class='ocr_line' id='line_1_5' title="bbox 104 431 804 471; baseline 0.003 -12"><span class='ocrx_word' id='word_1_30' title='bbox 104 431 191 460; x_wconf 91' lang='lat' dir='ltr'><em>Filius</em></span> <span class='ocrx_word' id='word_1_31' title='bbox 202 432 252 460; x_wconf 91' lang='lat' dir='ltr'><em>Dei</em></span> <span class='ocrx_word' id='word_1_32' title='bbox 266 432 427 471; x_wconf 79' lang='lat' dir='ltr'><em>praedicatur</em></span> <span class='ocrx_word' id='word_1_33' title='bbox 438 432 465 460; x_wconf 90' lang='lat' dir='ltr'><em>in</em></span> <span class='ocrx_word' id='word_1_34' title='bbox 477 432 566 462; x_wconf 76' lang='lat' dir='ltr'><em>Veteri</em></span> <span class='ocrx_word' id='word_1_35' title='bbox 579 433 758 461; x_wconf 84' lang='lat' dir='ltr'><em>Testamento.</em></span> <span class='ocrx_word' id='word_1_36' title='bbox 772 439 804 461; x_wconf 74' lang='lat' dir='ltr'><em>V.</em></span> 
     </span>
     <span class='ocr_line' id='line_1_6' title="bbox 66 475 806 513; baseline 0.003 -10"><span class='ocrx_word' id='word_1_37' title='bbox 66 479 112 503; x_wconf 84' lang='lat'><em>94.</em></span> <span class='ocrx_word' id='word_1_38' title='bbox 132 487 158 504; x_wconf 75' lang='grc' dir='ltr'><em>Β,</em></span> <span class='ocrx_word' id='word_1_39' title='bbox 179 487 207 506; x_wconf 78' lang='lat' dir='ltr'><em>E.</em></span> <span class='ocrx_word' id='word_1_40' title='bbox 222 477 308 505; x_wconf 87' lang='lat' dir='ltr'><em>Filius</em></span> <span class='ocrx_word' id='word_1_41' title='bbox 322 477 371 505; x_wconf 88' lang='lat' dir='ltr'><em>Dei</em></span> <span class='ocrx_word' id='word_1_42' title='bbox 386 476 543 513; x_wconf 84' lang='lat' dir='ltr'><em>descendit,</em></span> <span class='ocrx_word' id='word_1_43' title='bbox 562 483 592 505; x_wconf 83' lang='lat' dir='ltr'><em>ut</em></span> <span class='ocrx_word' id='word_1_44' title='bbox 607 487 653 504; x_wconf 88' lang='lat' dir='ltr'><em>nos</em></span> <span class='ocrx_word' id='word_1_45' title='bbox 670 475 806 505; x_wconf 75' lang='lat' dir='ltr'><strong>reduceret</strong></span> 
     </span>
     <span class='ocr_line' id='line_1_7' title="bbox 65 519 805 558; baseline 0.003 -12"><span class='ocrx_word' id='word_1_46' title='bbox 65 525 90 547; x_wconf 85' lang='lat' dir='ltr'><em>et</em></span> <span class='ocrx_word' id='word_1_47' title='bbox 102 519 173 548; x_wconf 80' lang='lat' dir='ltr'><em>caelis</em></span> <span class='ocrx_word' id='word_1_48' title='bbox 186 520 250 558; x_wconf 86' lang='lat' dir='ltr'><em>ipsis</em></span> <span class='ocrx_word' id='word_1_49' title='bbox 262 521 420 550; x_wconf 77' lang='lat' dir='ltr'>excelsiores</span> <span class='ocrx_word' id='word_1_50' title='bbox 434 521 538 549; x_wconf 80' lang='lat' dir='ltr'><em>faceret.</em></span> <span class='ocrx_word' id='word_1_51' title='bbox 552 527 585 549; x_wconf 74' lang='lat' dir='ltr'><em>v.</em></span> <span class='ocrx_word' id='word_1_52' title='bbox 601 525 664 549; x_wconf 85' lang='grc'>614.</span> <span class='ocrx_word' id='word_1_53' title='bbox 680 531 707 548; x_wconf 78' lang='lat' dir='ltr'><em>A.</em></span> <span class='ocrx_word' id='word_1_54' title='bbox 720 520 805 548; x_wconf 85' lang='lat' dir='ltr'><em>Filius</em></span> 
     </span>
     <span class='ocr_line' id='line_1_8' title="bbox 67 563 804 604; baseline 0.001 -13"><span class='ocrx_word' id='word_1_55' title='bbox 67 563 117 592; x_wconf 88' lang='lat' dir='ltr'><em>Dei</em></span> <span class='ocrx_word' id='word_1_56' title='bbox 132 573 183 592; x_wconf 91' lang='lat' dir='ltr'><em>non</em></span> <span class='ocrx_word' id='word_1_57' title='bbox 196 565 283 603; x_wconf 84' lang='lat' dir='ltr'><em>palam</em></span> <span class='ocrx_word' id='word_1_58' title='bbox 296 587 302 597; x_wconf 85' lang='lat'>‚</span> <span class='ocrx_word' id='word_1_59' title='bbox 327 564 373 593; x_wconf 84' lang='lat' dir='ltr'><em>sed</em></span> <span class='ocrx_word' id='word_1_60' title='bbox 388 565 444 593; x_wconf 88' lang='lat' dir='ltr'><em>sine</em></span> <span class='ocrx_word' id='word_1_61' title='bbox 461 565 574 604; x_wconf 88' lang='lat' dir='ltr'><em>strepitu</em></span> <span class='ocrx_word' id='word_1_62' title='bbox 593 564 665 593; x_wconf 71' lang='lat' dir='ltr'><em>venit</em></span> <span class='ocrx_word' id='word_1_63' title='bbox 678 587 685 600; x_wconf 88' lang='lat'>,</span> <span class='ocrx_word' id='word_1_64' title='bbox 710 575 804 602; x_wconf 82' lang='lat' dir='ltr'><em>quare.</em></span> 
     </span>
     <span class='ocr_line' id='line_1_9' title="bbox 67 608 805 647; baseline 0.001 -12"><span class='ocrx_word' id='word_1_65' title='bbox 67 613 100 636; x_wconf 74' lang='lat' dir='ltr'><em>V.</em></span> <span class='ocrx_word' id='word_1_66' title='bbox 120 611 184 636; x_wconf 82' lang='grc'>644.</span> <span class='ocrx_word' id='word_1_67' title='bbox 206 618 231 635; x_wconf 78' lang='lat' dir='ltr'><em>e.</em></span> <span class='ocrx_word' id='word_1_68' title='bbox 252 612 316 636; x_wconf 72' lang='lat'>545.</span> <span class='ocrx_word' id='word_1_69' title='bbox 340 608 426 636; x_wconf 82' lang='lat' dir='ltr'><em>Filius</em></span> <span class='ocrx_word' id='word_1_70' title='bbox 438 608 488 636; x_wconf 88' lang='lat' dir='ltr'><em>Dei</em></span> <span class='ocrx_word' id='word_1_71' title='bbox 502 615 561 647; x_wconf 89' lang='lat' dir='ltr'><em>post</em></span> <span class='ocrx_word' id='word_1_72' title='bbox 584 614 622 636; x_wconf 86' lang='lat' dir='ltr'><em>tot</em></span> <span class='ocrx_word' id='word_1_73' title='bbox 635 608 710 646; x_wconf 81' lang='lat' dir='ltr'><em>signa</em></span> <span class='ocrx_word' id='word_1_74' title='bbox 724 608 805 636; x_wconf 83' lang='lat' dir='ltr'><em>[idem</em></span> 
     </span>
     <span class='ocr_line' id='line_1_10' title="bbox 65 651 328 689; baseline 0.008 -11"><span class='ocrx_word' id='word_1_75' title='bbox 65 651 158 689; x_wconf 75' lang='lat' dir='ltr'><em>exigit.</em></span> <span class='ocrx_word' id='word_1_76' title='bbox 178 658 210 680; x_wconf 68' lang='lat' dir='ltr'><em>V.</em></span> <span class='ocrx_word' id='word_1_77' title='bbox 226 656 290 680; x_wconf 86' lang='lat'>349.</span> <span class='ocrx_word' id='word_1_78' title='bbox 304 663 328 680; x_wconf 83' lang='lat' dir='ltr'><em>B.</em></span> 
     </span>
    </p>

    <p class='ocr_par' dir='ltr' id='par_1_4' title="bbox 55 695 809 1339">
     <span class='ocr_line' id='line_1_11' title="bbox 108 695 802 735; baseline 0.001 -13"><span class='ocrx_word' id='word_1_79' title='bbox 108 696 203 723; x_wconf 75' lang='lat' dir='ltr'><em>Filius</em></span> <span class='ocrx_word' id='word_1_80' title='bbox 229 697 293 724; x_wconf 85' lang='lat' dir='ltr'><em>sine</em></span> <span class='ocrx_word' id='word_1_81' title='bbox 305 695 397 735; x_wconf 73' lang='lat' dir='ltr'><em>fluxu</em></span> <span class='ocrx_word' id='word_1_82' title='bbox 424 698 565 735; x_wconf 81' lang='lat' dir='ltr'><em>gignilur.</em></span> <span class='ocrx_word' id='word_1_83' title='bbox 593 702 663 724; x_wconf 72' lang='lat' dir='ltr'>VIII.</span> <span class='ocrx_word' id='word_1_84' title='bbox 692 700 755 724; x_wconf 84' lang='lat'>919.</span> <span class='ocrx_word' id='word_1_85' title='bbox 776 707 802 726; x_wconf 71' lang='lat' dir='ltr'><em>A,</em></span> 
     </span>
     <span class='ocr_line' id='line_1_12' title="bbox 66 739 802 778; baseline 0.005 -12"><span class='ocrx_word' id='word_1_86' title='bbox 66 739 162 767; x_wconf 76' lang='lat' dir='ltr'><em>Filitts</em></span> <span class='ocrx_word' id='word_1_87' title='bbox 187 739 344 778; x_wconf 76' lang='lat' dir='ltr'><em>conformis</em></span> <span class='ocrx_word' id='word_1_88' title='bbox 367 747 396 768; x_wconf 81' lang='lat' dir='ltr'><em>et</em></span> <span class='ocrx_word' id='word_1_89' title='bbox 421 740 679 769; x_wconf 80' lang='lat' dir='ltr'><em>consubstantialis</em></span> <span class='ocrx_word' id='word_1_90' title='bbox 708 741 802 770; x_wconf 81' lang='lat' dir='ltr'><em>Patri.</em></span> 
     </span>
     <span class='ocr_line' id='line_1_13' title="bbox 66 784 804 813; baseline 0 -2"><span class='ocrx_word' id='word_1_91' title='bbox 66 789 99 811; x_wconf 81' lang='lat'><em>11.</em></span> <span class='ocrx_word' id='word_1_92' title='bbox 125 788 189 811; x_wconf 82' lang='lat'>991.</span> <span class='ocrx_word' id='word_1_93' title='bbox 215 794 242 812; x_wconf 75' lang='lat' dir='ltr'><em>A.</em></span> <span class='ocrx_word' id='word_1_94' title='bbox 261 788 324 813; x_wconf 82' lang='lat'>992.</span> <span class='ocrx_word' id='word_1_95' title='bbox 343 791 388 813; x_wconf 89' lang='grc' dir='ltr'>ΙΙΙ.</span> <span class='ocrx_word' id='word_1_96' title='bbox 409 789 474 813; x_wconf 84' lang='grc'>989.</span> <span class='ocrx_word' id='word_1_97' title='bbox 491 784 603 812; x_wconf 75' lang='lat' dir='ltr'><em>Filium</em></span> <span class='ocrx_word' id='word_1_98' title='bbox 626 784 710 812; x_wconf 74' lang='lat' dir='ltr'><em>Patri</em></span> <span class='ocrx_word' id='word_1_99' title='bbox 736 794 804 812; x_wconf 86' lang='lat' dir='ltr'><em>con·</em></span> 
     </span>
     <span class='ocr_line' id='line_1_14' title="bbox 65 827 806 866; baseline 0.001 -11"><span class='ocrx_word' id='word_1_100' title='bbox 65 828 288 855; x_wconf 77' lang='lat' dir='ltr'><em>substantialem</em></span> <span class='ocrx_word' id='word_1_101' title='bbox 321 837 382 856; x_wconf 76' lang='lat' dir='ltr'><em>esse</em></span> <span class='ocrx_word' id='word_1_102' title='bbox 412 827 588 866; x_wconf 78' lang='lat' dir='ltr'><em>definierunt</em></span> <span class='ocrx_word' id='word_1_103' title='bbox 616 828 730 856; x_wconf 75' lang='lat' dir='ltr'><em>Nicoeni</em></span> <span class='ocrx_word' id='word_1_104' title='bbox 748 839 806 866; x_wconf 74' lang='lat' dir='ltr'><em>pa-</em></span> 
     </span>
     <span class='ocr_line' id='line_1_15' title="bbox 66 871 803 901; baseline 0.003 -3"><span class='ocrx_word' id='word_1_105' title='bbox 66 877 133 899; x_wconf 70' lang='lat' dir='ltr'>tres.</span> <span class='ocrx_word' id='word_1_106' title='bbox 161 877 231 899; x_wconf 68' lang='lat' dir='ltr'>VIII.</span> <span class='ocrx_word' id='word_1_107' title='bbox 261 875 324 899; x_wconf 87' lang='lat'>902.</span> <span class='ocrx_word' id='word_1_108' title='bbox 346 871 442 899; x_wconf 75' lang='lat' dir='ltr'><em>Filius</em></span> <span class='ocrx_word' id='word_1_109' title='bbox 469 872 554 899; x_wconf 72' lang='lat' dir='ltr'><em>Patri</em></span> <span class='ocrx_word' id='word_1_110' title='bbox 585 878 754 900; x_wconf 64' lang='lat' dir='ltr'><em>cooelerniss.</em></span> <span class='ocrx_word' id='word_1_111' title='bbox 784 880 803 901; x_wconf 88' lang='lat' dir='ltr'><em>I.</em></span> 
     </span>
     <span class='ocr_line' id='line_1_16' title="bbox 67 915 803 952; baseline 0.003 -10"><span class='ocrx_word' id='word_1_112' title='bbox 67 919 148 942; x_wconf 84' lang='lat'>1028.</span> <span class='ocrx_word' id='word_1_113' title='bbox 170 925 198 943; x_wconf 70' lang='grc' dir='ltr'><em>Β.</em></span> <span class='ocrx_word' id='word_1_114' title='bbox 223 915 296 942; x_wconf 80' lang='lat' dir='ltr'><em>Cum</em></span> <span class='ocrx_word' id='word_1_115' title='bbox 313 915 404 942; x_wconf 83' lang='lat' dir='ltr'><em>Patre</em></span> <span class='ocrx_word' id='word_1_116' title='bbox 429 921 610 952; x_wconf 79' lang='lat' dir='ltr'><em>cooperatur.</em></span> <span class='ocrx_word' id='word_1_117' title='bbox 629 922 674 944; x_wconf 84' lang='lat'>111.</span> <span class='ocrx_word' id='word_1_118' title='bbox 695 920 758 944; x_wconf 82' lang='grc'>984.</span> <span class='ocrx_word' id='word_1_119' title='bbox 779 927 803 944; x_wconf 88' lang='grc' dir='ltr'><em>Β.</em></span> 
     </span>
     <span class='ocr_line' id='line_1_17' title="bbox 65 959 807 997; baseline 0.004 -12"><span class='ocrx_word' id='word_1_120' title='bbox 65 959 162 986; x_wconf 82' lang='lat' dir='ltr'><em>Filius</em></span> <span class='ocrx_word' id='word_1_121' title='bbox 188 961 269 986; x_wconf 80' lang='lat' dir='ltr'><em>venit</em></span> <span class='ocrx_word' id='word_1_122' title='bbox 297 960 329 986; x_wconf 86' lang='lat' dir='ltr'><em>in.</em></span> <span class='ocrx_word' id='word_1_123' title='bbox 357 959 495 986; x_wconf 80' lang='lat' dir='ltr'><em>mundum</em></span> <span class='ocrx_word' id='word_1_124' title='bbox 508 982 515 994; x_wconf 88' lang='lat'>‚</span> <span class='ocrx_word' id='word_1_125' title='bbox 540 961 590 997; x_wconf 79' lang='lat' dir='ltr'><em>qui</em></span> <span class='ocrx_word' id='word_1_126' title='bbox 625 966 714 987; x_wconf 76' lang='lat' dir='ltr'><em>antea</em></span> <span class='ocrx_word' id='word_1_127' title='bbox 745 967 807 988; x_wconf 73' lang='lat' dir='ltr'><em>crat</em></span> 
     </span>
     <span class='ocr_line' id='line_1_18' title="bbox 65 1002 806 1041; baseline 0.001 -12"><span class='ocrx_word' id='word_1_128' title='bbox 65 1004 95 1029; x_wconf 84' lang='lat' dir='ltr'><em>in</em></span> <span class='ocrx_word' id='word_1_129' title='bbox 117 1002 234 1029; x_wconf 81' lang='lat' dir='ltr'><em>mundo.</em></span> <span class='ocrx_word' id='word_1_130' title='bbox 258 1009 305 1030; x_wconf 88' lang='lat'>111.</span> <span class='ocrx_word' id='word_1_131' title='bbox 329 1006 394 1030; x_wconf 89' lang='lat'>981.</span> <span class='ocrx_word' id='word_1_132' title='bbox 424 1013 450 1031; x_wconf 78' lang='lat' dir='ltr'><em>c..</em></span> <span class='ocrx_word' id='word_1_133' title='bbox 476 1003 573 1031; x_wconf 73' lang='lat' dir='ltr'><em>Filius</em></span> <span class='ocrx_word' id='word_1_134' title='bbox 591 1005 716 1041; x_wconf 81' lang='lat' dir='ltr'><em>seipsum</em></span> <span class='ocrx_word' id='word_1_135' title='bbox 743 1010 806 1032; x_wconf 76' lang='lat' dir='ltr'><em>tra.</em></span> 
     </span>
     <span class='ocr_line' id='line_1_19' title="bbox 64 1046 804 1079; baseline 0.001 -6"><span class='ocrx_word' id='word_1_136' title='bbox 64 1046 126 1079; x_wconf 58' lang='lat' dir='ltr'><em>dit,</em></span> <span class='ocrx_word' id='word_1_137' title='bbox 144 1055 200 1073; x_wconf 86' lang='lat' dir='ltr'><em>non</em></span> <span class='ocrx_word' id='word_1_138' title='bbox 218 1046 397 1076; x_wconf 74' lang='lat' dir='ltr'><em>necessitate.</em></span> <span class='ocrx_word' id='word_1_139' title='bbox 420 1053 464 1074; x_wconf 90' lang='lat' dir='ltr'>III.</span> <span class='ocrx_word' id='word_1_140' title='bbox 482 1051 546 1075; x_wconf 86' lang='lat'>984.</span> <span class='ocrx_word' id='word_1_141' title='bbox 568 1057 593 1077; x_wconf 78' lang='grc' dir='ltr'>Β,</span> <span class='ocrx_word' id='word_1_142' title='bbox 612 1048 708 1075; x_wconf 85' lang='lat' dir='ltr'><em>Filius</em></span> <span class='ocrx_word' id='word_1_143' title='bbox 735 1058 804 1076; x_wconf 80' lang='lat' dir='ltr'><em>con-</em></span> 
     </span>
     <span class='ocr_line' id='line_1_20' title="bbox 55 1089 806 1129; baseline 0.004 -12"><span class='ocrx_word' id='word_1_144' title='bbox 55 1090 163 1129; x_wconf 79' lang='lat' dir='ltr'><em>firmat</em></span> <span class='ocrx_word' id='word_1_145' title='bbox 177 1097 203 1117; x_wconf 80' lang='lat' dir='ltr'><em>el</em></span> <span class='ocrx_word' id='word_1_146' title='bbox 218 1089 318 1128; x_wconf 81' lang='lat' dir='ltr'><em>implet</em></span> <span class='ocrx_word' id='word_1_147' title='bbox 334 1100 369 1117; x_wconf 73' lang='lat' dir='ltr'><em>etz</em></span> <span class='ocrx_word' id='word_1_148' title='bbox 383 1100 447 1128; x_wconf 74' lang='lat' dir='ltr'><em>(711oe</em></span> <span class='ocrx_word' id='word_1_149' title='bbox 467 1096 535 1118; x_wconf 78' lang='lat' dir='ltr'><em>sunt</em></span> <span class='ocrx_word' id='word_1_150' title='bbox 554 1091 665 1120; x_wconf 79' lang='lat' dir='ltr'><em>Patris.</em></span> <span class='ocrx_word' id='word_1_151' title='bbox 684 1098 728 1120; x_wconf 86' lang='grc' dir='ltr'>ΙΙΙ.</span> <span class='ocrx_word' id='word_1_152' title='bbox 743 1097 806 1120; x_wconf 88' lang='grc'>981.</span> 
     </span>
     <span class='ocr_line' id='line_1_21' title="bbox 64 1134 806 1173; baseline 0.001 -12"><span class='ocrx_word' id='word_1_153' title='bbox 64 1145 92 1164; x_wconf 65' lang='grc' dir='ltr'><em>Α,</em></span> <span class='ocrx_word' id='word_1_154' title='bbox 112 1134 208 1169; x_wconf 78' lang='lat' dir='ltr'><em>Illud,</em></span> <span class='ocrx_word' id='word_1_155' title='bbox 225 1135 304 1162; x_wconf 86' lang='lat' dir='ltr'><em>Pater</em></span> <span class='ocrx_word' id='word_1_156' title='bbox 326 1134 411 1172; x_wconf 84' lang='lat' dir='ltr'><em>major</em></span> <span class='ocrx_word' id='word_1_157' title='bbox 437 1145 479 1162; x_wconf 90' lang='lat' dir='ltr'><em>me</em></span> <span class='ocrx_word' id='word_1_158' title='bbox 503 1141 541 1163; x_wconf 90' lang='lat' dir='ltr'><em>est</em></span> <span class='ocrx_word' id='word_1_159' title='bbox 556 1157 563 1170; x_wconf 89' lang='lat'>‚</span> <span class='ocrx_word' id='word_1_160' title='bbox 588 1136 733 1173; x_wconf 83' lang='lat' dir='ltr'><em>quomodo</em></span> <span class='ocrx_word' id='word_1_161' title='bbox 759 1137 806 1163; x_wconf 77' lang='lat' dir='ltr'><em>in-</em></span> 
     </span>
     <span class='ocr_line' id='line_1_22' title="bbox 64 1177 807 1215; baseline 0.003 -10"><span class='ocrx_word' id='word_1_162' title='bbox 64 1177 262 1215; x_wconf 73' lang='lat' dir='ltr'><em>telligendum.</em></span> <span class='ocrx_word' id='word_1_163' title='bbox 276 1178 330 1205; x_wconf 81' lang='lat' dir='ltr'><em>Est</em></span> <span class='ocrx_word' id='word_1_164' title='bbox 344 1180 441 1206; x_wconf 87' lang='lat' dir='ltr'><em>minor</em></span> <span class='ocrx_word' id='word_1_165' title='bbox 448 1179 606 1206; x_wconf 79' lang='lat' dir='ltr'><em>secundum</em></span> <span class='ocrx_word' id='word_1_166' title='bbox 618 1181 807 1207; x_wconf 64' lang='lat' dir='ltr'><em>oeconomiam</em></span> 
     </span>
     <span class='ocr_line' id='line_1_23' title="bbox 63 1222 809 1260; baseline 0.004 -12"><span class='ocrx_word' id='word_1_167' title='bbox 63 1223 278 1249; x_wconf 80' lang='lat' dir='ltr'><em>incarnationis</em></span> <span class='ocrx_word' id='word_1_168' title='bbox 292 1242 299 1255; x_wconf 97' lang='lat'>,</span> <span class='ocrx_word' id='word_1_169' title='bbox 320 1223 410 1248; x_wconf 76' lang='lat' dir='ltr'><em>etiam</em></span> <span class='ocrx_word' id='word_1_170' title='bbox 431 1222 554 1260; x_wconf 77' lang='lat' dir='ltr'><em>angelis.</em></span> <span class='ocrx_word' id='word_1_171' title='bbox 574 1229 619 1251; x_wconf 89' lang='lat'>111.</span> <span class='ocrx_word' id='word_1_172' title='bbox 638 1227 704 1253; x_wconf 88' lang='lat' dir='ltr'>9SS.</span> <span class='ocrx_word' id='word_1_173' title='bbox 719 1233 745 1250; x_wconf 80' lang='lat' dir='ltr'><em>E.</em></span> <span class='ocrx_word' id='word_1_174' title='bbox 759 1224 809 1250; x_wconf 86' lang='lat' dir='ltr'><em>Fi-</em></span> 
     </span>
     <span class='ocr_line' id='line_1_24' title="bbox 64 1264 807 1302; baseline 0.004 -11"><span class='ocrx_word' id='word_1_175' title='bbox 64 1264 121 1293; x_wconf 82' lang='lat' dir='ltr'><em>lius</em></span> <span class='ocrx_word' id='word_1_176' title='bbox 140 1275 203 1292; x_wconf 81' lang='lat' dir='ltr'><em>cum</em></span> <span class='ocrx_word' id='word_1_177' title='bbox 216 1266 306 1293; x_wconf 77' lang='lat' dir='ltr'><em>Patre</em></span> <span class='ocrx_word' id='word_1_178' title='bbox 325 1271 353 1292; x_wconf 82' lang='lat' dir='ltr'><em>et</em></span> <span class='ocrx_word' id='word_1_179' title='bbox 368 1264 478 1302; x_wconf 79' lang='lat' dir='ltr'><em>Spiritu</em></span> <span class='ocrx_word' id='word_1_180' title='bbox 490 1271 593 1293; x_wconf 79' lang='lat' dir='ltr'><em>sancto</em></span> <span class='ocrx_word' id='word_1_181' title='bbox 608 1267 638 1292; x_wconf 88' lang='lat' dir='ltr'><em>in</em></span> <span class='ocrx_word' id='word_1_182' title='bbox 652 1267 721 1294; x_wconf 82' lang='lat' dir='ltr'><em>coelo</em></span> <span class='ocrx_word' id='word_1_183' title='bbox 733 1273 760 1294; x_wconf 82' lang='lat' dir='ltr'><em>el</em></span> <span class='ocrx_word' id='word_1_184' title='bbox 775 1269 807 1294; x_wconf 85' lang='lat' dir='ltr'><em>in</em></span> 
     </span>
     <span class='ocr_line' id='line_1_25' title="bbox 64 1308 774 1339; baseline 0.003 -4"><span class='ocrx_word' id='word_1_185' title='bbox 64 1314 143 1335; x_wconf 83' lang='lat' dir='ltr'><em>terra</em></span> <span class='ocrx_word' id='word_1_186' title='bbox 157 1308 380 1336; x_wconf 78' lang='lat' dir='ltr'><em>concordissime</em></span> <span class='ocrx_word' id='word_1_187' title='bbox 393 1308 564 1336; x_wconf 74' lang='lat' dir='ltr'><em>celebratur.</em></span> <span class='ocrx_word' id='word_1_188' title='bbox 584 1316 653 1337; x_wconf 70' lang='lat' dir='ltr'>VIII.</span> <span class='ocrx_word' id='word_1_189' title='bbox 669 1315 733 1339; x_wconf 85' lang='lat'>909.</span> <span class='ocrx_word' id='word_1_190' title='bbox 749 1321 774 1337; x_wconf 90' lang='lat' dir='ltr'><em>c.</em></span> 
     </span>
    </p>

    <p class='ocr_par' dir='ltr' id='par_1_5' title="bbox 63 1351 804 1478">
     <span class='ocr_line' id='line_1_26' title="bbox 104 1351 804 1389; baseline 0.004 -10"><span class='ocrx_word' id='word_1_191' title='bbox 104 1351 168 1380; x_wconf 84' lang='lat' dir='ltr'><em>Filii</em></span> <span class='ocrx_word' id='word_1_192' title='bbox 184 1351 292 1389; x_wconf 82' lang='lat' dir='ltr'><em>Deiqui</em></span> <span class='ocrx_word' id='word_1_193' title='bbox 309 1362 370 1380; x_wconf 72' lang='lat' dir='ltr'><em>vere</em></span> <span class='ocrx_word' id='word_1_194' title='bbox 384 1351 448 1380; x_wconf 85' lang='lat' dir='ltr'><em>sint.</em></span> <span class='ocrx_word' id='word_1_195' title='bbox 473 1358 507 1380; x_wconf 77' lang='lat' dir='ltr'><em>V.</em></span> <span class='ocrx_word' id='word_1_196' title='bbox 532 1357 576 1380; x_wconf 82' lang='grc'><em>16.</em></span> <span class='ocrx_word' id='word_1_197' title='bbox 601 1353 710 1381; x_wconf 78' lang='lat' dir='ltr'><em>Pacifici</em></span> <span class='ocrx_word' id='word_1_198' title='bbox 733 1360 804 1382; x_wconf 85' lang='lat' dir='ltr'><em>sunt.</em></span> 
     </span>
     <span class='ocr_line' id='line_1_27' title="bbox 64 1395 804 1434; baseline 0.003 -11"><span class='ocrx_word' id='word_1_199' title='bbox 64 1403 124 1424; x_wconf 75' lang='lat' dir='ltr'>XII.</span> <span class='ocrx_word' id='word_1_200' title='bbox 140 1400 204 1424; x_wconf 89' lang='lat'>580.</span> <span class='ocrx_word' id='word_1_201' title='bbox 216 1406 243 1423; x_wconf 90' lang='lat' dir='ltr'><em>c.</em></span> <span class='ocrx_word' id='word_1_202' title='bbox 253 1396 314 1430; x_wconf 91' lang='lat' dir='ltr'><em>Quo</em></span> <span class='ocrx_word' id='word_1_203' title='bbox 326 1403 403 1434; x_wconf 82' lang='lat' dir='ltr'><em>pacto</em></span> <span class='ocrx_word' id='word_1_204' title='bbox 418 1395 468 1423; x_wconf 83' lang='lat' dir='ltr'><em>filii</em></span> <span class='ocrx_word' id='word_1_205' title='bbox 482 1396 531 1424; x_wconf 80' lang='lat' dir='ltr'><em>Dei</em></span> <span class='ocrx_word' id='word_1_206' title='bbox 545 1406 648 1425; x_wconf 88' lang='lat' dir='ltr'>sumus.</span> <span class='ocrx_word' id='word_1_207' title='bbox 664 1404 710 1425; x_wconf 89' lang='lat'>111.</span> <span class='ocrx_word' id='word_1_208' title='bbox 724 1402 769 1426; x_wconf 87' lang='lat'><em>35.</em></span> <span class='ocrx_word' id='word_1_209' title='bbox 780 1408 804 1425; x_wconf 84' lang='grc' dir='ltr'><em>Β.</em></span> 
     </span>
     <span class='ocr_line' id='line_1_28' title="bbox 63 1439 576 1478; baseline -0.002 -10"><span class='ocrx_word' id='word_1_210' title='bbox 63 1450 110 1478; x_wconf 89' lang='lat' dir='ltr'><em>per</em></span> <span class='ocrx_word' id='word_1_211' title='bbox 125 1439 237 1475; x_wconf 70' lang='lat' dir='ltr'><em>gratiam</em></span> <span class='ocrx_word' id='word_1_212' title='bbox 252 1449 354 1467; x_wconf 88' lang='lat' dir='ltr'>sumus.</span> <span class='ocrx_word' id='word_1_213' title='bbox 372 1445 405 1467; x_wconf 80' lang='lat' dir='ltr'><em>V.</em></span> <span class='ocrx_word' id='word_1_214' title='bbox 424 1444 469 1467; x_wconf 89' lang='lat'><em>15.</em></span> <span class='ocrx_word' id='word_1_215' title='bbox 485 1450 512 1469; x_wconf 84' lang='lat' dir='ltr'><em>c.</em></span> <span class='ocrx_word' id='word_1_216' title='bbox 531 1444 576 1469; x_wconf 87' lang='grc'><em>16.</em></span> 
     </span>
    </p>

    <p class='ocr_par' dir='ltr' id='par_1_6' title="bbox 61 1482 807 1698">
     <span class='ocr_line' id='line_1_29' title="bbox 102 1482 792 1520; baseline 0.006 -10"><span class='ocrx_word' id='word_1_217' title='bbox 102 1483 167 1511; x_wconf 84' lang='lat' dir='ltr'><em>Filii</em></span> <span class='ocrx_word' id='word_1_218' title='bbox 188 1482 330 1511; x_wconf 87' lang='lat' dir='ltr'><em>hominum</em></span> <span class='ocrx_word' id='word_1_219' title='bbox 362 1482 472 1520; x_wconf 78' lang='lat' dir='ltr'><em>quinam</em></span> <span class='ocrx_word' id='word_1_220' title='bbox 499 1490 638 1512; x_wconf 71' lang='lat' dir='ltr'><em>vocentur.</em></span> <span class='ocrx_word' id='word_1_221' title='bbox 662 1491 693 1514; x_wconf 77' lang='lat' dir='ltr'><em>V.</em></span> <span class='ocrx_word' id='word_1_222' title='bbox 716 1490 760 1513; x_wconf 89' lang='lat'><em>15.</em></span> <span class='ocrx_word' id='word_1_223' title='bbox 778 1497 792 1513; x_wconf 83' lang='grc' dir='ltr'>Β</span> 
     </span>
     <span class='ocr_line' id='line_1_30' title="bbox 62 1526 805 1563; baseline 0.005 -9"><span class='ocrx_word' id='word_1_224' title='bbox 62 1526 126 1554; x_wconf 85' lang='lat' dir='ltr'><em>Filii</em></span> <span class='ocrx_word' id='word_1_225' title='bbox 136 1526 216 1563; x_wconf 86' lang='lat' dir='ltr'><em>Seth,</em></span> <span class='ocrx_word' id='word_1_226' title='bbox 229 1526 278 1554; x_wconf 82' lang='lat' dir='ltr'><em>filii</em></span> <span class='ocrx_word' id='word_1_227' title='bbox 291 1526 351 1563; x_wconf 83' lang='lat' dir='ltr'><em>Dei,</em></span> <span class='ocrx_word' id='word_1_228' title='bbox 363 1526 411 1555; x_wconf 83' lang='lat' dir='ltr'><em>filii</em></span> <span class='ocrx_word' id='word_1_229' title='bbox 428 1527 517 1562; x_wconf 75' lang='lat' dir='ltr'><em>Caini,</em></span> <span class='ocrx_word' id='word_1_230' title='bbox 532 1527 582 1555; x_wconf 83' lang='lat' dir='ltr'><em>filii</em></span> <span class='ocrx_word' id='word_1_231' title='bbox 598 1528 739 1557; x_wconf 88' lang='lat' dir='ltr'><em>hominum</em></span> <span class='ocrx_word' id='word_1_232' title='bbox 756 1541 805 1558; x_wconf 71' lang='lat' dir='ltr'><em>vo-</em></span> 
     </span>
     <span class='ocr_line' id='line_1_31' title="bbox 62 1570 807 1611; baseline 0.004 -12"><span class='ocrx_word' id='word_1_233' title='bbox 62 1577 165 1599; x_wconf 81' lang='lat' dir='ltr'><em>cantur.</em></span> <span class='ocrx_word' id='word_1_234' title='bbox 183 1577 229 1600; x_wconf 83' lang='lat' dir='ltr'><em>tv.</em></span> <span class='ocrx_word' id='word_1_235' title='bbox 238 1575 302 1599; x_wconf 92' lang='grc'>231.</span> <span class='ocrx_word' id='word_1_236' title='bbox 310 1581 339 1599; x_wconf 85' lang='lat' dir='ltr'><em>D.</em></span> <span class='ocrx_word' id='word_1_237' title='bbox 349 1570 412 1599; x_wconf 86' lang='lat' dir='ltr'><em>Filii</em></span> <span class='ocrx_word' id='word_1_238' title='bbox 420 1571 446 1599; x_wconf 91' lang='lat' dir='ltr'><em>in</em></span> <span class='ocrx_word' id='word_1_239' title='bbox 455 1571 537 1599; x_wconf 89' lang='lat' dir='ltr'><em>sacris</em></span> <span class='ocrx_word' id='word_1_240' title='bbox 548 1571 646 1601; x_wconf 82' lang='lat' dir='ltr'><em>Literis</em></span> <span class='ocrx_word' id='word_1_241' title='bbox 655 1574 702 1611; x_wconf 86' lang='lat' dir='ltr'><em>qui</em></span> <span class='ocrx_word' id='word_1_242' title='bbox 712 1573 807 1602; x_wconf 77' lang='lat' dir='ltr'><em>dican-</em></span> 
     </span>
     <span class='ocr_line' id='line_1_32' title="bbox 61 1615 805 1655; baseline 0.005 -12"><span class='ocrx_word' id='word_1_243' title='bbox 61 1621 114 1644; x_wconf 88' lang='lat' dir='ltr'><em>tur.</em></span> <span class='ocrx_word' id='word_1_244' title='bbox 133 1621 165 1643; x_wconf 66' lang='lat' dir='ltr'><em>V.</em></span> <span class='ocrx_word' id='word_1_245' title='bbox 180 1619 244 1643; x_wconf 82' lang='lat'>294.</span> <span class='ocrx_word' id='word_1_246' title='bbox 261 1625 289 1643; x_wconf 80' lang='lat' dir='ltr'><em>E.</em></span> <span class='ocrx_word' id='word_1_247' title='bbox 299 1615 382 1643; x_wconf 87' lang='lat' dir='ltr'><em>Filios</em></span> <span class='ocrx_word' id='word_1_248' title='bbox 400 1615 518 1654; x_wconf 78' lang='lat' dir='ltr'><em>appellat</em></span> <span class='ocrx_word' id='word_1_249' title='bbox 537 1616 679 1655; x_wconf 82' lang='lat' dir='ltr'><em>Scriptura</em></span> <span class='ocrx_word' id='word_1_250' title='bbox 699 1628 805 1646; x_wconf 79' lang='lat' dir='ltr'><em>omnem</em></span> 
     </span>
     <span class='ocr_line' id='line_1_33' title="bbox 61 1659 446 1698; baseline 0.005 -12"><span class='ocrx_word' id='word_1_251' title='bbox 61 1659 267 1698; x_wconf 80' lang='lat' dir='ltr'>generationem.</span> <span class='ocrx_word' id='word_1_252' title='bbox 282 1665 327 1687; x_wconf 71' lang='lat' dir='ltr'><em>IV.</em></span> <span class='ocrx_word' id='word_1_253' title='bbox 339 1663 404 1687; x_wconf 87' lang='lat'>599.</span> <span class='ocrx_word' id='word_1_254' title='bbox 420 1670 446 1688; x_wconf 92' lang='lat' dir='ltr'><em>c.</em></span> 
     </span>
    </p>

    <p class='ocr_par' dir='ltr' id='par_1_7' title="bbox 58 1702 806 2444">
     <span class='ocr_line' id='line_1_34' title="bbox 100 1702 803 1742; baseline 0.006 -12"><span class='ocrx_word' id='word_1_255' title='bbox 100 1703 178 1731; x_wconf 89' lang='lat' dir='ltr'><em>Filiis</em></span> <span class='ocrx_word' id='word_1_256' title='bbox 197 1713 257 1740; x_wconf 80' lang='lat' dir='ltr'><em>quae</em></span> <span class='ocrx_word' id='word_1_257' title='bbox 277 1702 382 1731; x_wconf 75' lang='lat' dir='ltr'><em>divitiae</em></span> <span class='ocrx_word' id='word_1_258' title='bbox 400 1704 601 1742; x_wconf 76' lang='lat' dir='ltr'><em>congregandae.</em></span> <span class='ocrx_word' id='word_1_259' title='bbox 630 1713 675 1734; x_wconf 77' lang='lat' dir='ltr'><em>IV.</em></span> <span class='ocrx_word' id='word_1_260' title='bbox 699 1710 761 1735; x_wconf 88' lang='grc'>844.</span> <span class='ocrx_word' id='word_1_261' title='bbox 778 1717 803 1734; x_wconf 85' lang='grc' dir='ltr'><em>Β.</em></span> 
     </span>
     <span class='ocr_line' id='line_1_35' title="bbox 59 1746 806 1788; baseline 0.005 -14"><span class='ocrx_word' id='word_1_262' title='bbox 59 1747 122 1775; x_wconf 89' lang='lat' dir='ltr'><em>Filii</em></span> <span class='ocrx_word' id='word_1_263' title='bbox 137 1754 204 1775; x_wconf 84' lang='lat' dir='ltr'><em>recte</em></span> <span class='ocrx_word' id='word_1_264' title='bbox 223 1746 366 1775; x_wconf 81' lang='lat' dir='ltr'><em>educandi.</em></span> <span class='ocrx_word' id='word_1_265' title='bbox 389 1754 434 1776; x_wconf 85' lang='lat'>111.</span> <span class='ocrx_word' id='word_1_266' title='bbox 451 1753 515 1777; x_wconf 88' lang='lat'>378.</span> <span class='ocrx_word' id='word_1_267' title='bbox 531 1753 594 1778; x_wconf 90' lang='lat'>379.</span> <span class='ocrx_word' id='word_1_268' title='bbox 613 1749 675 1778; x_wconf 85' lang='lat' dir='ltr'><em>Filii</em></span> <span class='ocrx_word' id='word_1_269' title='bbox 691 1761 806 1788; x_wconf 84' lang='lat' dir='ltr'><em>quomo-</em></span> 
     </span>
     <span class='ocr_line' id='line_1_36' title="bbox 58 1790 803 1822; baseline 0.005 -4"><span class='ocrx_word' id='word_1_270' title='bbox 58 1790 93 1818; x_wconf 90' lang='lat' dir='ltr'><em>do</em></span> <span class='ocrx_word' id='word_1_271' title='bbox 108 1790 276 1819; x_wconf 84' lang='lat' dir='ltr'><em>instituendi.</em></span> <span class='ocrx_word' id='word_1_272' title='bbox 294 1797 340 1819; x_wconf 90' lang='lat'>111.</span> <span class='ocrx_word' id='word_1_273' title='bbox 363 1795 426 1819; x_wconf 83' lang='grc'>382.</span> <span class='ocrx_word' id='word_1_274' title='bbox 445 1803 473 1822; x_wconf 73' lang='lat' dir='ltr'><em>r..</em></span> <span class='ocrx_word' id='word_1_275' title='bbox 497 1799 541 1820; x_wconf 75' lang='lat' dir='ltr'><em>XI.</em></span> <span class='ocrx_word' id='word_1_276' title='bbox 559 1797 622 1820; x_wconf 88' lang='grc'>183.</span> <span class='ocrx_word' id='word_1_277' title='bbox 641 1803 667 1820; x_wconf 77' lang='grc' dir='ltr'><em>Ε.</em></span> <span class='ocrx_word' id='word_1_278' title='bbox 684 1795 759 1822; x_wconf 55' lang='grc'>6635.</span> <span class='ocrx_word' id='word_1_279' title='bbox 778 1805 803 1822; x_wconf 77' lang='lat' dir='ltr'><em>E.</em></span> 
     </span>
     <span class='ocr_line' id='line_1_37' title="bbox 59 1833 805 1866; baseline 0.005 -5"><span class='ocrx_word' id='word_1_280' title='bbox 59 1834 193 1862; x_wconf 80' lang='lat' dir='ltr'><em>Filiorum</em></span> <span class='ocrx_word' id='word_1_281' title='bbox 217 1833 338 1862; x_wconf 74' lang='lat' dir='ltr'><em>educatio</em></span> <span class='ocrx_word' id='word_1_282' title='bbox 359 1835 489 1864; x_wconf 71' lang='lat' dir='ltr'><em>curanda.</em></span> <span class='ocrx_word' id='word_1_283' title='bbox 508 1842 553 1864; x_wconf 85' lang='lat' dir='ltr'><em>lv.</em></span> <span class='ocrx_word' id='word_1_284' title='bbox 583 1841 647 1864; x_wconf 82' lang='grc'>667.</span> <span class='ocrx_word' id='word_1_285' title='bbox 676 1848 703 1866; x_wconf 86' lang='lat' dir='ltr'><em>c.</em></span> <span class='ocrx_word' id='word_1_286' title='bbox 720 1837 805 1865; x_wconf 86' lang='lat' dir='ltr'><em>omni-</em></span> 
     </span>
     <span class='ocr_line' id='line_1_38' title="bbox 59 1878 805 1917; baseline 0.005 -11"><span class='ocrx_word' id='word_1_287' title='bbox 59 1878 110 1906; x_wconf 90' lang='lat' dir='ltr'><em>bus</em></span> <span class='ocrx_word' id='word_1_288' title='bbox 129 1885 166 1906; x_wconf 89' lang='lat' dir='ltr'><em>est</em></span> <span class='ocrx_word' id='word_1_289' title='bbox 184 1878 374 1917; x_wconf 64' lang='lat' dir='ltr'><em>praeponenda.</em></span> <span class='ocrx_word' id='word_1_290' title='bbox 394 1886 440 1908; x_wconf 81' lang='lat' dir='ltr'><em>XI.</em></span> <span class='ocrx_word' id='word_1_291' title='bbox 456 1884 520 1908; x_wconf 82' lang='lat'>184.</span> <span class='ocrx_word' id='word_1_292' title='bbox 538 1890 563 1908; x_wconf 73' lang='grc' dir='ltr'><em>Ε.</em></span> <span class='ocrx_word' id='word_1_293' title='bbox 584 1885 647 1909; x_wconf 88' lang='grc'>799.</span> <span class='ocrx_word' id='word_1_294' title='bbox 675 1892 700 1910; x_wconf 82' lang='lat' dir='ltr'><em>c.</em></span> <span class='ocrx_word' id='word_1_295' title='bbox 722 1881 805 1910; x_wconf 87' lang='lat' dir='ltr'><em>Filio-</em></span> 
     </span>
     <span class='ocr_line' id='line_1_39' title="bbox 58 1922 801 1960; baseline 0.007 -11"><span class='ocrx_word' id='word_1_296' title='bbox 58 1932 120 1950; x_wconf 85' lang='lat' dir='ltr'><em>rum</em></span> <span class='ocrx_word' id='word_1_297' title='bbox 145 1922 281 1960; x_wconf 78' lang='lat' dir='ltr'><em>neglectus</em></span> <span class='ocrx_word' id='word_1_298' title='bbox 304 1930 436 1960; x_wconf 85' lang='lat' dir='ltr'><em>quantum</em></span> <span class='ocrx_word' id='word_1_299' title='bbox 459 1923 494 1952; x_wconf 90' lang='lat' dir='ltr'><em>sit</em></span> <span class='ocrx_word' id='word_1_300' title='bbox 519 1924 631 1952; x_wconf 76' lang='lat' dir='ltr'>malum.</span> <span class='ocrx_word' id='word_1_301' title='bbox 661 1932 681 1954; x_wconf 92' lang='lat' dir='ltr'><em>I.</em></span> <span class='ocrx_word' id='word_1_302' title='bbox 702 1929 747 1954; x_wconf 86' lang='lat'><em>95.</em></span> <span class='ocrx_word' id='word_1_303' title='bbox 776 1936 801 1954; x_wconf 87' lang='lat' dir='ltr'><em>c.</em></span> 
     </span>
     <span class='ocr_line' id='line_1_40' title="bbox 58 1965 800 2007; baseline 0.007 -14"><span class='ocrx_word' id='word_1_304' title='bbox 58 1965 141 1994; x_wconf 86' lang='lat' dir='ltr'><em>Filios</em></span> <span class='ocrx_word' id='word_1_305' title='bbox 162 1966 296 2005; x_wconf 76' lang='lat' dir='ltr'><em>negligere</em></span> <span class='ocrx_word' id='word_1_306' title='bbox 320 1973 358 1995; x_wconf 84' lang='lat' dir='ltr'><em>est</em></span> <span class='ocrx_word' id='word_1_307' title='bbox 382 1974 473 1995; x_wconf 79' lang='lat' dir='ltr'><em>sextus</em></span> <span class='ocrx_word' id='word_1_308' title='bbox 497 1967 624 2006; x_wconf 81' lang='lat' dir='ltr'><em>nequitiae</em></span> <span class='ocrx_word' id='word_1_309' title='bbox 648 1968 800 2007; x_wconf 82' lang='lat' dir='ltr'>graduS.1.</span> 
     </span>
     <span class='ocr_line' id='line_1_41' title="bbox 60 2010 804 2052; baseline 0.004 -13"><span class='ocrx_word' id='word_1_310' title='bbox 60 2015 105 2039; x_wconf 85' lang='grc'><em>96.</em></span> <span class='ocrx_word' id='word_1_311' title='bbox 122 2021 150 2039; x_wconf 84' lang='lat' dir='ltr'><em>D.</em></span> <span class='ocrx_word' id='word_1_312' title='bbox 168 2010 252 2046; x_wconf 76' lang='lat' dir='ltr'><em>Alios,</em></span> <span class='ocrx_word' id='word_1_313' title='bbox 267 2011 314 2048; x_wconf 87' lang='lat' dir='ltr'><em>qui</em></span> <span class='ocrx_word' id='word_1_314' title='bbox 327 2011 399 2039; x_wconf 86' lang='lat' dir='ltr'><em>filios</em></span> <span class='ocrx_word' id='word_1_315' title='bbox 413 2011 575 2049; x_wconf 87' lang='lat' dir='ltr'><em>instituunt,</em></span> <span class='ocrx_word' id='word_1_316' title='bbox 589 2013 696 2052; x_wconf 84' lang='lat' dir='ltr'><em>abigere</em></span> <span class='ocrx_word' id='word_1_317' title='bbox 715 2020 740 2042; x_wconf 89' lang='lat' dir='ltr'><em>et</em></span> <span class='ocrx_word' id='word_1_318' title='bbox 754 2014 804 2041; x_wconf 86' lang='lat' dir='ltr'><em>im-</em></span> 
     </span>
     <span class='ocr_line' id='line_1_42' title="bbox 60 2055 804 2093; baseline 0.005 -12"><span class='ocrx_word' id='word_1_319' title='bbox 60 2064 180 2093; x_wconf 82' lang='lat' dir='ltr'>pugnare</span> <span class='ocrx_word' id='word_1_320' title='bbox 196 2055 282 2093; x_wconf 86' lang='lat' dir='ltr'><em>major</em></span> <span class='ocrx_word' id='word_1_321' title='bbox 296 2061 333 2082; x_wconf 86' lang='lat' dir='ltr'><em>est</em></span> <span class='ocrx_word' id='word_1_322' title='bbox 349 2056 477 2093; x_wconf 80' lang='lat' dir='ltr'>nequitia.</span> <span class='ocrx_word' id='word_1_323' title='bbox 496 2064 515 2085; x_wconf 93' lang='lat' dir='ltr'><em>I.</em></span> <span class='ocrx_word' id='word_1_324' title='bbox 532 2061 577 2087; x_wconf 84' lang='grc'><em>96.</em></span> <span class='ocrx_word' id='word_1_325' title='bbox 601 2068 630 2086; x_wconf 83' lang='lat' dir='ltr'><em>n.</em></span> <span class='ocrx_word' id='word_1_326' title='bbox 647 2057 732 2085; x_wconf 88' lang='lat' dir='ltr'><em>Filius</em></span> <span class='ocrx_word' id='word_1_327' title='bbox 748 2057 804 2085; x_wconf 81' lang='lat' dir='ltr'><em>vir-</em></span> 
     </span>
     <span class='ocr_line' id='line_1_43' title="bbox 60 2096 804 2136; baseline 0.007 -11"><span class='ocrx_word' id='word_1_328' title='bbox 60 2104 115 2125; x_wconf 90' lang='lat' dir='ltr'><em>tute</em></span> <span class='ocrx_word' id='word_1_329' title='bbox 133 2096 260 2135; x_wconf 86' lang='lat' dir='ltr'><em>praeditus</em></span> <span class='ocrx_word' id='word_1_330' title='bbox 274 2097 344 2136; x_wconf 86' lang='lat' dir='ltr'><em>patri</em></span> <span class='ocrx_word' id='word_1_331' title='bbox 360 2098 556 2136; x_wconf 76' lang='lat' dir='ltr'>obsequentior.</span> <span class='ocrx_word' id='word_1_332' title='bbox 575 2107 596 2128; x_wconf 92' lang='lat'><em>1.</em></span> <span class='ocrx_word' id='word_1_333' title='bbox 613 2106 658 2129; x_wconf 82' lang='lat'><em>87.</em></span> <span class='ocrx_word' id='word_1_334' title='bbox 677 2112 702 2129; x_wconf 88' lang='grc' dir='ltr'><em>Β.</em></span> <span class='ocrx_word' id='word_1_335' title='bbox 720 2101 804 2130; x_wconf 85' lang='lat' dir='ltr'><em>Filios</em></span> 
     </span>
     <span class='ocr_line' id='line_1_44' title="bbox 59 2141 802 2183; baseline 0.005 -15"><span class='ocrx_word' id='word_1_336' title='bbox 59 2141 105 2178; x_wconf 89' lang='lat' dir='ltr'><em>qui</em></span> <span class='ocrx_word' id='word_1_337' title='bbox 131 2141 190 2169; x_wconf 83' lang='lat' dir='ltr'><em>Deo</em></span> <span class='ocrx_word' id='word_1_338' title='bbox 215 2141 348 2177; x_wconf 76' lang='lat' dir='ltr'><em>offerunt,</em></span> <span class='ocrx_word' id='word_1_339' title='bbox 372 2142 468 2170; x_wconf 87' lang='lat' dir='ltr'><em>melius</em></span> <span class='ocrx_word' id='word_1_340' title='bbox 489 2149 513 2171; x_wconf 90' lang='lat' dir='ltr'><em>et</em></span> <span class='ocrx_word' id='word_1_341' title='bbox 536 2143 586 2182; x_wconf 86' lang='lat' dir='ltr'><em>ipsi</em></span> <span class='ocrx_word' id='word_1_342' title='bbox 610 2144 756 2183; x_wconf 83' lang='lat' dir='ltr'><em>possident.</em></span> <span class='ocrx_word' id='word_1_343' title='bbox 784 2153 802 2174; x_wconf 92' lang='lat' dir='ltr'><em>I.</em></span> 
     </span>
     <span class='ocr_line' id='line_1_45' title="bbox 60 2185 805 2226; baseline 0.007 -13"><span class='ocrx_word' id='word_1_344' title='bbox 60 2189 124 2214; x_wconf 84' lang='lat'>138.</span> <span class='ocrx_word' id='word_1_345' title='bbox 134 2195 160 2213; x_wconf 82' lang='grc' dir='ltr'><em>Ε.</em></span> <span class='ocrx_word' id='word_1_346' title='bbox 168 2185 302 2213; x_wconf 89' lang='lat' dir='ltr'><em>Filiorum</em></span> <span class='ocrx_word' id='word_1_347' title='bbox 311 2185 499 2225; x_wconf 88' lang='lat' dir='ltr'><em>improborum</em></span> <span class='ocrx_word' id='word_1_348' title='bbox 508 2188 614 2226; x_wconf 82' lang='lat' dir='ltr'><em>jactura</em></span> <span class='ocrx_word' id='word_1_349' title='bbox 623 2189 709 2217; x_wconf 88' lang='lat' dir='ltr'><em>lenius</em></span> <span class='ocrx_word' id='word_1_350' title='bbox 719 2189 805 2218; x_wconf 76' lang='lat' dir='ltr'><em>fertur</em></span> 
     </span>
     <span class='ocr_line' id='line_1_46' title="bbox 58 2228 804 2271; baseline 0.008 -15"><span class='ocrx_word' id='word_1_351' title='bbox 58 2239 138 2266; x_wconf 79' lang='lat' dir='ltr'><em>quam</em></span> <span class='ocrx_word' id='word_1_352' title='bbox 150 2228 307 2267; x_wconf 84' lang='lat' dir='ltr'><em>proborum.</em></span> <span class='ocrx_word' id='word_1_353' title='bbox 318 2237 338 2258; x_wconf 82' lang='grc' dir='ltr'><em>Ι.</em></span> <span class='ocrx_word' id='word_1_354' title='bbox 355 2235 418 2259; x_wconf 88' lang='grc'>941.</span> <span class='ocrx_word' id='word_1_355' title='bbox 434 2242 459 2259; x_wconf 84' lang='grc' dir='ltr'><em>Β.</em></span> <span class='ocrx_word' id='word_1_356' title='bbox 472 2231 536 2260; x_wconf 84' lang='lat' dir='ltr'><em>Filii</em></span> <span class='ocrx_word' id='word_1_357' title='bbox 552 2233 628 2271; x_wconf 78' lang='lat' dir='ltr'><em>pravi</em></span> <span class='ocrx_word' id='word_1_358' title='bbox 641 2233 804 2262; x_wconf 75' lang='lat' dir='ltr'><em>abdicaban-</em></span> 
     </span>
     <span class='ocr_line' id='line_1_47' title="bbox 60 2273 803 2317; baseline 0.011 -18"><span class='ocrx_word' id='word_1_359' title='bbox 60 2279 105 2301; x_wconf 83' lang='lat' dir='ltr'><em>tur</em></span> <span class='ocrx_word' id='word_1_360' title='bbox 126 2283 141 2300; x_wconf 85' lang='lat' dir='ltr'><em>a</em></span> <span class='ocrx_word' id='word_1_361' title='bbox 166 2273 330 2311; x_wconf 74' lang='lat' dir='ltr'><em>parentibus.</em></span> <span class='ocrx_word' id='word_1_362' title='bbox 348 2281 394 2303; x_wconf 76' lang='lat' dir='ltr'><em>IV.</em></span> <span class='ocrx_word' id='word_1_363' title='bbox 413 2280 478 2304; x_wconf 85' lang='lat'>815.</span> <span class='ocrx_word' id='word_1_364' title='bbox 499 2287 525 2305; x_wconf 88' lang='lat' dir='ltr'><em>c.</em></span> <span class='ocrx_word' id='word_1_365' title='bbox 554 2277 618 2305; x_wconf 87' lang='lat' dir='ltr'><em>Filii</em></span> <span class='ocrx_word' id='word_1_366' title='bbox 639 2278 672 2306; x_wconf 86' lang='lat' dir='ltr'><em>oh</em></span> <span class='ocrx_word' id='word_1_367' title='bbox 695 2285 803 2317; x_wconf 78' lang='lat' dir='ltr'><em>patrum</em></span> 
     </span>
     <span class='ocr_line' id='line_1_48' title="bbox 60 2317 803 2360; baseline 0.008 -16"><span class='ocrx_word' id='word_1_368' title='bbox 60 2317 189 2345; x_wconf 76' lang='lat' dir='ltr'><em>virtutem</em></span> <span class='ocrx_word' id='word_1_369' title='bbox 205 2317 314 2345; x_wconf 75' lang='lat' dir='ltr'><em>servati.</em></span> <span class='ocrx_word' id='word_1_370' title='bbox 333 2325 354 2346; x_wconf 93' lang='grc' dir='ltr'><em>Ι.</em></span> <span class='ocrx_word' id='word_1_371' title='bbox 373 2323 437 2347; x_wconf 86' lang='grc'>138.</span> <span class='ocrx_word' id='word_1_372' title='bbox 458 2330 482 2347; x_wconf 92' lang='grc' dir='ltr'><em>Β.</em></span> <span class='ocrx_word' id='word_1_373' title='bbox 499 2330 526 2348; x_wconf 86' lang='lat' dir='ltr'><em>c.</em></span> <span class='ocrx_word' id='word_1_374' title='bbox 550 2321 612 2349; x_wconf 86' lang='lat' dir='ltr'><em>Filii</em></span> <span class='ocrx_word' id='word_1_375' title='bbox 628 2321 664 2360; x_wconf 88' lang='lat' dir='ltr'><em>pii</em></span> <span class='ocrx_word' id='word_1_376' title='bbox 680 2322 803 2359; x_wconf 86' lang='lat' dir='ltr'><em>quando-</em></span> 
     </span>
     <span class='ocr_line' id='line_1_49' title="bbox 60 2360 804 2404; baseline 0.008 -16"><span class='ocrx_word' id='word_1_377' title='bbox 60 2371 112 2399; x_wconf 83' lang='lat' dir='ltr'><em>que</em></span> <span class='ocrx_word' id='word_1_378' title='bbox 126 2371 160 2389; x_wconf 77' lang='lat' dir='ltr'><em>ex</em></span> <span class='ocrx_word' id='word_1_379' title='bbox 175 2360 266 2399; x_wconf 86' lang='lat' dir='ltr'><em>impiis</em></span> <span class='ocrx_word' id='word_1_380' title='bbox 279 2361 413 2400; x_wconf 83' lang='lat' dir='ltr'><em>patribus.</em></span> <span class='ocrx_word' id='word_1_381' title='bbox 430 2369 475 2390; x_wconf 77' lang='lat' dir='ltr'><em>lv.</em></span> <span class='ocrx_word' id='word_1_382' title='bbox 495 2368 560 2392; x_wconf 89' lang='lat'>805.</span> <span class='ocrx_word' id='word_1_383' title='bbox 577 2375 605 2392; x_wconf 86' lang='lat' dir='ltr'><em>n.</em></span> <span class='ocrx_word' id='word_1_384' title='bbox 622 2364 699 2393; x_wconf 90' lang='lat' dir='ltr'><em>Filiis</em></span> <span class='ocrx_word' id='word_1_385' title='bbox 713 2365 804 2404; x_wconf 83' lang='lat' dir='ltr'><em>probis</em></span> 
     </span>
     <span class='ocr_line' id='line_1_50' title="bbox 61 2404 687 2444; baseline 0.01 -12"><span class='ocrx_word' id='word_1_386' title='bbox 61 2404 131 2432; x_wconf 87' lang='lat' dir='ltr'><em>nihil</em></span> <span class='ocrx_word' id='word_1_387' title='bbox 146 2411 240 2432; x_wconf 88' lang='lat' dir='ltr'>nocent</span> <span class='ocrx_word' id='word_1_388' title='bbox 260 2411 346 2443; x_wconf 82' lang='lat' dir='ltr'><em>patres</em></span> <span class='ocrx_word' id='word_1_389' title='bbox 363 2406 488 2444; x_wconf 81' lang='lat' dir='ltr'>improbi.</span> <span class='ocrx_word' id='word_1_390' title='bbox 505 2414 563 2436; x_wconf 71' lang='lat' dir='ltr'>vll.</span> <span class='ocrx_word' id='word_1_391' title='bbox 581 2413 646 2437; x_wconf 89' lang='grc'>806.</span> <span class='ocrx_word' id='word_1_392' title='bbox 664 2420 687 2438; x_wconf 83' lang='grc' dir='ltr'><em>Β.</em></span> 
     </span>
    </p>

    <p class='ocr_par' dir='ltr' id='par_1_8' title="bbox 61 2448 803 2663">
     <span class='ocr_line' id='line_1_51' title="bbox 100 2448 802 2487; baseline 0.01 -12"><span class='ocrx_word' id='word_1_393' title='bbox 100 2449 178 2476; x_wconf 68' lang='lat' dir='ltr'><em>Fims</em></span> <span class='ocrx_word' id='word_1_394' title='bbox 198 2448 390 2487; x_wconf 83' lang='lat' dir='ltr'><em>respiciendus,</em></span> <span class='ocrx_word' id='word_1_395' title='bbox 405 2459 457 2478; x_wconf 92' lang='lat' dir='ltr'><em>non</em></span> <span class='ocrx_word' id='word_1_396' title='bbox 473 2450 509 2478; x_wconf 90' lang='lat' dir='ltr'><em>rei</em></span> <span class='ocrx_word' id='word_1_397' title='bbox 526 2458 630 2480; x_wconf 76' lang='lat' dir='ltr'><em>natura.</em></span> <span class='ocrx_word' id='word_1_398' title='bbox 651 2459 672 2480; x_wconf 90' lang='grc' dir='ltr'><em>Ι.</em></span> <span class='ocrx_word' id='word_1_399' title='bbox 689 2457 753 2481; x_wconf 80' lang='grc'>754.</span> <span class='ocrx_word' id='word_1_400' title='bbox 776 2464 802 2482; x_wconf 90' lang='grc' dir='ltr'><em>Β.</em></span> 
     </span>
     <span class='ocr_line' id='line_1_52' title="bbox 62 2492 801 2527; baseline 0.007 -6"><span class='ocrx_word' id='word_1_401' title='bbox 62 2499 106 2521; x_wconf 84' lang='lat'>111.</span> <span class='ocrx_word' id='word_1_402' title='bbox 127 2496 190 2520; x_wconf 80' lang='lat'>578.</span> <span class='ocrx_word' id='word_1_403' title='bbox 206 2502 229 2520; x_wconf 89' lang='grc' dir='ltr'><em>Β.</em></span> <span class='ocrx_word' id='word_1_404' title='bbox 249 2493 317 2521; x_wconf 83' lang='lat' dir='ltr'><em>Ante</em></span> <span class='ocrx_word' id='word_1_405' title='bbox 333 2492 414 2521; x_wconf 87' lang='lat' dir='ltr'>finem</span> <span class='ocrx_word' id='word_1_406' title='bbox 435 2504 512 2522; x_wconf 91' lang='lat' dir='ltr'><em>nemo</em></span> <span class='ocrx_word' id='word_1_407' title='bbox 533 2495 634 2524; x_wconf 70' lang='lat' dir='ltr'><em>beatus</em></span> <span class='ocrx_word' id='word_1_408' title='bbox 652 2503 672 2525; x_wconf 90' lang='grc' dir='ltr'><em>Ι.</em></span> <span class='ocrx_word' id='word_1_409' title='bbox 694 2502 758 2526; x_wconf 91' lang='grc'>973.</span> <span class='ocrx_word' id='word_1_410' title='bbox 774 2507 801 2527; x_wconf 82' lang='grc' dir='ltr'><em>Ε.</em></span> 
     </span>
     <span class='ocr_line' id='line_1_53' title="bbox 61 2535 803 2580; baseline 0.009 -17"><span class='ocrx_word' id='word_1_411' title='bbox 61 2536 154 2564; x_wconf 88' lang='lat' dir='ltr'><em>Finem</em></span> <span class='ocrx_word' id='word_1_412' title='bbox 172 2535 267 2564; x_wconf 90' lang='lat' dir='ltr'><em>mundi</em></span> <span class='ocrx_word' id='word_1_413' title='bbox 291 2547 374 2576; x_wconf 84' lang='lat' dir='ltr'>prope</span> <span class='ocrx_word' id='word_1_414' title='bbox 395 2547 450 2566; x_wconf 88' lang='lat' dir='ltr'><em>esse</em></span> <span class='ocrx_word' id='word_1_415' title='bbox 469 2539 621 2578; x_wconf 86' lang='lat' dir='ltr'><em>suspicatur</em></span> <span class='ocrx_word' id='word_1_416' title='bbox 639 2539 803 2580; x_wconf 88' lang='lat' dir='ltr'><em>Chrysosto-</em></span> 
     </span>
     <span class='ocr_line' id='line_1_54' title="bbox 61 2581 803 2624; baseline 0.009 -17"><span class='ocrx_word' id='word_1_417' title='bbox 61 2590 130 2608; x_wconf 85' lang='lat' dir='ltr'>mus.</span> <span class='ocrx_word' id='word_1_418' title='bbox 148 2587 205 2608; x_wconf 73' lang='lat' dir='ltr'>VII.</span> <span class='ocrx_word' id='word_1_419' title='bbox 226 2585 291 2609; x_wconf 90' lang='grc'>304.</span> <span class='ocrx_word' id='word_1_420' title='bbox 309 2591 334 2608; x_wconf 77' lang='grc' dir='ltr'><em>ε.</em></span> <span class='ocrx_word' id='word_1_421' title='bbox 352 2581 427 2610; x_wconf 87' lang='lat' dir='ltr'><em>Finis</em></span> <span class='ocrx_word' id='word_1_422' title='bbox 451 2582 512 2611; x_wconf 82' lang='lat' dir='ltr'><em>vitae</em></span> <span class='ocrx_word' id='word_1_423' title='bbox 533 2583 654 2612; x_wconf 86' lang='lat' dir='ltr'><em>eamdem</em></span> <span class='ocrx_word' id='word_1_424' title='bbox 668 2585 724 2613; x_wconf 72' lang='lat' dir='ltr'><em>vim</em></span> <span class='ocrx_word' id='word_1_425' title='bbox 741 2596 803 2624; x_wconf 78' lang='lat' dir='ltr'><em>erga</em></span> 
     </span>
     <span class='ocr_line' id='line_1_55' title="bbox 61 2623 799 2663; baseline 0.009 -12"><span class='ocrx_word' id='word_1_426' title='bbox 61 2623 181 2663; x_wconf 78' lang='lat' dir='ltr'><em>singulos</em></span> <span class='ocrx_word' id='word_1_427' title='bbox 199 2624 280 2653; x_wconf 87' lang='lat' dir='ltr'><em>habet</em></span> <span class='ocrx_word' id='word_1_428' title='bbox 299 2635 379 2663; x_wconf 86' lang='lat' dir='ltr'><em>quam</em></span> <span class='ocrx_word' id='word_1_429' title='bbox 400 2628 594 2657; x_wconf 77' lang='lat' dir='ltr'><em>consummatio</em></span> <span class='ocrx_word' id='word_1_430' title='bbox 617 2628 720 2657; x_wconf 74' lang='lat' dir='ltr'><em>saeculi.</em></span> <span class='ocrx_word' id='word_1_431' title='bbox 743 2637 799 2658; x_wconf 65' lang='lat' dir='ltr'>VII.</span> 
     </span>
    </p>
   </div>
   <div class='ocr_carea' id='block_1_3' title="bbox 223 2687 380 2706">
    <p class='ocr_par' dir='ltr' id='par_1_9' title="bbox 223 2687 380 2706">
     <span class='ocr_line' id='line_1_56' title="bbox 223 2687 380 2706; baseline 0.006 -1"><span class='ocrx_word' id='word_1_432' title='bbox 223 2687 295 2705; x_wconf 80' lang='lat' dir='ltr'>TOM.</span> <span class='ocrx_word' id='word_1_433' title='bbox 321 2689 380 2706; x_wconf 82' lang='lat' dir='ltr'><em>xm.</em></span> 
     </span>
    </p>
   </div>
   <div class='ocr_carea' id='block_1_4' title="bbox 856 296 1610 2668">
    <p class='ocr_par' dir='ltr' id='par_1_10' title="bbox 866 296 1610 470">
     <span class='ocr_line' id='line_1_57' title="bbox 870 296 1607 328; baseline -0.001 -1"><span class='ocrx_word' id='word_1_434' title='bbox 870 305 933 328; x_wconf 83' lang='lat'>169.</span> <span class='ocrx_word' id='word_1_435' title='bbox 961 311 985 327; x_wconf 87' lang='grc' dir='ltr'><em>Β.</em></span> <span class='ocrx_word' id='word_1_436' title='bbox 1012 299 1086 328; x_wconf 87' lang='lat' dir='ltr'><em>Finis</em></span> <span class='ocrx_word' id='word_1_437' title='bbox 1100 298 1215 327; x_wconf 84' lang='lat' dir='ltr'><em>bominis</em></span> <span class='ocrx_word' id='word_1_438' title='bbox 1236 307 1286 326; x_wconf 91' lang='lat' dir='ltr'><em>non</em></span> <span class='ocrx_word' id='word_1_439' title='bbox 1307 307 1366 325; x_wconf 84' lang='lat' dir='ltr'><em>cuin</em></span> <span class='ocrx_word' id='word_1_440' title='bbox 1389 296 1439 325; x_wconf 82' lang='lat' dir='ltr'><em>hae</em></span> <span class='ocrx_word' id='word_1_441' title='bbox 1460 296 1524 325; x_wconf 70' lang='lat' dir='ltr'><em>vita.</em></span> <span class='ocrx_word' id='word_1_442' title='bbox 1552 304 1607 326; x_wconf 64' lang='lat' dir='ltr'>VII.</span> 
     </span>
     <span class='ocr_line' id='line_1_58' title="bbox 868 340 1610 381; baseline -0.005 -9"><span class='ocrx_word' id='word_1_443' title='bbox 868 348 932 372; x_wconf 85' lang='lat'>202.</span> <span class='ocrx_word' id='word_1_444' title='bbox 950 355 974 371; x_wconf 68' lang='lat' dir='ltr'><em>A.</em></span> <span class='ocrx_word' id='word_1_445' title='bbox 991 347 1054 372; x_wconf 76' lang='lat'>203.</span> <span class='ocrx_word' id='word_1_446' title='bbox 1072 343 1145 372; x_wconf 89' lang='lat' dir='ltr'><em>Finis</em></span> <span class='ocrx_word' id='word_1_447' title='bbox 1160 342 1239 381; x_wconf 81' lang='lat' dir='ltr'><em>liujus</em></span> <span class='ocrx_word' id='word_1_448' title='bbox 1254 341 1316 370; x_wconf 67' lang='lat' dir='ltr'><em>vine</em></span> <span class='ocrx_word' id='word_1_449' title='bbox 1333 340 1470 379; x_wconf 79' lang='lat' dir='ltr'><em>ignoratur</em></span> <span class='ocrx_word' id='word_1_450' title='bbox 1483 340 1516 368; x_wconf 81' lang='lat' dir='ltr'><em>ad</em></span> <span class='ocrx_word' id='word_1_451' title='bbox 1531 341 1610 369; x_wconf 87' lang='lat' dir='ltr'><em>utili-</em></span> 
     </span>
     <span class='ocr_line' id='line_1_59' title="bbox 868 383 1608 423; baseline -0.004 -9"><span class='ocrx_word' id='word_1_452' title='bbox 868 394 947 415; x_wconf 74' lang='lat' dir='ltr'><em>tntem</em></span> <span class='ocrx_word' id='word_1_453' title='bbox 961 387 1119 415; x_wconf 59' lang='lat' dir='ltr'><em>viventium.</em></span> <span class='ocrx_word' id='word_1_454' title='bbox 1134 393 1180 415; x_wconf 75' lang='lat' dir='ltr'><em>XI.</em></span> <span class='ocrx_word' id='word_1_455' title='bbox 1200 390 1263 414; x_wconf 84' lang='grc'>564.</span> <span class='ocrx_word' id='word_1_456' title='bbox 1278 396 1304 413; x_wconf 66' lang='lat' dir='ltr'><em>A.</em></span> <span class='ocrx_word' id='word_1_457' title='bbox 1321 384 1394 413; x_wconf 89' lang='lat' dir='ltr'><em>Finis</em></span> <span class='ocrx_word' id='word_1_458' title='bbox 1406 383 1472 423; x_wconf 74' lang='lat' dir='ltr'><em>justi</em></span> <span class='ocrx_word' id='word_1_459' title='bbox 1487 391 1511 412; x_wconf 80' lang='lat' dir='ltr'><em>et</em></span> <span class='ocrx_word' id='word_1_460' title='bbox 1525 384 1608 422; x_wconf 79' lang='lat' dir='ltr'><em>iniqui</em></span> 
     </span>
     <span class='ocr_line' id='line_1_60' title="bbox 866 431 1257 470; baseline -0.005 -11"><span class='ocrx_word' id='word_1_461' title='bbox 866 442 946 470; x_wconf 80' lang='lat' dir='ltr'><em>quain</em></span> <span class='ocrx_word' id='word_1_462' title='bbox 961 431 1111 460; x_wconf 71' lang='lat' dir='ltr'><em>dissimilis.</em></span> <span class='ocrx_word' id='word_1_463' title='bbox 1125 438 1144 458; x_wconf 91' lang='lat' dir='ltr'><em>l.</em></span> <span class='ocrx_word' id='word_1_464' title='bbox 1158 436 1220 459; x_wconf 85' lang='grc'>974.</span> <span class='ocrx_word' id='word_1_465' title='bbox 1232 442 1257 458; x_wconf 80' lang='lat' dir='ltr'><em>c.</em></span> 
     </span>
    </p>

    <p class='ocr_par' dir='ltr' id='par_1_11' title="bbox 864 472 1608 590">
     <span class='ocr_line' id='line_1_61' title="bbox 905 472 1606 512; baseline -0.003 -9"><span class='ocrx_word' id='word_1_466' title='bbox 905 476 1132 503; x_wconf 56' lang='lat' dir='ltr'><em>meamnxrtm</em></span> <span class='ocrx_word' id='word_1_467' title='bbox 1154 473 1221 512; x_wconf 83' lang='lat' dir='ltr'><em>quid</em></span> <span class='ocrx_word' id='word_1_468' title='bbox 1241 473 1274 501; x_wconf 87' lang='lat' dir='ltr'><em>sit</em></span> <span class='ocrx_word' id='word_1_469' title='bbox 1297 473 1344 501; x_wconf 78' lang='lat' dir='ltr'><em>vix</em></span> <span class='ocrx_word' id='word_1_470' title='bbox 1364 472 1486 510; x_wconf 80' lang='lat' dir='ltr'><em>cognosci</em></span> <span class='ocrx_word' id='word_1_471' title='bbox 1510 479 1606 512; x_wconf 77' lang='lat' dir='ltr'><em>potest.</em></span> 
     </span>
     <span class='ocr_line' id='line_1_62' title="bbox 866 517 1608 547; baseline -0.003 0"><span class='ocrx_word' id='word_1_472' title='bbox 866 525 910 547; x_wconf 77' lang='lat' dir='ltr'><em>tv.</em></span> <span class='ocrx_word' id='word_1_473' title='bbox 929 523 974 547; x_wconf 87' lang='lat'><em>31.</em></span> <span class='ocrx_word' id='word_1_474' title='bbox 992 530 1018 546; x_wconf 74' lang='lat' dir='ltr'><em>A.</em></span> <span class='ocrx_word' id='word_1_475' title='bbox 1031 519 1227 546; x_wconf 76' lang='lat' dir='ltr'><em>Firmamenli</em></span> <span class='ocrx_word' id='word_1_476' title='bbox 1242 524 1268 545; x_wconf 82' lang='lat' dir='ltr'><em>ec</em></span> <span class='ocrx_word' id='word_1_477' title='bbox 1283 517 1348 545; x_wconf 74' lang='lat' dir='ltr'><em>coeli</em></span> <span class='ocrx_word' id='word_1_478' title='bbox 1362 517 1435 545; x_wconf 77' lang='lat' dir='ltr'><em>razio</em></span> <span class='ocrx_word' id='word_1_479' title='bbox 1450 517 1608 545; x_wconf 76' lang='lat' dir='ltr'><em>secundam</em></span> 
     </span>
     <span class='ocr_line' id='line_1_63' title="bbox 864 562 1345 590; baseline -0.004 0"><span class='ocrx_word' id='word_1_480' title='bbox 864 562 1011 590; x_wconf 73' lang='lat' dir='ltr'><em>severiani</em></span> <span class='ocrx_word' id='word_1_481' title='bbox 1028 569 1160 590; x_wconf 76' lang='lat' dir='ltr'><em>mentem.</em></span> <span class='ocrx_word' id='word_1_482' title='bbox 1174 568 1218 589; x_wconf 68' lang='lat' dir='ltr'><em>vt.</em></span> <span class='ocrx_word' id='word_1_483' title='bbox 1237 565 1300 590; x_wconf 88' lang='lat'>525.</span> <span class='ocrx_word' id='word_1_484' title='bbox 1319 573 1345 589; x_wconf 69' lang='lat' dir='ltr'><em>a.</em></span> 
     </span>
    </p>

    <p class='ocr_par' dir='ltr' id='par_1_12' title="bbox 906 604 1544 644">
     <span class='ocr_line' id='line_1_64' title="bbox 906 604 1544 644; baseline -0.002 -11"><span class='ocrx_word' id='word_1_485' title='bbox 906 606 1032 633; x_wconf 63' lang='lat' dir='ltr'><em>Finraixo</em></span> <span class='ocrx_word' id='word_1_486' title='bbox 1041 604 1152 644; x_wconf 80' lang='lat' dir='ltr'><em>epistola</em></span> <span class='ocrx_word' id='word_1_487' title='bbox 1167 604 1360 643; x_wconf 85' lang='lat' dir='ltr'><em>Chrysostomi.</em></span> <span class='ocrx_word' id='word_1_488' title='bbox 1378 611 1424 632; x_wconf 87' lang='lat'>111.</span> <span class='ocrx_word' id='word_1_489' title='bbox 1443 609 1506 632; x_wconf 84' lang='grc'>766.</span> <span class='ocrx_word' id='word_1_490' title='bbox 1521 615 1544 632; x_wconf 85' lang='grc' dir='ltr'><em>Β.</em></span> 
     </span>
    </p>

    <p class='ocr_par' dir='ltr' id='par_1_13' title="bbox 865 647 1606 722">
     <span class='ocr_line' id='line_1_65' title="bbox 904 647 1606 686; baseline -0.004 -8"><span class='ocrx_word' id='word_1_491' title='bbox 904 650 1048 686; x_wconf 57' lang='grc' dir='ltr'><em>ΓΒΗ-ωε,</em></span> <span class='ocrx_word' id='word_1_492' title='bbox 1073 650 1247 677; x_wconf 80' lang='lat' dir='ltr'><em>instrumenta</em></span> <span class='ocrx_word' id='word_1_493' title='bbox 1272 649 1298 676; x_wconf 91' lang='lat' dir='ltr'><em>iu</em></span> <span class='ocrx_word' id='word_1_494' title='bbox 1328 648 1410 677; x_wconf 88' lang='lat' dir='ltr'><em>choro</em></span> <span class='ocrx_word' id='word_1_495' title='bbox 1434 647 1558 676; x_wconf 79' lang='lat' dir='ltr'><em>Davidis.</em></span> <span class='ocrx_word' id='word_1_496' title='bbox 1577 655 1606 675; x_wconf 67' lang='lat' dir='ltr'><em>V.</em></span> 
     </span>
     <span class='ocr_line' id='line_1_66' title="bbox 865 697 964 722; baseline -0.01 -1"><span class='ocrx_word' id='word_1_497' title='bbox 865 697 927 722; x_wconf 78' lang='lat'>049.</span> <span class='ocrx_word' id='word_1_498' title='bbox 941 704 964 721; x_wconf 88' lang='grc' dir='ltr'><em>Β.</em></span> 
     </span>
    </p>

    <p class='ocr_par' dir='ltr' id='par_1_14' title="bbox 865 736 1609 810">
     <span class='ocr_line' id='line_1_67' title="bbox 906 736 1609 775; baseline 0 -11"><span class='ocrx_word' id='word_1_499' title='bbox 906 737 960 765; x_wconf 66' lang='lat' dir='ltr'><em>Fm</em></span> <span class='ocrx_word' id='word_1_500' title='bbox 967 747 1062 765; x_wconf 69' lang='lat' dir='ltr'><em>omnm</em></span> <span class='ocrx_word' id='word_1_501' title='bbox 1069 747 1149 772; x_wconf 76' lang='lat' dir='ltr'><em>,uxor</em></span> <span class='ocrx_word' id='word_1_502' title='bbox 1156 736 1491 775; x_wconf 78' lang='lat' dir='ltr'><em>TheodosiiImperatoris,</em></span> <span class='ocrx_word' id='word_1_503' title='bbox 1500 736 1609 775; x_wconf 78' lang='lat' dir='ltr'><em>conjugi</em></span> 
     </span>
     <span class='ocr_line' id='line_1_68' title="bbox 865 781 1185 810; baseline -0.006 -1"><span class='ocrx_word' id='word_1_504' title='bbox 865 781 986 809; x_wconf 77' lang='lat' dir='ltr'><em>timebat.</em></span> <span class='ocrx_word' id='word_1_505' title='bbox 1003 788 1023 809; x_wconf 89' lang='lat' dir='ltr'><em>I.</em></span> <span class='ocrx_word' id='word_1_506' title='bbox 1039 785 1103 810; x_wconf 72' lang='lat'>412.</span> <span class='ocrx_word' id='word_1_507' title='bbox 1120 785 1185 809; x_wconf 71' lang='lat'>421.</span> 
     </span>
    </p>

    <p class='ocr_par' dir='ltr' id='par_1_15' title="bbox 863 822 1610 1204">
     <span class='ocr_line' id='line_1_69' title="bbox 905 822 1610 863; baseline 0 -11"><span class='ocrx_word' id='word_1_508' title='bbox 905 825 1070 853; x_wconf 64' lang='lat' dir='ltr'><em>FLivnM‘s</em></span> <span class='ocrx_word' id='word_1_509' title='bbox 1080 847 1089 858; x_wconf 90' lang='lat'><strong><em>,</em></strong></span> <span class='ocrx_word' id='word_1_510' title='bbox 1105 824 1246 863; x_wconf 83' lang='lat' dir='ltr'><em>episcopus</em></span> <span class='ocrx_word' id='word_1_511' title='bbox 1261 822 1454 859; x_wconf 74' lang='lat' dir='ltr'><em>Antiochenus,</em></span> <span class='ocrx_word' id='word_1_512' title='bbox 1468 830 1528 852; x_wconf 87' lang='lat' dir='ltr'><em>ante</em></span> <span class='ocrx_word' id='word_1_513' title='bbox 1542 830 1610 852; x_wconf 88' lang='lat' dir='ltr'><em>tem-</em></span> 
     </span>
     <span class='ocr_line' id='line_1_70' title="bbox 866 866 1605 908; baseline 0 -12"><span class='ocrx_word' id='word_1_514' title='bbox 866 880 914 908; x_wconf 82' lang='lat' dir='ltr'><em>pus</em></span> <span class='ocrx_word' id='word_1_515' title='bbox 925 868 1071 907; x_wconf 87' lang='lat' dir='ltr'><em>orphanus.</em></span> <span class='ocrx_word' id='word_1_516' title='bbox 1083 875 1103 896; x_wconf 88' lang='lat'><em>1.</em></span> <span class='ocrx_word' id='word_1_517' title='bbox 1119 872 1182 896; x_wconf 81' lang='lat'>539.</span> <span class='ocrx_word' id='word_1_518' title='bbox 1197 878 1222 897; x_wconf 82' lang='grc' dir='ltr'><em>Ε.</em></span> <span class='ocrx_word' id='word_1_519' title='bbox 1240 866 1386 895; x_wconf 77' lang='lat' dir='ltr'><em>Flavianus</em></span> <span class='ocrx_word' id='word_1_520' title='bbox 1401 866 1488 895; x_wconf 85' lang='lat' dir='ltr'><em>clarus</em></span> <span class='ocrx_word' id='word_1_521' title='bbox 1500 877 1605 905; x_wconf 76' lang='lat' dir='ltr'><em>genere.</em></span> 
     </span>
     <span class='ocr_line' id='line_1_71' title="bbox 866 910 1603 941; baseline -0.001 0"><span class='ocrx_word' id='word_1_522' title='bbox 866 920 886 941; x_wconf 90' lang='lat'><em>1.</em></span> <span class='ocrx_word' id='word_1_523' title='bbox 904 917 956 941; x_wconf 78' lang='lat'><em>539</em></span> <span class='ocrx_word' id='word_1_524' title='bbox 982 923 1010 941; x_wconf 65' lang='grc' dir='ltr'><em>Β.</em></span> <span class='ocrx_word' id='word_1_525' title='bbox 1028 912 1054 940; x_wconf 91' lang='lat' dir='ltr'><em>iu</em></span> <span class='ocrx_word' id='word_1_526' title='bbox 1071 911 1151 940; x_wconf 86' lang='lat' dir='ltr'><em>domo</em></span> <span class='ocrx_word' id='word_1_527' title='bbox 1164 918 1301 940; x_wconf 80' lang='lat' dir='ltr'><em>sumtuosa</em></span> <span class='ocrx_word' id='word_1_528' title='bbox 1314 910 1452 938; x_wconf 64' lang='lat' dir='ltr'>educatus.</span> <span class='ocrx_word' id='word_1_529' title='bbox 1470 918 1491 939; x_wconf 93' lang='lat' dir='ltr'><em>I.</em></span> <span class='ocrx_word' id='word_1_530' title='bbox 1505 915 1567 939; x_wconf 86' lang='lat'>538.</span> <span class='ocrx_word' id='word_1_531' title='bbox 1580 923 1603 940; x_wconf 87' lang='grc' dir='ltr'><em>Β.</em></span> 
     </span>
     <span class='ocr_line' id='line_1_72' title="bbox 865 954 1610 994; baseline -0.001 -10"><span class='ocrx_word' id='word_1_532' title='bbox 865 955 1017 994; x_wconf 80' lang='lat' dir='ltr'><em>Philogonii</em></span> <span class='ocrx_word' id='word_1_533' title='bbox 1031 962 1153 984; x_wconf 81' lang='lat' dir='ltr'><em>sectator.</em></span> <span class='ocrx_word' id='word_1_534' title='bbox 1180 962 1200 985; x_wconf 89' lang='lat' dir='ltr'><em>I.</em></span> <span class='ocrx_word' id='word_1_535' title='bbox 1220 959 1283 983; x_wconf 76' lang='lat'>(308.</span> <span class='ocrx_word' id='word_1_536' title='bbox 1302 965 1325 982; x_wconf 87' lang='grc' dir='ltr'><em>Β.</em></span> <span class='ocrx_word' id='word_1_537' title='bbox 1349 954 1452 982; x_wconf 87' lang='lat' dir='ltr'><em>Meletii</em></span> <span class='ocrx_word' id='word_1_538' title='bbox 1475 965 1610 983; x_wconf 85' lang='lat' dir='ltr'><em>successor</em></span> 
     </span>
     <span class='ocr_line' id='line_1_73' title="bbox 865 998 1609 1037; baseline -0.001 -10"><span class='ocrx_word' id='word_1_539' title='bbox 865 1000 977 1028; x_wconf 83' lang='lat' dir='ltr'><em>virtutes</em></span> <span class='ocrx_word' id='word_1_540' title='bbox 991 999 1047 1037; x_wconf 82' lang='lat' dir='ltr'><em>ejus</em></span> <span class='ocrx_word' id='word_1_541' title='bbox 1057 1005 1178 1027; x_wconf 79' lang='lat' dir='ltr'><em>accurate</em></span> <span class='ocrx_word' id='word_1_542' title='bbox 1190 999 1331 1027; x_wconf 80' lang='lat' dir='ltr'><em>referebat.</em></span> <span class='ocrx_word' id='word_1_543' title='bbox 1344 1005 1376 1026; x_wconf 90' lang='lat'><em>11.</em></span> <span class='ocrx_word' id='word_1_544' title='bbox 1389 1002 1452 1026; x_wconf 88' lang='grc'>624.</span> <span class='ocrx_word' id='word_1_545' title='bbox 1464 1008 1490 1026; x_wconf 85' lang='lat' dir='ltr'><em>e.</em></span> <span class='ocrx_word' id='word_1_546' title='bbox 1505 998 1609 1026; x_wconf 81' lang='lat' dir='ltr'><em>Melctii</em></span> 
     </span>
     <span class='ocr_line' id='line_1_74' title="bbox 865 1041 1608 1080; baseline -0.003 -9"><span class='ocrx_word' id='word_1_547' title='bbox 865 1043 955 1071; x_wconf 81' lang='lat' dir='ltr'><em>amissi</em></span> <span class='ocrx_word' id='word_1_548' title='bbox 967 1042 1087 1071; x_wconf 86' lang='lat' dir='ltr'><em>dolorem</em></span> <span class='ocrx_word' id='word_1_549' title='bbox 1098 1042 1200 1070; x_wconf 74' lang='lat' dir='ltr'><em>lenivit.</em></span> <span class='ocrx_word' id='word_1_550' title='bbox 1217 1049 1250 1070; x_wconf 85' lang='lat' dir='ltr'><em>II.</em></span> <span class='ocrx_word' id='word_1_551' title='bbox 1264 1046 1327 1070; x_wconf 85' lang='grc'>624.</span> <span class='ocrx_word' id='word_1_552' title='bbox 1341 1051 1367 1069; x_wconf 91' lang='lat' dir='ltr'><em>c.</em></span> <span class='ocrx_word' id='word_1_553' title='bbox 1384 1041 1482 1069; x_wconf 69' lang='lat' dir='ltr'><em>Aberat</em></span> <span class='ocrx_word' id='word_1_554' title='bbox 1493 1052 1507 1069; x_wconf 83' lang='lat' dir='ltr'><em>a</em></span> <span class='ocrx_word' id='word_1_555' title='bbox 1519 1041 1608 1080; x_wconf 79' lang='lat' dir='ltr'><em>prima</em></span> 
     </span>
     <span class='ocr_line' id='line_1_75' title="bbox 866 1084 1607 1125; baseline -0.001 -10"><span class='ocrx_word' id='word_1_556' title='bbox 866 1087 990 1115; x_wconf 84' lang='lat' dir='ltr'><em>concione</em></span> <span class='ocrx_word' id='word_1_557' title='bbox 1011 1085 1044 1114; x_wconf 86' lang='lat' dir='ltr'><em>de</em></span> <span class='ocrx_word' id='word_1_558' title='bbox 1068 1084 1344 1125; x_wconf 72' lang='lat' dir='ltr'><em>incomprehensibili.</em></span> <span class='ocrx_word' id='word_1_559' title='bbox 1371 1092 1391 1113; x_wconf 91' lang='grc' dir='ltr'><em>Ι.</em></span> <span class='ocrx_word' id='word_1_560' title='bbox 1417 1089 1481 1113; x_wconf 85' lang='grc'>543.</span> <span class='ocrx_word' id='word_1_561' title='bbox 1504 1096 1529 1114; x_wconf 65' lang='grc' dir='ltr'><em>Α.</em></span> <span class='ocrx_word' id='word_1_562' title='bbox 1552 1093 1577 1113; x_wconf 81' lang='lat' dir='ltr'><em>ct</em></span> <span class='ocrx_word' id='word_1_563' title='bbox 1593 1097 1607 1114; x_wconf 79' lang='lat' dir='ltr'><em>a</em></span> 
     </span>
     <span class='ocr_line' id='line_1_76' title="bbox 864 1128 1609 1168; baseline -0.001 -10"><span class='ocrx_word' id='word_1_564' title='bbox 864 1131 990 1158; x_wconf 89' lang='lat' dir='ltr'><em>concione</em></span> <span class='ocrx_word' id='word_1_565' title='bbox 1008 1130 1034 1158; x_wconf 89' lang='lat' dir='ltr'><em>in</em></span> <span class='ocrx_word' id='word_1_566' title='bbox 1049 1129 1195 1159; x_wconf 72' lang='lat' dir='ltr'>Kalendas.</span> <span class='ocrx_word' id='word_1_567' title='bbox 1215 1136 1233 1157; x_wconf 88' lang='grc' dir='ltr'><em>Ι.</em></span> <span class='ocrx_word' id='word_1_568' title='bbox 1250 1134 1314 1158; x_wconf 88' lang='lat'>854.</span> <span class='ocrx_word' id='word_1_569' title='bbox 1337 1139 1363 1157; x_wconf 84' lang='lat' dir='ltr'><em>e.</em></span> <span class='ocrx_word' id='word_1_570' title='bbox 1381 1129 1447 1157; x_wconf 82' lang='lat' dir='ltr'><em>Erat</em></span> <span class='ocrx_word' id='word_1_571' title='bbox 1460 1128 1546 1157; x_wconf 82' lang='lat' dir='ltr'><em>bonus</em></span> <span class='ocrx_word' id='word_1_572' title='bbox 1561 1141 1609 1168; x_wconf 81' lang='lat' dir='ltr'><em>pa-</em></span> 
     </span>
     <span class='ocr_line' id='line_1_77' title="bbox 863 1178 1104 1204; baseline 0 -3"><span class='ocrx_word' id='word_1_573' title='bbox 863 1180 927 1202; x_wconf 83' lang='lat' dir='ltr'><em>stor.</em></span> <span class='ocrx_word' id='word_1_574' title='bbox 947 1181 980 1204; x_wconf 88' lang='lat' dir='ltr'><em>lI.</em></span> <span class='ocrx_word' id='word_1_575' title='bbox 998 1178 1062 1202; x_wconf 88' lang='grc'>821.</span> <span class='ocrx_word' id='word_1_576' title='bbox 1078 1184 1104 1201; x_wconf 65' lang='lat' dir='ltr'><em>A.</em></span> 
     </span>
    </p>

    <p class='ocr_par' dir='ltr' id='par_1_16' title="bbox 860 1216 1608 1606">
     <span class='ocr_line' id='line_1_78' title="bbox 903 1216 1604 1257; baseline 0 -12"><span class='ocrx_word' id='word_1_577' title='bbox 903 1217 1049 1246; x_wconf 77' lang='lat' dir='ltr'><em>Flavianus</em></span> <span class='ocrx_word' id='word_1_578' title='bbox 1067 1218 1209 1257; x_wconf 89' lang='lat' dir='ltr'><em>episcopus</em></span> <span class='ocrx_word' id='word_1_579' title='bbox 1223 1218 1373 1255; x_wconf 81' lang='lat' dir='ltr'><em>frequenter</em></span> <span class='ocrx_word' id='word_1_580' title='bbox 1386 1216 1604 1245; x_wconf 80' lang='lat' dir='ltr'><em>concionabatur.</em></span> 
     </span>
     <span class='ocr_line' id='line_1_79' title="bbox 863 1260 1605 1301; baseline 0.001 -12"><span class='ocrx_word' id='word_1_581' title='bbox 863 1268 896 1289; x_wconf 90' lang='lat'><em>11.</em></span> <span class='ocrx_word' id='word_1_582' title='bbox 911 1267 975 1290; x_wconf 88' lang='lat'>372.</span> <span class='ocrx_word' id='word_1_583' title='bbox 993 1273 1019 1292; x_wconf 85' lang='lat' dir='ltr'><em>e.</em></span> <span class='ocrx_word' id='word_1_584' title='bbox 1034 1263 1097 1291; x_wconf 85' lang='lat' dir='ltr'><em>Post</em></span> <span class='ocrx_word' id='word_1_585' title='bbox 1112 1262 1281 1301; x_wconf 83' lang='lat' dir='ltr'><em>presbyteros</em></span> <span class='ocrx_word' id='word_1_586' title='bbox 1293 1272 1354 1289; x_wconf 89' lang='lat' dir='ltr'><em>suos</em></span> <span class='ocrx_word' id='word_1_587' title='bbox 1371 1260 1554 1289; x_wconf 80' lang='lat' dir='ltr'><em>concionatur.</em></span> <span class='ocrx_word' id='word_1_588' title='bbox 1572 1269 1605 1290; x_wconf 80' lang='lat' dir='ltr'><em>II.</em></span> 
     </span>
     <span class='ocr_line' id='line_1_80' title="bbox 862 1306 1605 1345; baseline 0 -11"><span class='ocrx_word' id='word_1_589' title='bbox 862 1311 925 1334; x_wconf 84' lang='grc'>742.</span> <span class='ocrx_word' id='word_1_590' title='bbox 939 1311 1004 1335; x_wconf 84' lang='grc'>753.</span> <span class='ocrx_word' id='word_1_591' title='bbox 1021 1319 1046 1336; x_wconf 89' lang='grc' dir='ltr'><em>Β.</em></span> <span class='ocrx_word' id='word_1_592' title='bbox 1069 1313 1094 1335; x_wconf 83' lang='lat' dir='ltr'><em>et</em></span> <span class='ocrx_word' id='word_1_593' title='bbox 1115 1313 1175 1345; x_wconf 86' lang='lat' dir='ltr'><em>post</em></span> <span class='ocrx_word' id='word_1_594' title='bbox 1191 1306 1427 1344; x_wconf 73' lang='lat' dir='ltr'><em>Clirysostomum.</em></span> <span class='ocrx_word' id='word_1_595' title='bbox 1444 1313 1478 1333; x_wconf 85' lang='grc' dir='ltr'><em>ΙΙ.</em></span> <span class='ocrx_word' id='word_1_596' title='bbox 1498 1310 1560 1334; x_wconf 81' lang='grc'>428.</span> <span class='ocrx_word' id='word_1_597' title='bbox 1578 1316 1605 1334; x_wconf 74' lang='grc' dir='ltr'><em>Ε.</em></span> 
     </span>
     <span class='ocr_line' id='line_1_81' title="bbox 864 1350 1608 1389; baseline -0.001 -11"><span class='ocrx_word' id='word_1_598' title='bbox 864 1356 906 1378; x_wconf 77' lang='grc' dir='ltr'><em>Π.</em></span> <span class='ocrx_word' id='word_1_599' title='bbox 934 1355 996 1380; x_wconf 86' lang='grc'>128.</span> <span class='ocrx_word' id='word_1_600' title='bbox 1018 1362 1043 1378; x_wconf 88' lang='grc' dir='ltr'>Β,</span> <span class='ocrx_word' id='word_1_601' title='bbox 1062 1355 1124 1378; x_wconf 84' lang='lat'>138.</span> <span class='ocrx_word' id='word_1_602' title='bbox 1140 1361 1168 1380; x_wconf 66' lang='grc' dir='ltr'><em>Α,</em></span> <span class='ocrx_word' id='word_1_603' title='bbox 1187 1351 1272 1378; x_wconf 84' lang='lat' dir='ltr'><em>Pauca</em></span> <span class='ocrx_word' id='word_1_604' title='bbox 1286 1350 1411 1389; x_wconf 64' lang='lat' dir='ltr'><em>praefatus</em></span> <span class='ocrx_word' id='word_1_605' title='bbox 1426 1356 1517 1377; x_wconf 83' lang='lat' dir='ltr'><em>contra</em></span> <span class='ocrx_word' id='word_1_606' title='bbox 1534 1352 1608 1377; x_wconf 73' lang='lat' dir='ltr'><em>Ano-</em></span> 
     </span>
     <span class='ocr_line' id='line_1_82' title="bbox 861 1394 1608 1433; baseline 0 -13"><span class='ocrx_word' id='word_1_607' title='bbox 861 1403 942 1421; x_wconf 83' lang='lat' dir='ltr'><em>moeos</em></span> <span class='ocrx_word' id='word_1_608' title='bbox 953 1394 1172 1433; x_wconf 80' lang='lat' dir='ltr'><em>Chrysostomum</em></span> <span class='ocrx_word' id='word_1_609' title='bbox 1186 1400 1288 1428; x_wconf 78' lang='lat' dir='ltr'><em>evocat,</em></span> <span class='ocrx_word' id='word_1_610' title='bbox 1304 1401 1332 1421; x_wconf 91' lang='lat' dir='ltr'><em>ut</em></span> <span class='ocrx_word' id='word_1_611' title='bbox 1346 1400 1533 1431; x_wconf 79' lang='lat' dir='ltr'><em>argumentum</em></span> <span class='ocrx_word' id='word_1_612' title='bbox 1548 1404 1608 1432; x_wconf 72' lang='lat' dir='ltr'><em>pcr-</em></span> 
     </span>
     <span class='ocr_line' id='line_1_83' title="bbox 861 1437 1605 1477; baseline 0.001 -13"><span class='ocrx_word' id='word_1_613' title='bbox 861 1445 997 1474; x_wconf 79' lang='lat' dir='ltr'><em>sequatur,</em></span> <span class='ocrx_word' id='word_1_614' title='bbox 1013 1439 1049 1466; x_wconf 86' lang='lat' dir='ltr'><em>ita</em></span> <span class='ocrx_word' id='word_1_615' title='bbox 1065 1438 1185 1477; x_wconf 85' lang='lat' dir='ltr'><em>cupiente</em></span> <span class='ocrx_word' id='word_1_616' title='bbox 1204 1437 1316 1477; x_wconf 80' lang='lat' dir='ltr'><em>populo.</em></span> <span class='ocrx_word' id='word_1_617' title='bbox 1339 1444 1383 1465; x_wconf 73' lang='lat' dir='ltr'><em>VI.</em></span> <span class='ocrx_word' id='word_1_618' title='bbox 1402 1442 1466 1465; x_wconf 85' lang='grc'>296.</span> <span class='ocrx_word' id='word_1_619' title='bbox 1486 1448 1511 1465; x_wconf 69' lang='grc' dir='ltr'><em>Α.</em></span> <span class='ocrx_word' id='word_1_620' title='bbox 1530 1437 1605 1465; x_wconf 60' lang='lat' dir='ltr'><em>Pru*-</em></span> 
     </span>
     <span class='ocr_line' id='line_1_84' title="bbox 861 1481 1601 1520; baseline 0.003 -12"><span class='ocrx_word' id='word_1_621' title='bbox 861 1490 920 1508; x_wconf 85' lang='lat' dir='ltr'><em>sens</em></span> <span class='ocrx_word' id='word_1_622' title='bbox 932 1481 1052 1509; x_wconf 85' lang='lat' dir='ltr'><em>concioni</em></span> <span class='ocrx_word' id='word_1_623' title='bbox 1068 1481 1265 1520; x_wconf 81' lang='lat' dir='ltr'><em>Chrysostomi.</em></span> <span class='ocrx_word' id='word_1_624' title='bbox 1281 1488 1300 1511; x_wconf 84' lang='lat'><em>1.</em></span> <span class='ocrx_word' id='word_1_625' title='bbox 1315 1485 1379 1509; x_wconf 89' lang='grc'>794.</span> <span class='ocrx_word' id='word_1_626' title='bbox 1392 1492 1415 1509; x_wconf 97' lang='grc' dir='ltr'><em>Β.</em></span> <span class='ocrx_word' id='word_1_627' title='bbox 1434 1488 1478 1509; x_wconf 75' lang='lat' dir='ltr'><em>lV.</em></span> <span class='ocrx_word' id='word_1_628' title='bbox 1492 1486 1558 1509; x_wconf 88' lang='grc'>791.</span> <span class='ocrx_word' id='word_1_629' title='bbox 1574 1492 1601 1510; x_wconf 84' lang='lat'><em>1).</em></span> 
     </span>
     <span class='ocr_line' id='line_1_85' title="bbox 861 1524 1606 1564; baseline 0.004 -13"><span class='ocrx_word' id='word_1_630' title='bbox 861 1524 1005 1554; x_wconf 80' lang='lat' dir='ltr'><em>Flavianus</em></span> <span class='ocrx_word' id='word_1_631' title='bbox 1021 1536 1082 1554; x_wconf 88' lang='lat' dir='ltr'><em>cum</em></span> <span class='ocrx_word' id='word_1_632' title='bbox 1098 1525 1190 1554; x_wconf 89' lang='lat' dir='ltr'><em>multis</em></span> <span class='ocrx_word' id='word_1_633' title='bbox 1205 1526 1370 1564; x_wconf 75' lang='lat' dir='ltr'><em>pastoribus,</em></span> <span class='ocrx_word' id='word_1_634' title='bbox 1382 1525 1449 1553; x_wconf 89' lang='lat' dir='ltr'><em>forte</em></span> <span class='ocrx_word' id='word_1_635' title='bbox 1465 1526 1606 1564; x_wconf 82' lang='lat' dir='ltr'><em>episeopis,</em></span> 
     </span>
     <span class='ocr_line' id='line_1_86' title="bbox 860 1567 1541 1606; baseline 0 -11"><span class='ocrx_word' id='word_1_636' title='bbox 860 1567 1082 1606; x_wconf 85' lang='lat' dir='ltr'><em>Chrysostomum</em></span> <span class='ocrx_word' id='word_1_637' title='bbox 1098 1569 1297 1598; x_wconf 86' lang='lat' dir='ltr'><em>concionantem</em></span> <span class='ocrx_word' id='word_1_638' title='bbox 1313 1568 1398 1597; x_wconf 83' lang='lat' dir='ltr'><em>audit.</em></span> <span class='ocrx_word' id='word_1_639' title='bbox 1415 1575 1460 1597; x_wconf 74' lang='lat' dir='ltr'><em>IV.</em></span> <span class='ocrx_word' id='word_1_640' title='bbox 1476 1573 1541 1597; x_wconf 82' lang='grc'>792.</span> 
     </span>
    </p>

    <p class='ocr_par' dir='ltr' id='par_1_17' title="bbox 858 1611 1604 2123">
     <span class='ocr_line' id='line_1_87' title="bbox 901 1611 1604 1642; baseline 0.001 -3"><span class='ocrx_word' id='word_1_641' title='bbox 901 1611 1020 1640; x_wconf 77' lang='lat' dir='ltr'><em>Flaviani</em></span> <span class='ocrx_word' id='word_1_642' title='bbox 1032 1612 1206 1641; x_wconf 81' lang='lat' dir='ltr'><em>concionandi</em></span> <span class='ocrx_word' id='word_1_643' title='bbox 1219 1613 1414 1642; x_wconf 56' lang='lat' dir='ltr'>1*atio.vi.138.</span> <span class='ocrx_word' id='word_1_644' title='bbox 1425 1624 1444 1640; x_wconf 70' lang='lat' dir='ltr'><em>x.</em></span> <span class='ocrx_word' id='word_1_645' title='bbox 1457 1611 1604 1640; x_wconf 77' lang='lat' dir='ltr'><em>Flavianus</em></span> 
     </span>
     <span class='ocr_line' id='line_1_88' title="bbox 860 1655 1603 1695; baseline 0.001 -13"><span class='ocrx_word' id='word_1_646' title='bbox 860 1655 954 1693; x_wconf 84' lang='lat' dir='ltr'><em>plenus</em></span> <span class='ocrx_word' id='word_1_647' title='bbox 964 1657 1068 1695; x_wconf 77' lang='lat' dir='ltr'><em>Spiritu</em></span> <span class='ocrx_word' id='word_1_648' title='bbox 1077 1663 1176 1685; x_wconf 81' lang='lat' dir='ltr'><em>sancto.</em></span> <span class='ocrx_word' id='word_1_649' title='bbox 1194 1664 1225 1685; x_wconf 91' lang='lat'><em>11.</em></span> <span class='ocrx_word' id='word_1_650' title='bbox 1241 1661 1301 1685; x_wconf 82' lang='lat'>548.</span> <span class='ocrx_word' id='word_1_651' title='bbox 1317 1667 1340 1684; x_wconf 89' lang='grc' dir='ltr'><em>Β.</em></span> <span class='ocrx_word' id='word_1_652' title='bbox 1355 1657 1509 1695; x_wconf 69' lang='lat' dir='ltr'><em>Martyrum</em></span> <span class='ocrx_word' id='word_1_653' title='bbox 1524 1666 1603 1684; x_wconf 69' lang='lat' dir='ltr'><em>:rmu-</em></span> 
     </span>
     <span class='ocr_line' id='line_1_89' title="bbox 860 1699 1604 1735; baseline 0.001 -9"><span class='ocrx_word' id='word_1_654' title='bbox 860 1699 942 1735; x_wconf 84' lang='lat' dir='ltr'><em>lator,</em></span> <span class='ocrx_word' id='word_1_655' title='bbox 959 1701 1108 1729; x_wconf 87' lang='lat' dir='ltr'><em>communis</em></span> <span class='ocrx_word' id='word_1_656' title='bbox 1119 1699 1221 1729; x_wconf 87' lang='lat' dir='ltr'><em>doctor.</em></span> <span class='ocrx_word' id='word_1_657' title='bbox 1242 1708 1287 1730; x_wconf 73' lang='lat' dir='ltr'><em>Vt.</em></span> <span class='ocrx_word' id='word_1_658' title='bbox 1308 1705 1371 1729; x_wconf 88' lang='lat'>129.</span> <span class='ocrx_word' id='word_1_659' title='bbox 1387 1710 1415 1729; x_wconf 76' lang='lat' dir='ltr'><em>A.</em></span> <span class='ocrx_word' id='word_1_660' title='bbox 1430 1700 1455 1728; x_wconf 93' lang='lat' dir='ltr'><em>in</em></span> <span class='ocrx_word' id='word_1_661' title='bbox 1471 1699 1564 1728; x_wconf 73' lang='lat' dir='ltr'><em>villam</em></span> <span class='ocrx_word' id='word_1_662' title='bbox 1578 1707 1604 1728; x_wconf 80' lang='lat' dir='ltr'><em>et</em></span> 
     </span>
     <span class='ocr_line' id='line_1_90' title="bbox 859 1743 1601 1782; baseline 0.001 -12"><span class='ocrx_word' id='word_1_663' title='bbox 859 1743 987 1772; x_wconf 85' lang='lat' dir='ltr'><em>suburbia</em></span> <span class='ocrx_word' id='word_1_664' title='bbox 1003 1744 1130 1773; x_wconf 78' lang='lat' dir='ltr'><em>concessit</em></span> <span class='ocrx_word' id='word_1_665' title='bbox 1145 1743 1349 1772; x_wconf 78' lang='lat' dir='ltr'><em>concionaturus</em></span> <span class='ocrx_word' id='word_1_666' title='bbox 1366 1743 1392 1771; x_wconf 89' lang='lat' dir='ltr'><em>in</em></span> <span class='ocrx_word' id='word_1_667' title='bbox 1409 1743 1474 1771; x_wconf 81' lang='lat' dir='ltr'><em>festo</em></span> <span class='ocrx_word' id='word_1_668' title='bbox 1496 1750 1601 1782; x_wconf 78' lang='lat' dir='ltr'><em>marty-</em></span> 
     </span>
     <span class='ocr_line' id='line_1_91' title="bbox 859 1786 1602 1826; baseline 0.003 -12"><span class='ocrx_word' id='word_1_669' title='bbox 859 1798 928 1815; x_wconf 91' lang='lat' dir='ltr'>rum.</span> <span class='ocrx_word' id='word_1_670' title='bbox 942 1795 974 1817; x_wconf 83' lang='lat'><em>11.</em></span> <span class='ocrx_word' id='word_1_671' title='bbox 988 1793 1053 1819; x_wconf 81' lang='grc'>777.</span> <span class='ocrx_word' id='word_1_672' title='bbox 1070 1799 1096 1817; x_wconf 85' lang='lat' dir='ltr'><em>c.</em></span> <span class='ocrx_word' id='word_1_673' title='bbox 1109 1788 1306 1817; x_wconf 86' lang='lat' dir='ltr'><em>Antiochenum</em></span> <span class='ocrx_word' id='word_1_674' title='bbox 1323 1787 1453 1826; x_wconf 85' lang='lat' dir='ltr'><em>populum</em></span> <span class='ocrx_word' id='word_1_675' title='bbox 1468 1786 1558 1815; x_wconf 82' lang='lat' dir='ltr'><em>educit</em></span> <span class='ocrx_word' id='word_1_676' title='bbox 1574 1787 1602 1816; x_wconf 87' lang='lat' dir='ltr'><em>in</em></span> 
     </span>
     <span class='ocr_line' id='line_1_92' title="bbox 859 1830 1599 1869; baseline -0.001 -10"><span class='ocrx_word' id='word_1_677' title='bbox 859 1841 963 1869; x_wconf 84' lang='lat' dir='ltr'><em>agrum.</em></span> <span class='ocrx_word' id='word_1_678' title='bbox 977 1839 1009 1860; x_wconf 91' lang='lat' dir='ltr'><em>II.</em></span> <span class='ocrx_word' id='word_1_679' title='bbox 1028 1837 1092 1860; x_wconf 83' lang='lat'>821.</span> <span class='ocrx_word' id='word_1_680' title='bbox 1107 1844 1132 1861; x_wconf 69' lang='lat' dir='ltr'><em>A.</em></span> <span class='ocrx_word' id='word_1_681' title='bbox 1144 1831 1267 1860; x_wconf 87' lang='lat' dir='ltr'><em>Flaviani</em></span> <span class='ocrx_word' id='word_1_682' title='bbox 1282 1830 1390 1859; x_wconf 79' lang='lat' dir='ltr'><em>vivendi</em></span> <span class='ocrx_word' id='word_1_683' title='bbox 1406 1830 1484 1858; x_wconf 88' lang='lat' dir='ltr'><em>ratio.</em></span> <span class='ocrx_word' id='word_1_684' title='bbox 1501 1837 1520 1858; x_wconf 87' lang='lat' dir='ltr'><em>t.</em></span> <span class='ocrx_word' id='word_1_685' title='bbox 1536 1834 1599 1858; x_wconf 81' lang='lat'>540.</span> 
     </span>
     <span class='ocr_line' id='line_1_93' title="bbox 860 1875 1600 1914; baseline 0.001 -12"><span class='ocrx_word' id='word_1_686' title='bbox 860 1875 925 1914; x_wconf 89' lang='lat' dir='ltr'><em>Ejus</em></span> <span class='ocrx_word' id='word_1_687' title='bbox 940 1875 1042 1904; x_wconf 88' lang='lat' dir='ltr'><em>laudes.</em></span> <span class='ocrx_word' id='word_1_688' title='bbox 1063 1883 1082 1904; x_wconf 91' lang='grc' dir='ltr'><em>Ι.</em></span> <span class='ocrx_word' id='word_1_689' title='bbox 1102 1880 1166 1905; x_wconf 81' lang='grc'>538.</span> <span class='ocrx_word' id='word_1_690' title='bbox 1190 1886 1217 1903; x_wconf 76' lang='lat' dir='ltr'><em>A.</em></span> <span class='ocrx_word' id='word_1_691' title='bbox 1242 1882 1273 1903; x_wconf 92' lang='lat' dir='ltr'><em>II.</em></span> <span class='ocrx_word' id='word_1_692' title='bbox 1293 1878 1356 1902; x_wconf 83' lang='lat'>306.</span> <span class='ocrx_word' id='word_1_693' title='bbox 1374 1886 1400 1903; x_wconf 84' lang='lat' dir='ltr'><em>D.</em></span> <span class='ocrx_word' id='word_1_694' title='bbox 1420 1879 1484 1902; x_wconf 83' lang='lat'>753.</span> <span class='ocrx_word' id='word_1_695' title='bbox 1507 1885 1531 1902; x_wconf 89' lang='grc' dir='ltr'><em>Β.</em></span> <span class='ocrx_word' id='word_1_696' title='bbox 1555 1881 1600 1903; x_wconf 87' lang='lat' dir='ltr'>III.</span> 
     </span>
     <span class='ocr_line' id='line_1_94' title="bbox 859 1917 1601 1958; baseline -0.003 -11"><span class='ocrx_word' id='word_1_697' title='bbox 859 1923 903 1947; x_wconf 83' lang='lat'><em>85.</em></span> <span class='ocrx_word' id='word_1_698' title='bbox 914 1929 941 1947; x_wconf 86' lang='lat' dir='ltr'><em>c.</em></span> <span class='ocrx_word' id='word_1_699' title='bbox 954 1919 1113 1948; x_wconf 77' lang='lat' dir='ltr'><em>Flavianum</em></span> <span class='ocrx_word' id='word_1_700' title='bbox 1129 1918 1339 1958; x_wconf 87' lang='lat' dir='ltr'><em>Chrysostomus</em></span> <span class='ocrx_word' id='word_1_701' title='bbox 1358 1925 1435 1947; x_wconf 76' lang='lat' dir='ltr'><em>vocat</em></span> <span class='ocrx_word' id='word_1_702' title='bbox 1450 1917 1601 1946; x_wconf 83' lang='lat' dir='ltr'><em>amantissi-</em></span> 
     </span>
     <span class='ocr_line' id='line_1_95' title="bbox 858 1961 1601 2002; baseline 0 -13"><span class='ocrx_word' id='word_1_703' title='bbox 858 1973 931 1990; x_wconf 90' lang='lat' dir='ltr'><em>mum</em></span> <span class='ocrx_word' id='word_1_704' title='bbox 941 1970 1054 2002; x_wconf 85' lang='lat' dir='ltr'><em>patrem.</em></span> <span class='ocrx_word' id='word_1_705' title='bbox 1067 1970 1110 1991; x_wconf 88' lang='lat'>111.</span> <span class='ocrx_word' id='word_1_706' title='bbox 1123 1967 1186 1991; x_wconf 88' lang='lat'>431.</span> <span class='ocrx_word' id='word_1_707' title='bbox 1197 1973 1220 1990; x_wconf 92' lang='grc' dir='ltr'><em>Β.</em></span> <span class='ocrx_word' id='word_1_708' title='bbox 1231 1963 1268 1991; x_wconf 90' lang='lat' dir='ltr'><em>Ut</em></span> <span class='ocrx_word' id='word_1_709' title='bbox 1277 1961 1423 1990; x_wconf 83' lang='lat' dir='ltr'><em>Flavianus</em></span> <span class='ocrx_word' id='word_1_710' title='bbox 1430 1961 1461 1989; x_wconf 76' lang='lat' dir='ltr'><em>ad</em></span> <span class='ocrx_word' id='word_1_711' title='bbox 1474 1968 1601 1989; x_wconf 83' lang='lat' dir='ltr'><em>senectu-</em></span> 
     </span>
     <span class='ocr_line' id='line_1_96' title="bbox 858 2006 1597 2046; baseline -0.001 -12"><span class='ocrx_word' id='word_1_712' title='bbox 858 2012 910 2035; x_wconf 87' lang='lat' dir='ltr'><em>tem</em></span> <span class='ocrx_word' id='word_1_713' title='bbox 922 2008 992 2035; x_wconf 85' lang='lat' dir='ltr'><em>Petri</em></span> <span class='ocrx_word' id='word_1_714' title='bbox 1004 2007 1152 2046; x_wconf 83' lang='lat' dir='ltr'><em>perveniat,</em></span> <span class='ocrx_word' id='word_1_715' title='bbox 1163 2013 1222 2034; x_wconf 84' lang='lat' dir='ltr'><em>orat</em></span> <span class='ocrx_word' id='word_1_716' title='bbox 1234 2006 1449 2044; x_wconf 77' lang='lat' dir='ltr'><em>Chrysostomus.</em></span> <span class='ocrx_word' id='word_1_717' title='bbox 1463 2012 1506 2033; x_wconf 85' lang='lat'>111.</span> <span class='ocrx_word' id='word_1_718' title='bbox 1515 2010 1558 2033; x_wconf 84' lang='grc'><em>85.</em></span> <span class='ocrx_word' id='word_1_719' title='bbox 1571 2015 1597 2033; x_wconf 78' lang='grc' dir='ltr'><em>ε.</em></span> 
     </span>
     <span class='ocr_line' id='line_1_97' title="bbox 858 2049 1600 2089; baseline -0.001 -11"><span class='ocrx_word' id='word_1_720' title='bbox 858 2050 1004 2079; x_wconf 88' lang='lat' dir='ltr'><em>Flavianus</em></span> <span class='ocrx_word' id='word_1_721' title='bbox 1015 2062 1105 2080; x_wconf 74' lang='lat' dir='ltr'>senex.</span> <span class='ocrx_word' id='word_1_722' title='bbox 1122 2058 1144 2079; x_wconf 86' lang='lat'><em>1.</em></span> <span class='ocrx_word' id='word_1_723' title='bbox 1163 2055 1226 2079; x_wconf 90' lang='lat'>540.</span> <span class='ocrx_word' id='word_1_724' title='bbox 1247 2062 1274 2080; x_wconf 80' lang='grc' dir='ltr'><em>Α.</em></span> <span class='ocrx_word' id='word_1_725' title='bbox 1288 2049 1435 2089; x_wconf 85' lang='lat' dir='ltr'><em>Splendida</em></span> <span class='ocrx_word' id='word_1_726' title='bbox 1452 2049 1510 2088; x_wconf 85' lang='lat' dir='ltr'><em>ejus</em></span> <span class='ocrx_word' id='word_1_727' title='bbox 1525 2049 1600 2077; x_wconf 75' lang='lat' dir='ltr'><em>cuni-</em></span> 
     </span>
     <span class='ocr_line' id='line_1_98' title="bbox 858 2093 1082 2123; baseline 0.004 -1"><span class='ocrx_word' id='word_1_728' title='bbox 858 2093 916 2122; x_wconf 86' lang='lat' dir='ltr'><em>tics.</em></span> <span class='ocrx_word' id='word_1_729' title='bbox 935 2102 966 2123; x_wconf 91' lang='lat' dir='ltr'><em>II.</em></span> <span class='ocrx_word' id='word_1_730' title='bbox 981 2099 1044 2123; x_wconf 86' lang='grc'>306.</span> <span class='ocrx_word' id='word_1_731' title='bbox 1057 2105 1082 2123; x_wconf 81' lang='lat' dir='ltr'><em>r..</em></span> 
     </span>
    </p>

    <p class='ocr_par' dir='ltr' id='par_1_18' title="bbox 857 2141 1600 2348">
     <span class='ocr_line' id='line_1_99' title="bbox 897 2141 1600 2172; baseline 0 -2"><span class='ocrx_word' id='word_1_732' title='bbox 897 2143 1019 2171; x_wconf 81' lang='lat' dir='ltr'><em>Flaviani</em></span> <span class='ocrx_word' id='word_1_733' title='bbox 1039 2144 1143 2172; x_wconf 80' lang='lat' dir='ltr'><em>fervens</em></span> <span class='ocrx_word' id='word_1_734' title='bbox 1158 2143 1261 2171; x_wconf 80' lang='lat' dir='ltr'><em>caritas.</em></span> <span class='ocrx_word' id='word_1_735' title='bbox 1279 2150 1300 2170; x_wconf 90' lang='lat'><em>1.</em></span> <span class='ocrx_word' id='word_1_736' title='bbox 1318 2146 1382 2171; x_wconf 84' lang='grc'>544.</span> <span class='ocrx_word' id='word_1_737' title='bbox 1403 2152 1430 2170; x_wconf 75' lang='lat' dir='ltr'><em>A.</em></span> <span class='ocrx_word' id='word_1_738' title='bbox 1452 2141 1600 2171; x_wconf 77' lang='lat' dir='ltr'><em>Flavianus</em></span> 
     </span>
     <span class='ocr_line' id='line_1_100' title="bbox 857 2185 1600 2224; baseline -0.003 -9"><span class='ocrx_word' id='word_1_739' title='bbox 857 2193 998 2224; x_wconf 83' lang='lat' dir='ltr'><em>antequam</em></span> <span class='ocrx_word' id='word_1_740' title='bbox 1010 2187 1044 2216; x_wconf 80' lang='lat' dir='ltr'><em>ad</em></span> <span class='ocrx_word' id='word_1_741' title='bbox 1058 2187 1148 2216; x_wconf 88' lang='lat' dir='ltr'><em>sedem</em></span> <span class='ocrx_word' id='word_1_742' title='bbox 1169 2187 1197 2215; x_wconf 90' lang='lat' dir='ltr'><em>in</em></span> <span class='ocrx_word' id='word_1_743' title='bbox 1207 2186 1345 2215; x_wconf 83' lang='lat' dir='ltr'><em>ecclesiam</em></span> <span class='ocrx_word' id='word_1_744' title='bbox 1364 2185 1530 2220; x_wconf 82' lang='lat' dir='ltr'><em>ascenderet,</em></span> <span class='ocrx_word' id='word_1_745' title='bbox 1548 2196 1600 2224; x_wconf 81' lang='lat' dir='ltr'><em>pa-</em></span> 
     </span>
     <span class='ocr_line' id='line_1_101' title="bbox 857 2229 1599 2270; baseline -0.001 -12"><span class='ocrx_word' id='word_1_746' title='bbox 857 2240 913 2258; x_wconf 87' lang='lat' dir='ltr'><em>cem</em></span> <span class='ocrx_word' id='word_1_747' title='bbox 927 2230 1049 2260; x_wconf 85' lang='lat' dir='ltr'><em>omnibus</em></span> <span class='ocrx_word' id='word_1_748' title='bbox 1062 2230 1231 2270; x_wconf 78' lang='lat' dir='ltr'><em>precabatur.</em></span> <span class='ocrx_word' id='word_1_749' title='bbox 1250 2238 1271 2258; x_wconf 94' lang='lat'><em>1.</em></span> <span class='ocrx_word' id='word_1_750' title='bbox 1285 2234 1349 2258; x_wconf 86' lang='grc'>749.</span> <span class='ocrx_word' id='word_1_751' title='bbox 1365 2240 1390 2258; x_wconf 89' lang='lat' dir='ltr'><em>c.</em></span> <span class='ocrx_word' id='word_1_752' title='bbox 1405 2229 1528 2258; x_wconf 84' lang='lat' dir='ltr'><em>Flaviani</em></span> <span class='ocrx_word' id='word_1_753' title='bbox 1547 2229 1599 2257; x_wconf 83' lang='lat' dir='ltr'><em>lio-</em></span> 
     </span>
     <span class='ocr_line' id='line_1_102' title="bbox 857 2273 1596 2314; baseline 0.001 -12"><span class='ocrx_word' id='word_1_754' title='bbox 857 2274 988 2313; x_wconf 81' lang='lat' dir='ltr'><em>spitalitas</em></span> <span class='ocrx_word' id='word_1_755' title='bbox 1008 2286 1070 2314; x_wconf 81' lang='lat' dir='ltr'><em>erga</em></span> <span class='ocrx_word' id='word_1_756' title='bbox 1088 2286 1148 2310; x_wconf 88' lang='lat' dir='ltr'><em>eos,</em></span> <span class='ocrx_word' id='word_1_757' title='bbox 1165 2274 1210 2313; x_wconf 91' lang='lat' dir='ltr'><em>qui</em></span> <span class='ocrx_word' id='word_1_758' title='bbox 1225 2284 1274 2313; x_wconf 87' lang='lat' dir='ltr'><em>pro</em></span> <span class='ocrx_word' id='word_1_759' title='bbox 1288 2274 1399 2304; x_wconf 81' lang='lat' dir='ltr'><em>veritate</em></span> <span class='ocrx_word' id='word_1_760' title='bbox 1417 2273 1596 2313; x_wconf 70' lang='lat' dir='ltr'><em>pellebantur.</em></span> 
     </span>
     <span class='ocr_line' id='line_1_103' title="bbox 858 2324 1015 2348; baseline 0 -1"><span class='ocrx_word' id='word_1_761' title='bbox 858 2326 902 2347; x_wconf 72' lang='lat' dir='ltr'><em>lv.</em></span> <span class='ocrx_word' id='word_1_762' title='bbox 914 2324 978 2348; x_wconf 74' lang='grc'>753.</span> <span class='ocrx_word' id='word_1_763' title='bbox 990 2330 1015 2347; x_wconf 84' lang='grc' dir='ltr'><em>Β.</em></span> 
     </span>
    </p>

    <p class='ocr_par' dir='ltr' id='par_1_19' title="bbox 856 2365 1601 2668">
     <span class='ocr_line' id='line_1_104' title="bbox 897 2365 1598 2406; baseline -0.006 -10"><span class='ocrx_word' id='word_1_764' title='bbox 897 2367 1041 2396; x_wconf 76' lang='lat' dir='ltr'><em>Flavianus</em></span> <span class='ocrx_word' id='word_1_765' title='bbox 1069 2366 1330 2406; x_wconf 79' lang='lat' dir='ltr'><em>Constantinopolim</em></span> <span class='ocrx_word' id='word_1_766' title='bbox 1358 2365 1539 2405; x_wconf 87' lang='lat' dir='ltr'><em>proficiscitur</em></span> <span class='ocrx_word' id='word_1_767' title='bbox 1563 2365 1598 2393; x_wconf 74' lang='lat' dir='ltr'><em>ad</em></span> 
     </span>
     <span class='ocr_line' id='line_1_105' title="bbox 858 2410 1597 2451; baseline -0.003 -13"><span class='ocrx_word' id='word_1_768' title='bbox 858 2411 1045 2450; x_wconf 81' lang='lat' dir='ltr'><em>Imperatorem</em></span> <span class='ocrx_word' id='word_1_769' title='bbox 1066 2411 1239 2451; x_wconf 79' lang='lat' dir='ltr'><em>placandum,</em></span> <span class='ocrx_word' id='word_1_770' title='bbox 1256 2411 1354 2440; x_wconf 86' lang='lat' dir='ltr'><em>iratum</em></span> <span class='ocrx_word' id='word_1_771' title='bbox 1373 2410 1408 2438; x_wconf 87' lang='lat' dir='ltr'><em>oh</em></span> <span class='ocrx_word' id='word_1_772' title='bbox 1423 2419 1526 2438; x_wconf 78' lang='lat' dir='ltr'><em>eversas</em></span> <span class='ocrx_word' id='word_1_773' title='bbox 1541 2415 1597 2437; x_wconf 83' lang='lat' dir='ltr'><em>sta-</em></span> 
     </span>
     <span class='ocr_line' id='line_1_106' title="bbox 858 2452 1598 2493; baseline -0.003 -10"><span class='ocrx_word' id='word_1_774' title='bbox 858 2462 924 2484; x_wconf 87' lang='lat' dir='ltr'>tuas.</span> <span class='ocrx_word' id='word_1_775' title='bbox 944 2463 976 2484; x_wconf 92' lang='lat' dir='ltr'><em>II.</em></span> <span class='ocrx_word' id='word_1_776' title='bbox 992 2461 1035 2484; x_wconf 90' lang='lat'><em>41.</em></span> <span class='ocrx_word' id='word_1_777' title='bbox 1057 2467 1082 2483; x_wconf 73' lang='lat' dir='ltr'><em>A.</em></span> <span class='ocrx_word' id='word_1_778' title='bbox 1102 2456 1169 2484; x_wconf 91' lang='lat' dir='ltr'><em>Cum</em></span> <span class='ocrx_word' id='word_1_779' title='bbox 1192 2454 1227 2483; x_wconf 79' lang='lat' dir='ltr'><em>ad</em></span> <span class='ocrx_word' id='word_1_780' title='bbox 1250 2457 1441 2493; x_wconf 86' lang='lat' dir='ltr'><em>Imperatorem</em></span> <span class='ocrx_word' id='word_1_781' title='bbox 1465 2452 1598 2491; x_wconf 87' lang='lat' dir='ltr'><em>profectus</em></span> 
     </span>
     <span class='ocr_line' id='line_1_107' title="bbox 857 2495 1600 2537; baseline -0.005 -10"><span class='ocrx_word' id='word_1_782' title='bbox 857 2506 905 2533; x_wconf 85' lang='lat' dir='ltr'><em>est,</em></span> <span class='ocrx_word' id='word_1_783' title='bbox 926 2506 1044 2528; x_wconf 78' lang='lat' dir='ltr'><em>extrema</em></span> <span class='ocrx_word' id='word_1_784' title='bbox 1064 2499 1119 2537; x_wconf 83' lang='lat' dir='ltr'><em>jam</em></span> <span class='ocrx_word' id='word_1_785' title='bbox 1142 2504 1276 2526; x_wconf 85' lang='lat' dir='ltr'><em>senectute</em></span> <span class='ocrx_word' id='word_1_786' title='bbox 1290 2503 1355 2525; x_wconf 87' lang='lat' dir='ltr'><em>erat.</em></span> <span class='ocrx_word' id='word_1_787' title='bbox 1377 2503 1410 2524; x_wconf 87' lang='lat'><em>11.</em></span> <span class='ocrx_word' id='word_1_788' title='bbox 1429 2500 1473 2524; x_wconf 85' lang='grc'>-41,</span> <span class='ocrx_word' id='word_1_789' title='bbox 1493 2507 1517 2524; x_wconf 87' lang='grc' dir='ltr'><em>Β.</em></span> <span class='ocrx_word' id='word_1_790' title='bbox 1534 2495 1600 2523; x_wconf 89' lang='lat' dir='ltr'><em>Fla-</em></span> 
     </span>
     <span class='ocr_line' id='line_1_108' title="bbox 856 2539 1598 2580; baseline -0.008 -8"><span class='ocrx_word' id='word_1_791' title='bbox 856 2543 929 2571; x_wconf 77' lang='lat' dir='ltr'><em>viani</em></span> <span class='ocrx_word' id='word_1_792' title='bbox 942 2554 1027 2577; x_wconf 85' lang='lat' dir='ltr'><em>soror,</em></span> <span class='ocrx_word' id='word_1_793' title='bbox 1040 2553 1100 2571; x_wconf 89' lang='lat' dir='ltr'><em>cum</em></span> <span class='ocrx_word' id='word_1_794' title='bbox 1115 2543 1137 2570; x_wconf 89' lang='lat' dir='ltr'><em>is</em></span> <span class='ocrx_word' id='word_1_795' title='bbox 1150 2541 1183 2570; x_wconf 81' lang='lat' dir='ltr'><em>ad</em></span> <span class='ocrx_word' id='word_1_796' title='bbox 1198 2542 1388 2580; x_wconf 76' lang='lat' dir='ltr'><em>Imperatorem</em></span> <span class='ocrx_word' id='word_1_797' title='bbox 1403 2539 1537 2579; x_wconf 85' lang='lat' dir='ltr'><em>profectus</em></span> <span class='ocrx_word' id='word_1_798' title='bbox 1548 2546 1598 2576; x_wconf 80' lang='lat' dir='ltr'><em>cst,</em></span> 
     </span>
     <span class='ocr_line' id='line_1_109' title="bbox 857 2583 1601 2615; baseline -0.007 0"><span class='ocrx_word' id='word_1_799' title='bbox 857 2593 975 2615; x_wconf 79' lang='lat' dir='ltr'><em>extremo</em></span> <span class='ocrx_word' id='word_1_800' title='bbox 987 2587 1124 2615; x_wconf 77' lang='lat' dir='ltr'><em>laborabat</em></span> <span class='ocrx_word' id='word_1_801' title='bbox 1139 2585 1244 2615; x_wconf 80' lang='lat' dir='ltr'><em>morbo,</em></span> <span class='ocrx_word' id='word_1_802' title='bbox 1262 2591 1294 2613; x_wconf 91' lang='lat' dir='ltr'><em>lt.</em></span> <span class='ocrx_word' id='word_1_803' title='bbox 1310 2586 1358 2613; x_wconf 72' lang='lat'><em>41.</em></span> <span class='ocrx_word' id='word_1_804' title='bbox 1375 2596 1400 2613; x_wconf 88' lang='grc' dir='ltr'><em>Β.</em></span> <span class='ocrx_word' id='word_1_805' title='bbox 1415 2587 1478 2612; x_wconf 85' lang='grc'>253.</span> <span class='ocrx_word' id='word_1_806' title='bbox 1493 2593 1520 2611; x_wconf 78' lang='lat' dir='ltr'><em>A.</em></span> <span class='ocrx_word' id='word_1_807' title='bbox 1537 2583 1601 2611; x_wconf 86' lang='lat' dir='ltr'><em>Fla-</em></span> 
     </span>
     <span class='ocr_line' id='line_1_110' title="bbox 857 2627 1600 2668; baseline -0.005 -9"><span class='ocrx_word' id='word_1_808' title='bbox 857 2630 928 2659; x_wconf 73' lang='lat' dir='ltr'><em>viani</em></span> <span class='ocrx_word' id='word_1_809' title='bbox 950 2630 1088 2668; x_wconf 73' lang='lat' dir='ltr'><em>diligentia</em></span> <span class='ocrx_word' id='word_1_810' title='bbox 1108 2629 1135 2657; x_wconf 92' lang='lat' dir='ltr'><em>in</em></span> <span class='ocrx_word' id='word_1_811' title='bbox 1151 2627 1274 2657; x_wconf 80' lang='lat' dir='ltr'><em>adeundo</em></span> <span class='ocrx_word' id='word_1_812' title='bbox 1290 2628 1462 2666; x_wconf 77' lang='lat' dir='ltr'><em>Imperatore.</em></span> <span class='ocrx_word' id='word_1_813' title='bbox 1485 2633 1516 2655; x_wconf 90' lang='lat' dir='ltr'><em>II.</em></span> <span class='ocrx_word' id='word_1_814' title='bbox 1536 2631 1600 2655; x_wconf 83' lang='grc'>252.</span> 
     </span>
    </p>
   </div>
   <div class='ocr_carea' id='block_1_5' title="bbox 1409 2682 1441 2708">
    <p class='ocr_par' dir='ltr' id='par_1_20' title="bbox 1409 2682 1441 2708">
     <span class='ocr_line' id='line_1_111' title="bbox 1409 2682 1441 2708; baseline 0.031 -1"><span class='ocrx_word' id='word_1_815' title='bbox 1409 2682 1441 2708; x_wconf 77' lang='lat'><em>17</em></span> 
     </span>
    </p>
   </div>
  </div>
 </body>
</html>
