1925 2932
51 813 57 819 .
77 794 116 816 Η.

53 1829 58 1834 .
77 1811 116 1834 ⁴5.

611 219 654 241 DE
683 219 759 243 vtTA
788 218 803 241 S
811 234 817 242 .

154 285 290 317 λιὸἐλλους
307 284 405 312 διδόναι
427 285 485 313 καθ’
505 285 597 322 ἡμῶν,
620 284 664 312 καὶ
679 285 743 324 πρὸς
758 283 917 323 κατηγορίαν

153 331 341 369 ἀλειφομένων.
358 330 409 358 Καὶ
427 332 509 358 ταῦτα
524 330 636 365 ποιήσας
653 353 660 366 ‚
679 330 781 368 ἔπεμπε
795 330 839 358 καὶ
855 329 918 358 ε’κά-

151 377 190 405 λει
214 378 249 410 εἷς
270 377 437 414 δικαστήριον
457 379 540 414 ἡμᾶς,
559 376 661 404 οὐδέπω
681 376 726 408 τὰς
744 377 801 405 καθ’
827 375 917 404 ἑαυτὸν

150 422 466 460 ἀποδυσάμενοςαίτίας·
486 423 499 451 ὃ
520 423 637 460 μάλιστα
656 422 700 450 καὶ
718 422 790 461 παρὰ
808 422 917 454 κανόνας

150 468 195 496 καὶ
210 468 282 507 παρὰ
296 469 397 501 πάντας
411 468 504 506 νόμους
526 465 567 504 ἦν,
581 469 649 497 Ἀλλ’
666 471 741 505 ἡμεῖς
757 468 915 502 συνειδότες,

150 514 190 542 δτι
214 516 242 543 οὐ
264 515 327 553 πρὸς
343 514 469 549 δικαστὴν
486 515 663 553 ἀφικνούμεθα
681 514 713 550 (ἢ
728 515 779 553 γὰρ
795 514 917 553 μυριάκις

151 559 182 587 ἃν
198 560 429 599 παρεγενόμεθα),
451 560 519 589 ἀλλὰ
531 560 595 599 πρὸς
610 561 701 599 ἐχθρὸν
717 561 761 589 καὶ
777 560 914 597 πολέμιον,

150 607 270 644 καθάπερ
284 606 316 635 τὰ
330 606 476 645 ἔμπροσθεν
491 606 579 634 καὶτὰ
596 606 662 644 μετὰ
676 610 759 635 ταῦτα
777 607 917 642 ἐδήλωσεν,

150 652 353 690 ἀπεστάλκαμεν
370 652 434 691 πρὸς
447 652 525 680 αὐτὸν
540 652 711 687 ἐπισκόπους,
725 652 768 680 τὸν
780 653 917 680 Πισινοῦν-

148 709 192 729 τος
209 697 362 737 Δημήτριον
374 721 380 733 ,
401 698 444 725 τὸν
461 697 605 735 Ἀπαμείας
621 698 748 727 Εὐλύσιον
762 721 768 733 ,
791 698 834 726 τὸν
850 697 915 727 Ἀπ-

148 742 256 781 πιαρίας
281 742 494 772 Λουππικιανόν·
516 743 708 783 πρεσὲυτέρους
731 743 756 772 δὲ
778 743 913 782 Γερμανὸν

147 788 191 816 καὶ
203 789 319 825 Σευῆρον
330 811 337 823 ,
354 789 422 826 μετὰ
435 791 482 823 τῆς
497 790 682 829 προσηκούσης
695 792 761 827 ἡμῖν
773 789 915 821 ἐπιεικείας

147 835 365 874 ἀποκρινόμενοι,
386 835 430 863 καὶ
452 835 586 874 λέγοντες,
608 836 644 873 μὴ
659 838 844 873 παραιτεῖσθαι
859 835 916 873 κρί-

148 893 188 909 σιν
201 902 207 914 ,
231 882 288 909 ἀλλ’
305 881 396 919 ἐχθρὸν
411 881 456 910 καὶ
474 881 599 919 πολέμιον
616 882 735 919 φανερόν.
757 879 791 909 ‘O
806 880 855 919 γὰρ
873 881 914 908 λι-

148 926 254 958 ῧέλλους
273 926 383 965 μηδέπω
406 927 542 963 δεξάμενος
556 949 563 963 ,
590 926 635 954 καὶ
654 929 763 955 τοιαῦτα
786 928 814 955 ἐκ
836 938 914 966 προι-

148 972 214 1010 μίων
230 972 351 1007 ποιήσας,
369 972 414 1000 καὶ
429 972 579 1012 ἀπορρήξας
592 973 682 1001 ἑαυτὸν
697 972 859 1007 Ἐκκλησίας
869 972 914 1001 καὶ

146 1017 282 1050 κοινωνίας
302 1018 347 1046 καὶ
367 1019 445 1057 εὐχῆς
456 1041 462 1051 ,
489 1018 533 1046 καὶ
545 1019 705 1057 κατηγόρους
724 1018 853 1057 ἀλείφων,
869 1018 914 1046 καὶ

145 1064 243 1101 κλῆρον
259 1063 391 1101 μεθιστὰς,
404 1064 448 1092 καὶ
461 1063 622 1099 Ἰ’]κκλησίας
637 1066 752 1102 ἐρημῶν,
763 1065 819 1097 πῶς
832 1065 861 1092 ἂν
873 1064 912 1099 εἴη

147 1108 246 1142 δίκαιος
260 1110 303 1138 ἐπὶ
319 1110 361 1138 τὸν
375 1113 420 1138 τοῦ
434 1111 558 1138 δικαστοῦ
574 1110 663 1149 θρόνον
678 1110 818 1145 ἀναὸἧναι,
833 1111 912 1139 οὖδα-

148 1156 226 1193 μόθεν
252 1157 324 1195 αὐτῷ
346 1156 533 1195 προσήκοντα;
559 1156 629 1185 Οὔτε
648 1156 698 1194 γὰρ
723 1156 863 1185 ἀκόλουθον
880 1153 911 1192 ἦν

147 1201 189 1230 τὸν
205 1201 229 1235 ἐξ
242 1203 373 1240 Αἰγύπτου
388 1204 423 1234 εἷς
437 1202 547 1241 Θρᾴκην
562 1202 690 1238 δικάζειν,
708 1202 752 1230 καὶ
772 1202 815 1230 τὸν
829 1203 911 1231 ὑπεύ·

147 1250 219 1276 θυνον
241 1249 304 1277 ὄντα
327 1250 426 1283 αἰτιῶν,
447 1248 491 1276 καὶ
515 1249 606 1288 ἐχθρὸν
629 1249 673 1276 καὶ
692 1249 827 1286 πολέμιον.
844 1249 912 1277 Ἀλλ’

146 1294 218 1332 ὅμως
238 1295 310 1323 οὐδὲν
332 1294 430 1323 τούτων
451 1294 578 1326 αἰδεσθεὶς
591 1317 597 1329 ,
622 1295 680 1323 ἀλλ’
699 1294 763 1333 ὅπερ
775 1294 913 1331 ἐδούλετο,

146 1341 286 1378 πληρῶσαι
301 1340 467 1378 ἐπειγόμενος
477 1362 484 1375 ,
497 1342 574 1377 ἡμῶν
586 1340 759 1375 δηλωσάντων
770 1363 777 1376 ,
793 1341 833 1369 ὅτι
848 1341 914 1369 ἕτοι-

149 1398 211 1423 μοι,
234 1386 278 1414 καὶ
297 1386 389 1414 ἑκατὸν
405 1386 449 1414 καὶ
470 1385 562 1424 χιλίων
583 1386 732 1414 ἐπισκόπων
756 1386 892 1425 παρόντων
904 1409 912 1421 ,

148 1431 370 1460 ἀποδύσασθαι-ιὰ
383 1431 554 1470 ἐγκλήματα,
576 1432 619 1460 καὶ
638 1431 717 1464 δεῖξαι
736 1433 812 1465 ὄντας
832 1436 913 1461 καθα-

149 1477 205 1515 ροὺς
222 1476 326 1509 ἑαυτοὺς
337 1500 344 1513 ,
369 1477 458 1515 ὥσπερ
473 1472 516 1505 οῧν
532 1477 576 1505 καὶ
591 1477 669 1515 ἐσμὲν
679 1501 688 1513 ,
709 1479 754 1506 οὐκ
768 1478 894 1517 ἠνέσχετο
906 1502 913 1515 ,

147 1524 206 1551 ἀλλ’
222 1523 340 1552 ἀπόντων
355 1524 430 1560 ἡμῶν
445 1522 489 1550 καὶ
508 1523 614 1552 σύνοδον
632 1524 844 1561 ἐπικαλουμένων
868 1525 912 1553 καὶ

147 1569 232 1608 κρίσιν
255 1568 462 1604 ἐπιζητούντων,
485 1569 529 1597 καὶ
552 1569 678 1609 ἀκρόασιν
700 1571 728 1598 οὐ
747 1570 893 1609 φευγόντων
906 1594 913 1607 ,

148 1614 206 1644 ἀλλ’
228 1615 371 1654 ἀπέχθειαν
386 1614 518 1654 φανερὰν,
541 1615 586 1643 καὶ
607 1615 768 1654 κατηγόρους
786 1616 891 1656 ἐδέχετο
904 1639 912 1653 ,

148 1661 192 1690 καὶ
215 1661 274 1693 τοὺς
295 1662 359 1699 παρ’
383 1661 446 1698 ἐμοῦ
469 1661 619 1699 δεδεμένους
638 1661 731 1697 ἔλυσε,
760 1662 804 1690 καὶ
829 1664 913 1691 αὐτῶν

148 1706 253 1735 ἐκείνων
276 1706 377 1735 οὐδέπω
391 1706 423 1734 τὰ
445 1706 601 1745 ἐγκλήματα
625 1707 849 1745 ἀποδυσαμένων,
872 1709 913 1736 λι-

148 1753 255 1785 ίῗέλλους
267 1752 398 1790 ἕλοῖμὸανε
409 1775 416 1788 ,
436 1753 480 1780 καὶ
503 1753 683 1791 ὑπομνήματα
694 1753 833 1792 ἔπραττεν,
848 1754 915 1793 ἅπερ

147 1799 254 1827 ἅπαντα
270 1799 343 1837 παρὰ
364 1798 458 1835 θεσμὸν
477 1799 521 1827 καὶ
538 1798 634 1827 κανόνα
647 1799 691 1827 καὶ
707 1799 860 1828 ἀκολουθίαν
872 1796 914 1835 ἦν.

147 1844 200 1873 Καὶ
221 1844 262 1880 (τί
277 1845 327 1884 γὰρ
349 1845 387 1872 δεῖ
406 1843 492 1872 πολλὰ
507 1844 591 1882 λέγειν
603 1845 628 1882 3)
650 1846 696 1873 οὐκ
713 1845 813 1881 ἀπέστη
829 1845 915 1874 πάντα

148 1893 229 1919 ποιῶν
246 1891 290 1918 καὶ
311 1890 578 1929 πραγματευόμενος,
599 1891 648 1923 ἕως
663 1895 734 1930 ἡμᾶς
753 1891 819 1928 μετὰ
838 1893 915 1921 δυνα-

150 1936 238 1967 στείας
257 1936 303 1964 καὶ
319 1936 452 1968 αὖθεντίας
465 1936 570 1971 ἁπάσης
584 1937 629 1965 καὶ
641 1940 687 1972 τῆς
702 1938 802 1970 πόλεως
813 1938 915 1973 καὶτῆς

150 1981 312 2016 Ἐκκλησίας
324 1981 444 2009 ε”ἷέόαλεν
456 1993 461 1998 ·
476 1981 520 2009 καὶ
532 1982 596 2020 πρὸς
610 1982 723 2021 ἑσπέραν
735 1985 840 2020 βαθεῖαν
850 2005 857 2018 ,
871 1987 916 2012 τοῦ

150 2028 233 2065 δήμου
249 2028 346 2060 παντὸς
359 2030 421 2066 ἡμῖν
435 2027 642 2067 συσσυρομένου,
657 2029 796 2066 ἑλκόμενος
809 2030 859 2058 ὑπὸ
871 2033 915 2058 τοῦ

150 2077 311 2113 κουριιιωσοῧ
323 2075 369 2108 τῆς
392 2074 492 2105 πόλεως
508 2075 533 2102 ἐν
547 2073 614 2112 μέσῃ
629 2076 661 2112 τῇ
681 2074 775 2110 πόλει,
791 2075 836 2103 καὶ
853 2075 917 2114 πρὸς

151 2120 209 2157 βίαν
228 2119 367 2158 συρόμενος
381 2120 551 2158 κατηγόμην,
573 2120 617 2148 καὶ
630 2121 666 2152 εἷς
679 2121 769 2149 πλοῖον
782 2121 919 2150 {neand-

151 2178 202 2203 μην
215 2189 222 2202 ‚
245 2166 289 2194 καὶ
308 2166 350 2194 διὰ
369 2164 458 2198 νυκτὸς
481 2165 612 2194 ἀπέπλεον
627 2188 634 2201 ,
655 2166 711 2194 ἐπεὶ
730 2166 834 2195 σύνοδον
851 2167 916 2205 πρὸς

149 2211 251 2238 δικαίαν
275 2211 359 2250 κρίσιν
387 2213 506 2240 ἐκάλουν.
529 2212 577 2243 Τίς
607 2211 637 2239 ἂν
661 2215 745 2240 ταῦτα
771 2213 916 2251 ἀδακρυτὶ,

148 2256 196 2284 κᾶν
216 2257 315 2291 λιθίνην
343 2256 392 2295 ἔχῃ
415 2257 525 2295 καρδίαν
539 2280 545 2292 ,
569 2256 686 2296 ἀκούση;
709 2259 778 2286 Ἀλλ’
805 2259 894 2293 ἐπειδὴ
908 2281 914 2292 ‚

148 2302 268 2341 καθάπερ
286 2302 365 2341 ἔφθην
386 2302 465 2330 εἰπὼν
479 2323 485 2335 ,
509 2304 537 2331 οὐ
558 2306 661 2342 θρηνεῖν
683 2304 721 2331 δεῖ
737 2304 824 2341 μόνον,
848 2305 915 2333 ἀλλὰ

149 2348 193 2375 καὶ
214 2349 329 2387 διορθοῦν
341 2370 349 2383 ,
371 2348 418 2382 τὴν
436 2348 562 2387 ὑμετέραν
578 2349 683 2387 ἀγάπην
697 2352 845 2388 παρακαλῶ
859 2351 916 2378 δια-

148 2396 275 2428 ναστῆναι
289 2394 334 2422 καὶ
350 2395 512 2432 συναλγῆσαι
524 2416 532 2427 ,
552 2394 596 2422 καὶ
616 2394 704 2423 πάντα
718 2397 836 2431 ποιῆσαι,
848 2395 915 2424 ὥστε

150 2441 243 2474 στ’-ῆναι
257 2439 332 2467 ταυτὶ
343 2439 376 2467 τὰ
391 2440 471 2468 κακά.
490 2439 558 2468 Οὐδὲ
572 2440 623 2478 γὰρ
638 2442 749 2469 ἐνταῦθα
762 2441 794 2468 τὰ
806 2444 854 2476 τῆς
868 2453 918 2469 πα-

150 2485 275 2524 ρανομίας
295 2485 379 2514 αὖτῶν
400 2486 558 2517 κατέλυσεν,
586 2486 652 2513 ἀλλὰ
678 2486 723 2514 καὶ
749 2486 814 2523 μετὰ
833 2491 917 2516 ταῦτα

149 2535 202 2562 τοῖς
216 2530 352 2568 προτέροις
363 2530 533 2559 ἐπαπεδύετο.
547 2530 657 2565 Ἐπειδὴ
671 2531 722 2569 γὰρ
733 2534 746 2560 ὁ
760 2532 916 2561 εὖσεῗιέστα-

149 2587 192 2608 τος
209 2575 330 2613 βασιλεὺς
344 2576 558 2610 ἐπιπηδήσαντας
567 2578 599 2614 τῇ
615 2575 762 2615 Ἐκκλησία
778 2578 916 2616 ἀναισχύν-

151 2634 204 2655 τως
225 2622 269 2650 καί
292 2621 388 2655 ἀδίκως
405 2621 545 2660 ἐξέὸαλεν,
571 2623 614 2650 καὶ
635 2624 726 2651 πολλοὶ
742 2626 791 2653 τῶν
808 2625 914 2654 ἐπισκό-

847 216 988 241 JOANNIS
1015 218 1261 241 CttttYSOSTOMI.
1697 216 1714 249 7

973 283 1130 312 criminibus
1146 296 1151 311 z
1165 283 1238 322 quod
1255 282 1370 311 maxime
1384 288 1475 309 contra
1491 291 1602 309 canones
1614 286 1639 308 et
1654 292 1715 309 eeua

973 335 1012 358 tra
1027 330 1096 369 leges
1110 340 1201 358 omnes
1215 336 1278 358 erat.
1303 328 1355 357 Sed
1371 338 1417 356 nos
1432 327 1548 361 conscii,
1577 326 1646 364 quod
1663 337 1713 355 non

973 375 1005 403 ad
1022 376 1138 414 judicem
1154 376 1260 405 venturi
1281 385 1385 403 eramus
1400 373 1529 411 (alioquin
1555 373 1651 400 millies
1666 373 1715 400 ad-

972 422 1139 459 fuissemus),
1152 423 1199 451 sed
1213 422 1247 451 ad
1266 421 1405 450 inimicum
1419 426 1444 447 et
1459 420 1561 447 hostem
1575 431 1581 446 :
1597 419 1624 446 id
1643 419 1715 456 quod

972 468 1036 497 satis
1055 469 1190 497 declarant
1211 479 1269 506 quae
1292 474 1317 495 et
1332 466 1406 506 prius
1425 472 1449 494 et
1465 463 1634 504 postmodum
1657 472 1714 492 aeta

971 521 1033 542 sunt
1053 526 1058 541 ε
1079 514 1201 543 misimus
1225 513 1258 542 ad
1283 524 1343 541 eum
1364 512 1520 551 episcopos,
1548 510 1713 539 Demetrium

971 559 1125 599 episcopum
1143 559 1300 596 Pisinuutis,
1314 558 1459 598 Eulysium
1476 557 1630 596 episcopum
1647 559 1715 595 Apa-

971 615 1046 639 meae,
1067 606 1265 644 Luppicianum
1280 604 1413 643 Appiariae
1425 615 1431 630 x
1444 603 1614 642 presbyteros
1626 609 1714 630 autem

972 652 1137 679 Germanum
1158 659 1182 679 et
1206 652 1352 686 Severum,
1375 649 1540 677 convenienti
1563 649 1639 677 nobis
1656 660 1714 677 mo-

970 696 1054 724 destia
1075 696 1261 736 respondentes
1273 719 1280 731 ‚
1302 706 1332 724 ac
1347 695 1462 724 dicentes
1476 717 1482 729 ‚
1499 705 1546 722 nos
1565 705 1617 723 non
1634 694 1712 722 defu-

970 751 1030 780 gere
1041 743 1177 781 judicium
1188 765 1194 776 ‚
1213 742 1259 770 sed
1275 741 1414 769 inimicum
1431 747 1551 779 apertum
1571 747 1652 778 atque
1666 741 1714 769 ho-

970 794 1035 815 stem
1059 788 1236 816 manifestum.
1254 788 1322 816 Nam
1343 787 1390 825 qui
1414 786 1532 814 nondum
1548 787 1661 825 acceptis
1676 787 1713 815 li-

969 832 1046 861 bellis
1058 834 1147 862 statim
1162 834 1196 862 ab
1209 833 1285 862 initio
1298 833 1360 861 talia
1377 833 1495 867 fecisset,
1510 839 1534 860 et
1546 832 1580 859 ab
1597 833 1713 862 Ecclesia

969 879 1084 918 seipsum
1100 880 1249 919 abrupisset
1263 903 1269 915 ,
1285 890 1299 908 a
1318 878 1505 907 cummunione
1516 901 1523 914 ‚
1540 889 1554 905 a
1570 879 1713 917 precibus;

968 932 1132 954 accusatores
1149 925 1298 960 instruens,
1317 925 1417 953 clerum
1434 923 1468 952 ad
1483 934 1509 952 se
1525 924 1639 960 trahens,
1656 924 1713 953 Ec-

968 971 1060 1000 clesias
1081 971 1203 1000 desolans
1221 983 1226 999 :
1242 970 1376 1009 quomodo
1396 970 1495 1008 diguus
1510 977 1576 998 esset
1590 993 1599 1007 ‚
1622 971 1668 1008 qui
1685 971 1712 999 in

965 1017 1066 1055 judicis
1086 1018 1213 1046 thronum
1230 1017 1298 1045 nihil
1313 1017 1347 1045 ad
1363 1027 1390 1045 se
1406 1016 1581 1055 pertinentem
1597 1015 1711 1045 adscen-

967 1062 1063 1091 deret?
1085 1064 1143 1092 Non
1165 1063 1237 1092 enim
1252 1070 1457 1091 consentaneum
1473 1072 1528 1090 esse
1539 1085 1548 1099 ‚
1566 1069 1593 1090 ut
1610 1062 1654 1091 ille
1667 1064 1713 1101 qui

968 1119 1001 1137 ex
1019 1109 1136 1148 AEgypto
1151 1116 1234 1146 esset,
1253 1109 1279 1137 in
1295 1109 1413 1138 Thracia
1425 1108 1572 1148 judicaret,
1594 1109 1652 1148 ipse
1666 1109 1715 1138 cri-

969 1153 1087 1181 minibus
1099 1154 1244 1188 obnoxius,
1258 1153 1384 1182 inimicus
1395 1160 1474 1191 atquc
1486 1152 1578 1181 hostis.
1594 1154 1715 1183 Verum-

968 1205 1055 1227 tamen
1067 1199 1134 1227 nibil
1148 1199 1194 1228 itte
1207 1199 1303 1228 horum
1316 1199 1456 1234 reveritus,
1471 1198 1515 1227 sed
1533 1209 1629 1237 urgens
1642 1199 1713 1237 quod

968 1246 1080 1285 implere
1090 1254 1233 1282 statuerat,
1250 1257 1310 1275 cum
1325 1246 1532 1274 declarassemus
1546 1252 1651 1284 paratos
1666 1257 1714 1275 nos

968 1302 1023 1320 esse
1035 1292 1140 1321 diluere
1163 1292 1273 1321 crimina
1288 1303 1376 1320 coram
1392 1298 1498 1320 centum
1524 1298 1548 1319 et
1570 1291 1644 1319 mille
1657 1293 1714 1330 epi-

968 1337 1055 1376 scopis
1065 1360 1072 1374 ‚
1087 1344 1112 1366 et
1126 1348 1207 1377 puros
1227 1337 1261 1366 ab
1274 1337 1347 1366 omni
1360 1337 1439 1376 culpa
1453 1347 1500 1365 nos
1513 1336 1659 1371 ostendere,
1684 1344 1713 1365 ut

968 1394 1059 1412 revera
1081 1394 1192 1412 sumus:
1208 1394 1259 1412 non
1282 1383 1345 1411 tulit
1369 1383 1425 1417 ille,
1442 1382 1487 1411 sed
1503 1383 1579 1411 nobis
1591 1383 1711 1411 absenti-

969 1430 1018 1458 bus
1043 1437 1068 1459 et
1091 1430 1126 1459 ad
1146 1430 1280 1470 synodum
1305 1429 1504 1469 appellantibus
1527 1439 1557 1457 ac
1578 1428 1712 1468 judicium

967 1476 1160 1515 flagitantibus,
1175 1487 1221 1504 nec
1233 1475 1398 1504 auditionem
1410 1475 1582 1514 fugientibus,
1598 1475 1644 1504 sed
1656 1487 1712 1504 ma-

968 1522 1094 1550 nifestum
1107 1522 1212 1559 odium,
1231 1522 1288 1561 ipse
1300 1528 1464 1550 accusatores
1476 1521 1592 1557 admisit,
1608 1529 1632 1550 et
1646 1533 1713 1560 quos

968 1569 1113 1608 ligaveram
1129 1569 1225 1603 solvit,
1244 1575 1323 1606 atque
1339 1567 1373 1595 ab
1388 1567 1441 1595 iltis
1453 1589 1460 1602 ,
1476 1567 1521 1605 qui
1537 1567 1649 1595 crimina
1664 1579 1712 1596 sua

941 1617 948 1623 “
969 1615 1088 1643 nondum
1103 1615 1257 1651 exuissem,
1278 1614 1385 1642 libellos
1399 1613 1516 1652 aceepit,
1538 1620 1562 1641 et
1577 1620 1633 1642 acta
1648 1624 1712 1642 con-

968 1661 1029 1690 secit
1042 1673 1047 1688 :
1060 1672 1118 1699 quae
1138 1661 1227 1690 omnia
1248 1667 1272 1689 et
1287 1667 1377 1688 contra
1390 1660 1435 1698 jus
1450 1666 1475 1686 et
1493 1666 1583 1687 contra
1599 1669 1712 1688 canones

968 1716 992 1737 et
1004 1719 1104 1738 morem
1117 1715 1200 1737 erant.
1215 1708 1249 1736 Et
1261 1707 1327 1746 quid
1339 1707 1432 1735 attinet
1444 1706 1522 1746 plura
1535 1705 1644 1734 dicere?
1659 1717 1711 1735 non

968 1756 1070 1784 destitit
1081 1755 1168 1784 omnia
1182 1755 1266 1784 facere
1276 1764 1306 1782 ac
1319 1753 1419 1787 n1÷=li1·i,
1439 1752 1522 1780 donec
1535 1763 1582 1780 uos
1597 1763 1642 1791 per
1656 1753 1712 1782 vim

969 1813 999 1830 ac
1013 1802 1176 1841 tyrannicam
1192 1801 1399 1829 dominationem
1415 1810 1429 1828 c
1443 1799 1552 1828 civitate
1566 1806 1645 1837 atque
1660 1799 1714 1827 Ec-

969 1849 1047 1878 clesia
1063 1848 1148 1888 ejecit.
1170 1848 1257 1887 Igitur
1271 1847 1428 1886 procedente
1440 1846 1495 1884 jam
1511 1856 1633 1884 vespere,
1651 1856 1712 1873 cum

971 1906 1016 1923 nos
1030 1895 1116 1923 omnis
1131 1894 1245 1934 populus
1259 1893 1440 1925 comitaretur,
1461 1898 1560 1919 tractus
1574 1902 1588 1918 a
1601 1891 1712 1920 Curioso

971 1942 1045 1970 urbis
1066 1952 1112 1980 per
1136 1941 1252 1969 mediam
1276 1940 1411 1968 civitatem
1426 1938 1453 1967 vi
1473 1937 1612 1973 abducor,
1639 1944 1664 1966 et
1686 1938 1713 1966 in

972 1988 1061 2016 navim
1078 1988 1208 2025 conjiciet·
1220 2009 1227 2023 ‚
1242 1993 1266 2014 et
1281 1992 1359 2014 noctu
1374 1983 1507 2021 abnavigo
1519 2006 1527 2017 ‚
1547 1983 1609 2021 quia
1624 1994 1713 2022 syno—

971 2033 1035 2061 dum
1051 2032 1087 2061 ad
1099 2033 1201 2071 justum
1213 2030 1350 2070 judicium
1373 2028 1551 2068 appellabam.
1574 2029 1642 2064 Quis
1658 2029 1713 2058 haee

971 2078 1027 2106 sine
1041 2077 1169 2117 lacrymis
1180 2100 1187 2111 ‚
1204 2077 1283 2105 etiam
1297 2075 1319 2103 si
1334 2085 1379 2103 cor
1394 2073 1530 2113 lapideum
1546 2074 1650 2111 habeat,
1665 2085 1714 2103 au-

971 2123 1072 2152 dierit?
1087 2125 1191 2153 Verum
1204 2122 1277 2161 quia,
1294 2121 1362 2150 sieut
1374 2120 1448 2160 prius
1464 2119 1541 2155 dixi,
1558 2130 1608 2148 non
1625 2121 1713 2149 solum

972 2169 1110 2197 lamentari
1125 2175 1236 2208 oportet,
1252 2167 1297 2196 sed
1311 2174 1336 2195 et
1349 2166 1505 2202 emendare5
1521 2166 1629 2195 obsecro
1643 2168 1714 2195 cari-

971 2223 1051 2244 tatem
1066 2222 1180 2245 vestram
1193 2237 1199 2249 ‚
1225 2221 1253 2242 ut
1269 2219 1395 2251 exsurgat
1414 2219 1438 2241 et
1460 2211 1609 2247 condoleat,
1635 2220 1715 2251 atque

971 2261 1060 2290 omnia
1083 2261 1178 2297 faciat,
1201 2267 1230 2288 ut
1253 2259 1322 2287 mala
1337 2258 1394 2286 baee
1408 2258 1510 2286 sistant.
1531 2259 1622 2296 Neque
1642 2259 1713 2288 enim

972 2308 1015 2337 hic
1033 2307 1158 2346 iniquitas
1172 2317 1263 2335 eorum
1279 2305 1349 2333 stetit
1362 2327 1369 2339 ‚
1393 2303 1438 2332 sed
1453 2303 1487 2332 ad
1502 2304 1591 2342 priora
1605 2304 1714 2344 adjece-

971 2361 1032 2384 runt
1048 2360 1071 2382 et
1090 2353 1152 2382 alia.
1170 2354 1315 2390 Postquam
1329 2352 1399 2379 enim
1415 2349 1551 2388 piissimus
1566 2351 1714 2389 Imperator

972 2412 1023 2435 eos,
1036 2401 1080 2438 qui
1090 2399 1236 2428 Ecclesiam
1251 2396 1418 2436 impudenter
1433 2403 1511 2433 atque
1524 2395 1622 2435 injuste
1637 2396 1712 2425 inva-

972 2452 1078 2482 serant,
1100 2444 1192 2483 ejecit,
1210 2450 1235 2472 et
1250 2442 1329 2470 multi
1345 2441 1463 2481 episcopi
1479 2441 1536 2469 visa
1551 2452 1641 2469 eorum
1658 2442 1711 2470 im—

972 2492 1104 2532 probitate
1116 2490 1148 2519 ad
1161 2501 1207 2518 sua
1223 2489 1367 2524 redierunt,
1381 2487 1511 2526 impetum
1521 2498 1612 2515 eorum
1628 2488 1712 2516 veluti

972 2536 1123 2566 incendium
1136 2533 1224 2562 omnia
1236 2532 1379 2571 depascens
1392 2530 1535 2569 fugientes:
1546 2541 1591 2559 nos
1604 2531 1712 2568 quidem

973 2581 1068 2608 iterum
1090 2579 1116 2607 in
1139 2577 1232 2605 urbem
1247 2584 1324 2614 atque
1339 2575 1363 2603 in
1387 2574 1533 2602 Ecclesiam
1546 2596 1553 2609 ‚
1571 2585 1584 2601 e
1599 2585 1651 2611 qna
1667 2575 1711 2603 in-

968 2626 1040 2664 juste
1059 2633 1164 2652 eramus
1179 2621 1272 2661 ejecti,
1294 2619 1410 2649 revocati
1429 2629 1540 2658 sumus,
1561 2618 1712 2649 inducenti-
