1884 2922
691 239 877 262 SCRIP'I'UIIE
904 239 1027 261 SACIIAE.

73 312 140 331 cn'.
184 312 264 331 Vltus.

166 348 266 376 11.12.
282 344 441 374 Onesimum
455 345 503 382 qui
518 344 566 372 tihi
588 344 733 383 aliquando
758 345 822 373 inu-

317 388 371 416 tilis
386 388 448 425 fuit,
465 398 536 416 nunc
553 395 642 416 autem
669 396 693 417 ct
709 388 777 416 mihi
797 396 822 417 et

315 432 366 460 tibi
382 432 469 468 utilis,
483 432 560 460 illum
586 439 615 461 ut
641 443 683 461 me
704 433 818 472 suscipe.

314 483 331 504 I.
350 479 414 505 960.
432 486 456 504 c.

1558 225 1614 260 ιδ(

986 310 1064 329 vens.

1012 346 1059 374 13.
1076 344 1113 372 Ut
1148 353 1196 382 pro
1222 349 1245 370 te
1277 342 1439 370 ministraret
1468 342 1544 372 mihi.
1571 351 1614 372 XI,

1116 391 1181 416 841.
1198 397 1226 414 n.

961 434 1058 461 18.19.
1077 431 1106 460 Si
1125 431 1184 469 quis
1208 437 1296 459 autem
1314 437 1338 459 te
1352 430 1434 466 laesit,
1451 437 1497 458 aut
1521 430 1616 465 debet,

1115 485 1163 513 ego
1178 475 1336 514 persolvam.
1351 482 1397 504 XI.
1412 479 1476 503 839.
1495 485 1517 502 Β.

877 312 941 329 (ΣΔΡ.

620 619 799 648 EPISTOLA
824 620 870 647 AD
893 619 1086 648 HEBRAEOS.

70 755 133 773 cn.
177 755 258 774 vnns.

72 787 104 817 ¹.
266 788 435 826 Exponitur
449 788 483 816 T.
502 794 562 817 xit.
577 792 659 817 6-40.

228 835 256 860 1.
271 831 451 860 Multisariam
469 831 614 869 multisque
636 830 725 860 modis
751 832 814 860 olim

306 875 380 904 Deus
406 874 518 912 loquens
554 874 677 913 patribus
704 876 810 904 nostris.

308 925 354 947 III.
373 922 437 947 442.
453 928 478 947 c.

190 965 250 991 1.2.
271 961 499 991 Multifariam....
523 963 648 991 extremis
670 963 742 992 hisce
757 963 814 992 die-

309 1006 361 1034 bus
382 1005 510 1043 loquutus
532 1013 570 1034 est
593 1007 670 1035 nobis
689 1007 715 1035 iu
730 1007 810 1042 Filio,

306 1060 387 1088 quem
399 1049 537 1078 constituit
547 1049 672 1079 heredem
682 1052 814 1086 omnium,

305 1104 353 1133 per
365 1103 444 1131 quem
454 1093 517 1122 fecit
527 1100 552 1122 et
563 1095 668 1122 sarcula.
686 1102 707 1124 Ι.
719 1100 811 1124 813.Β.

310 1142 429 1167 Ill-931.
441 1149 466 1166 n.
484 1144 529 1166 IV.
542 1142 608 1166 794.
625 1146 689 1168 EN.
704 1143 768 1168 495.
785 1150 808 1168 Β.

305 1188 351 1211 VI.
369 1185 434 1210 609.
452 1191 476 1208 B.
496 1188 541 1210 XI.
560 1186 605 1210 12·
621 1193 649 1211 D.

221 1228 250 1254 2.
267 1227 319 1254 Per
333 1235 413 1263 quem
428 1224 489 1254 fecit
504 1231 529 1252 et
552 1226 659 1255 saecula.
679 1233 746 1255 VIII.
763 1231 808 1257 22.

305 1276 352 1298 Xl.
370 1273 434 1296 654.
452 1279 480 1297 D.

183 1315 245 1343 23.
265 1313 301 1342 Τ.
319 1319 365 1342 VI.
384 1316 448 1340 508.
464 1322 491 1341 c.

217 1359 246 1387 3.
264 1357 318 1393 Qui
335 1367 397 1385 cum
411 1356 445 1384 sit
457 1355 585 1394 splendor
599 1356 700 1395 gloriae,
715 1357 811 1385 etcha-

302 1407 389 1429 racter
403 1400 559 1428 substantiae
570 1401 638 1438 ejus.
656 1408 688 1430 v.
704 1406 768 1432 495.
783 1413 807 1430 Β.

306 1451 377 1474 VIII.
391 1448 437 1472 53.
448 1451 515 1473 n.X.
529 1448 594 1472 783.
604 1455 629 1472 Α.
643 1451 700 1475 XII.
714 1450 807 1474 556³..

203 1487 247 1516 Ib.
263 1487 367 1523 QuL...
382 1494 489 1527 portans
512 1487 601 1516 omnia
618 1489 700 1518 verbo
724 1490 809 1518 virtu-

303 1531 337 1560 tis
348 1541 415 1568 suae,
432 1542 478 1570 per
489 1532 606 1571 seipsum
623 1533 809 1572 purgationem

304 1575 414 1610 faciens,
431 1575 504 1604 sedet
515 1576 542 1604 in
554 1575 664 1605 dextera
676 1577 809 1616 magnitu-

305 1619 378 1648 dinis
393 1619 419 1647 in
430 1619 550 1648 excelsis.
567 1627 612 1650 VI.
631 1626 694 1650 474.
712 1632 738 1650 B.
751 1628 807 1650 XII.

302 1668 366 1693 529.
383 1674 410 1693 Ε.

161 1709 242 1738 5.13.
262 1708 299 1736 Τ.
313 1715 373 1737 XII.
389 1712 417 1737 7.
431 1718 459 1736 n.

220 1753 249 1782 6.
267 1751 336 1780 Cum
364 1758 452 1780 autem
495 1763 588 1781 rursus
627 1753 807 1782 introduxerit

220 1794 222 1796 ’
299 1795 512 1835 Primogenitum
545 1796 572 1825 in
609 1797 711 1826 orbem.
746 1804 805 1826 XII.

301 1843 365 1867 516.
380 1850 406 1867 Ε.

182 1884 242 1912 7.8.
263 1881 304 1910 Ad
323 1882 432 1921 angelos
455 1882 565 1921 quidem
581 1882 664 1911 dicit:
678 1883 731 1918 Qui
745 1884 807 1913 facit

299 1927 407 1965 angelos
440 1937 502 1955 suos
535 1927 646 1966 spiritus
660 1951 668 1963 ,
696 1934 747 1957 etc.
784 1936 804 1956 I.

301 1974 365 1999 592.
382 1982 408 1999 Α.
426 1974 491 1999 666.
510 1981 536 1998 Β.
561 1978 594 1999 V.
613 1975 677 1999 302.
695 1982 723 2000 D.

181 2015 242 2043 8.9.
266 2013 392 2043 Thronus
405 2021 468 2043 tuus
481 2015 553 2042 Deus
567 2014 594 2042 in
610 2015 739 2043 saeculum
758 2026 806 2044 sae-

301 2058 400 2088 culi....
416 2058 543 2087 Dilexisti
555 2057 688 2098 justitiam
704 2066 727 2088 et
749 2058 807 2088 odi-

301 2101 334 2129 sti
348 2102 526 2140 iniquitatem.
538 2109 560 2131 1.
578 2107 642 2132 592.
656 2112 684 2132 E.

196 2148 242 2176 10.
260 2145 341 2174 Initio
357 2152 396 2182 tu,
415 2145 544 2183 Domine,
559 2152 655 2174 terram
670 2146 805 2182 fundasti,

302 2195 327 2217 et
348 2199 429 2227 opera
459 2200 588 2219 manuum
616 2197 723 2218 tuarum
746 2198 807 2219 sunt

299 2233 368 2261 caeli.
386 2240 443 2262 XII.
461 2239 507 2263 21.
521 2245 546 2263 c.

134 2277 247 2306 13.7.8.
266 2276 311 2305 Ad
339 2288 420 2315 quem
450 2278 606 2317 angelorum
644 2277 713 2306 dixit
747 2289 806 2307 um-

296 2321 463 2358 quamPetc.
480 2328 539 2351 VII.
558 2327 622 2350 729.
642 2334 668 2350 Α.

200 2363 248 2393 14.
265 2364 360 2393 Nonne
380 2376 471 2394 omncs
500 2372 562 2394 sunt
586 2365 806 2395 administratorii

296 2408 430 2447 spiritus?
444 2416 503 2438 XII.
514 2414 561 2438 73.
576 2420 605 2438 n.
623 2414 687 2438 199.
702 2420 729 2438 n.

59 2451 95 2482 2.
260 2453 430 2490 Exponitur
442 2454 476 2481 T.
495 2460 552 2482 XII.
568 2457 669 2482 [εί-76.

194 2496 240 2525 14.
257 2496 392 2531 Quoniam
406 2507 468 2525 vero
483 2497 557 2536 pneri
574 2496 805 2535 participaverunt

297 2539 370 2568 carni
398 2547 423 2568 et
450 2540 574 2579 sanguini
586 2564 593 2577 ‚
627 2540 750 2569 similiter
778 2548 805 2569 et

298 2584 356 2622 ipse
370 2584 542 2624 participavit
556 2585 650 2614 iisdem
665 2585 739 2624 ipsis.
755 2591 800 2614 III.

301 2632 364 2656 279.
385 2639 409 2657 13.
424 2635 482 2657 XII.
498 2633 544 2658 72.
561 2640 584 2657 Β.

219 2676 290 2696 rom.
317 2678 384 2696 xitt.
417 2673 442 2696 2.

873 754 935 772 ew.
980 752 1060 771 vens.

871 787 905 817 2.
1005 788 1051 817 16.
1072 786 1131 815 Non
1145 787 1252 825 angelos
1267 788 1457 826 apprehendit,
1469 790 1513 818 sed
1529 802 1616 820 senten

1108 830 1235 859 Abrabae.
1250 838 1297 860 XI.
1315 836 1360 860 23.
1375 842 1401 862 C.

952 875 1050 904 16.17.
1067 874 1177 904 Nom...
1197 873 1268 903 unde
1280 874 1374 904 debuit
1396 886 1443 914 pet·
1457 878 1545 906 omnia
1562 879 1617 907 sra-

1108 918 1194 946 trihus
1214 918 1370 947 assimilari.
1393 926 1413 947 I.
1437 925 1502 951 609.
1522 932 1547 950 Ε.
1568 929 1613 951 III.

1106 966 1171 990 279.
1186 973 1211 990 Β.
1230 969 1276 991 lv.
1292 968 1357 992 679.
1373 974 1400 991 E.

1004 1007 1050 1035 18.
1068 1006 1127 1044 lpse
1140 1013 1264 1035 tentatus.
1283 1013 1400 1036 X11.79.
1415 1020 1441 1036 A.

869 1048 902 1078 5.
1066 1050 1182 1077 Partim
1213 1052 1370 1088 exponitur
1385 1052 1419 1080 T.
1435 1059 1494 1082 XII.
1513 1058 1547 1082 77
1567 1060 1613 1084 91.

1027 1094 1055 1122 3.
1074 1092 1220 1131 Amplioris
1244 1094 1315 1122 enim
1352 1095 1445 1133 gloriae
1468 1096 1512 1124 hic
1533 1108 1613 1135 quam

1104 1137 1211 1175 Moyses
1222 1136 1348 1175 dignatus
1365 1146 1413 1167 est.
1429 1145 1484 1168 VII.
1500 1145 1564 1169 469.
1584 1153 1611 1170 ε.

987 1181 1047 1209 5-6.
1066 1179 1101 1207 Et
1112 1180 1220 1218 Moyses
1234 1181 1342 1218 quidem
1356 1182 1442 1211 fidelis
1454 1183 1480 1211 in
1495 1191 1547 1213 tota
1563 1185 1615 1214 do-

1105 1234 1148 1251 mo
1175 1234 1270 1253 sua....
1287 1225 1410 1254 Christus
1432 1234 1520 1256 autem
1542 1235 1611 1258 tam-

1103 1278 1183 1305 quam
1198 1268 1284 1297 Filius
1306 1279 1386 1308 super
1400 1270 1511 1300 domum
1523 1283 1609 1302 suam.

1108 1319 1153 1341 XI.
1172 1322 1198 1340 F.

1019 1358 1047 1384 8.
1066 1356 1106 1384 Ne
1119 1355 1269 1384 obduretur
1285 1357 1345 1394 quis
1362 1368 1395 1386 ex
1407 1359 1484 1387 vobis
1506 1360 1611 1390 fallacia

1102 1400 1213 1438 peccati,
1232 1407 1302 1429 vnl-
1317 1406 1382 1429 372.
1400 1412 1427 1429 iz.

1000 1445 1046 1472 12.
1067 1443 1105 1471 Ne
1113 1443 1181 1471 forte
1190 1443 1259 1472 sitin
1271 1444 1361 1481 aliquo
1375 1451 1493 1474 vestrum
1502 1457 1547 1476 cor
1558 1459 1611 1477 ma-

1104 1487 1158 1515 lum
1178 1487 1355 1517 infidelitatis.
1370 1495 1430 1517 XII.
1448 1494 1473 1518 6.
1488 1500 1514 1519 Ε.

1000 1533 1046 1561 13.
1061 1530 1113 1559 Sed
1135 1529 1315 1560 adhortamini
1343 1533 1528 1572 vosmetipsos.
1547 1543 1605 1566 XII.

1104 1578 1150 1604 95.
1166 1586 1191 1604 Α.

1000 1621 1044 1647 Ib.
1061 1618 1164 1648 Sed....
1177 1629 1225 1657 per
1239 1620 1360 1659 singulos
1375 1620 1442 1658 dies,
1459 1621 1543 1651 donec
1563 1623 1608 1652 ho-

1101 1663 1146 1692 die
1156 1663 1370 1701 cognominatur.
1387 1671 1444 1694 XII.
1462 1671 1523 1694 400.
1544 1678 1566 1695 n.

997 1707 1043 1736 14.
1061 1707 1208 1746 Participes
1218 1707 1320 1736 Christi
1331 1708 1418 1736 effecti
1431 1720 1534 1738 sumus.
1546 1717 1605 1740 XII.

1104 1757 1149 1780 96.
1166 1762 1193 1780 c.

998 1798 1043 1826 17.
1063 1798 1187 1832 Quorum
1202 1795 1331 1824 cadavera
1350 1803 1479 1834 prostrata
1502 1805 1563 1826 sunt
1579 1799 1604 1827 in

1103 1839 1216 1868 deserto.
1230 1847 1290 1868 XII.
1304 1844 1349 1868 94.
1366 1851 1393 1867 n.

864 1884 897 1914 4.
1060 1885 1228 1922 Εηιοηίιιιι·
1241 1884 1275 1912 Τ.
1296 1891 1355 1914 XII.
1373 1890 1488 1913 91-107.

1017 1928 1044 1957 4.
1061 1927 1207 1965 Requievit
1230 1927 1264 1955 ab
1288 1928 1413 1966 operibus
1439 1929 1504 1958 suis.
1530 1937 1598 1960 VIII.

1102 1975 1166 2000 242.
1180 1981 1207 1999 c.

997 2020 1043 2046 10.
1062 2016 1198 2053 Ingressus
1212 2014 1283 2042 enim
1292 2014 1318 2042 in
1328 2015 1445 2053 requiem
1454 2026 1540 2054 suam,
1551 2028 1605 2046 ces-

1101 2059 1170 2087 savit
1182 2070 1195 2086 a
1211 2059 1266 2087 suis
1281 2059 1407 2097 operibus
1420 2059 1489 2089 sicut
1501 2061 1574 2091 Deus
1588 2074 1603 2090 a

1101 2103 1230 2142 propriis.
1246 2110 1291 2131 XI.
1307 2107 1370 2131 204.
1385 2114 1410 2132 c.

997 2149 1042 2176 12.
1061 2146 1149 2176 Vivus
1172 2153 1210 2175 est
1226 2146 1295 2174 enim
1311 2157 1396 2175 sermo
1413 2148 1478 2184 Dei,
1499 2156 1523 2177 et
1545 2151 1603 2179 effi.

1102 2200 1167 2225 cax,
1180 2196 1203 2218 et
1220 2190 1410 2228 penetrabilior
1425 2193 1497 2221 omni
1512 2194 1602 2232 gladio

1102 2233 1223 2272 ancipiti.
1247 2240 1291 2263 VI.
1323 2239 1387 2262 521.
1410 2246 1434 2263 c.
1462 2243 1508 2266 XI.
1536 2243 1600 2267 207.

1101 2284 1158 2305 XII.
1173 2281 1236 2304 559.
1250 2287 1275 2304 C.

1001 2322 1045 2349 lb.
1064 2319 1263 2358 Cogitationum
1282 2319 1426 2358 discretor,
1440 2330 1465 2352 et
1483 2324 1604 2355 intentio-

1101 2374 1166 2392 num
1176 2363 1272 2402 judex.
1288 2371 1322 2394 ΙΙ.
1340 2369 1403 2393 360.
1420 2374 1465 2396 XI.
1484 2373 1546 2396 295.
1564 2380 1589 2400 r..

998 2410 1043 2438 13.
1060 2407 1158 2436 Omnia
1175 2413 1264 2435 autem
1288 2414 1352 2435 sunt
1371 2409 1442 2437 nuda
1458 2418 1482 2438 et
1503 2415 1603 2451 resupi-

1101 2457 1160 2479 nata
1185 2450 1269 2479 oculis
1291 2451 1356 2489 ejus.
1375 2459 1405 2480 v.
1426 2458 1472 2482 78.
1494 2467 1519 2482 A.
1542 2463 1599 2487 VII,

1099 2498 1163 2522 642.

999 2538 1045 2568 14.
1062 2537 1196 2567 Habentes
1219 2536 1371 2575 pontificem
1397 2550 1539 2580 magnum,
1556 2546 1601 2582 qui

1101 2581 1250 2621 penetravit
1277 2582 1354 2611 caelos
1368 2606 1375 2618 ‚
1412 2585 1513 2614 Jesum.
1554 2595 1599 2618 III.

1099 2630 1160 2654 932.
1176 2638 1202 2655 Α.
1215 2630 1277 2654 93⁷1.
1293 2637 1320 2654 D.

1334 2670 1341 2694 l
1354 2670 1362 2694 1
