1884 2922
217 242 285 278 560

256 316 368 355 Μεγάλη
381 316 460 347 ὄντως
474 318 490 350 ἡ
506 314 593 345 πίστις
609 314 653 341 τοῦ
668 311 797 351 Ἀῧροιάμ,
812 312 839 341 in
856 312 906 351 Ep.
923 311 956 340 ad

215 362 297 391 Hebr,
314 362 393 390 Hom.
411 362 459 391 25.
477 367 494 389 t.
512 362 557 388 12.
573 369 601 398 p.
617 360 685 388 226.

255 408 380 445 Μεγάλης
394 407 488 444 βουλῆς
503 405 610 442 ἅγγελος
624 402 728 442 λέγεται
741 405 754 432 ὁ
765 403 828 439 υἱός,
841 403 868 432 ἰι]
881 403 960 433 Joan.

215 454 295 482 Hom.
313 456 359 484 81.
376 459 394 480 t.
410 453 438 479 8.
452 461 478 489 p.
495 451 563 480 477.

254 499 366 536 Μεγάλη
395 499 442 531 τῆς
472 495 584 533 ἀθυμίας
613 496 629 529 ἡ
658 495 780 534 τυραννίς
792 518 800 532 ‚
824 496 851 524 in
877 495 958 524 Joan.

215 544 294 573 Hom.
314 544 361 573 78.
378 549 396 571 t.
413 543 440 571 8.
456 553 483 581 p.
502 541 570 572 458.

254 589 365 628 Μεγάλη
384 590 430 623 τῆς
446 588 490 616 ἐπὶ
503 588 546 616 τὸν
568 587 665 626 Κύριον
687 588 792 620 ἐλπίδος
805 590 822 623 ἡ
840 588 958 625 δύναμις,

214 635 240 663 in
256 635 359 665 Psalm.
376 638 425 665 10.
443 641 460 662 t.
478 637 505 665 5.
520 645 546 673 p.
572 636 636 664 113.

253 681 365 720 Μεγάλη
382 683 429 715 τ’ῆς
443 680 513 712 θείας
531 681 637 719 Γραφῆς
661 679 768 718 δύναμις
783 680 842 715 καί,
858 679 884 708 in
904 681 959 709 Ge-

213 728 299 756 nesim
313 727 394 757 Hom.
407 729 455 757 37.
472 732 492 755 t.
508 726 535 755 4.
552 737 580 765 p.
598 728 666 756 372.

253 773 366 811 Μεγάλη
384 774 431 806 τῆς
445 771 505 810 περὶ
519 771 579 804 τοὺς
595 771 700 804 δούλους
725 774 770 800 τοῦ
790 774 859 801 Θεοῦ
877 775 958 811 Οερα-

213 819 300 852 πείας,
314 819 342 846 in
357 819 435 848 Joan.
453 817 533 848 Hom.
550 820 597 847 72.
614 824 633 846 t.
652 817 680 847 8.
695 828 721 856 p.
734 818 802 847 422.

255 864 386 903 Μεγάλων
398 866 467 902 ἡμᾶς
483 862 634 902 μυστηρίων
651 863 824 900 κατηξίωσεν,
838 863 864 892 in
879 865 957 895 Joan,

216 911 296 940 Hom.
315 912 361 940 26.
373 917 393 939 t.
413 911 439 940 8.
454 921 484 949 p.
501 910 568 940 148.

254 957 332 995 Μέγα
349 957 395 994 μὲν
412 958 428 990 ἡ
443 957 531 988 πίστις
553 955 597 984 καὶ
621 955 759 995 σωτήριον,
774 956 799 984 in
819 955 904 995 Epist.
924 955 958 985 ad

217 1003 298 1032 Hebr.
314 1004 395 1032 Hom.
413 1005 439 1031 7.
453 1009 472 1030 t.
487 1004 532 1031 12.
549 1013 577 1041 p.
592 1004 639 1032 70.

256 1049 333 1088 Μέγα
355 1049 435 1077 ὅπλον
460 1048 539 1086 εὐχὴ,
556 1047 684 1086 θησαυρὸς
707 1047 958 1084 ἇνελλιπής,οτηη-

211 1096 278 1125 dum
303 1105 359 1124 esse
378 1105 438 1123 cum
455 1094 555 1122 dolore.
571 1094 620 1122 Est
651 1093 831 1132 fragmentum
858 1094 956 1133 spuria}

212 1141 330 1170 homiliae
344 1141 482 1169 omissum.

252 1187 330 1225 Μέγα
353 1189 400 1220 τῆς
422 1187 508 1225 ψυχῆς
525 1186 626 1224 ἐφόδιον
641 1187 676 1218 εἷς
692 1185 823 1224 σωτηρίαν
836 1208 842 1220 ,
859 1185 887 1214 in
912 1186 956 1214 Si-

215 1233 328 1272 gnacula
353 1232 494 1260 librorum.
510 1232 559 1260 Est
581 1230 730 1266 severiani,
746 1238 763 1259 t.
779 1233 815 1260 12
842 1241 870 1270 p.
886 1231 954 1261 403.

253 1280 331 1318 Μέγα
345 1279 375 1307 τὸ
390 1282 433 1307 τοῦ
447 1278 594 1307 ἀποστόλου
611 1277 715 1315 ἀξίωμα
726 1273 769 1314 ἧν,
782 1277 810 1306 in
824 1277 875 1316 Ep.
893 1281 905 1307 1
922 1279 956 1306 ad

213 1325 332 1355 Timoth.
349 1326 427 1354 Hom.
445 1328 471 1353 1.
485 1331 505 1352 t.
522 1327 567 1353 11.
584 1335 611 1363 p.
629 1323 697 1353 548.

251 1371 329 1410 Μέγα
353 1372 404 1399 τῶν
422 1370 496 1399 osium
524 1371 636 1409 Γραρῶν
661 1368 690 1398 τὸ
710 1369 817 1409 κέρδος,
837 1369 862 1398 in
878 1371 956 1400 Joan.

212 1417 290 1446 Hom.
307 1419 355 1447 37.
372 1423 389 1446 t.
406 1418 432 1446 8.
446 1427 471 1455 p.
484 1418 550 1445 211.

252 1462 384 1502 Μέγιστόν
398 1464 454 1491 ἐστι
467 1462 649 1491 διδασκαλεῖον
662 1461 692 1490 τὸ
705 1463 751 1495 τῆς
763 1463 848 1498 ξηιλ,
865 1462 891 1491 in
906 1463 957 1490 La-

211 1519 302 1537 zarum
317 1515 342 1536 et
357 1507 488 1542 Divitem,
505 1514 525 1537 1.
544 1510 561 1538 8
584 1509 613 1535 in
632 1508 751 1545 Spuriis,
766 1518 792 1546 p.
812 1511 877 1538 113,

247 1556 346 1585 Μέλλει
374 1556 520 1594 διηγεῖσθαι
536 1555 568 1583 τὰ
594 1555 662 1583 κατὰ
681 1555 817 1591 Ἀνανίαν,
840 1556 866 1584 in
892 1557 957 1584 Ac1a

213 1603 306 1641 Aposi.
318 1603 397 1631 Hom.
414 1605 459 1631 12.
473 1608 491 1630 t.
503 1603 532 1630 9.
549 1613 575 1641 Ρ.
591 1604 639 1632 96.

252 1649 352 1678 Μέλλει
371 1649 449 1677 πάλιν
466 1649 549 1677 αὐτῶν
570 1648 751 1677 καθάπτεσθαι
772 1650 955 1688 σφοδρότερον,

211 1694 238 1722 in
254 1695 304 1733 Ep.
320 1694 354 1722 ad
371 1695 450 1723 Rom.
468 1694 546 1723 Hom.
564 1697 606 1723 17.
621 1701 638 1723 t.
654 1695 682 1724 9.
696 1706 723 1734 p.
741 1697 808 1724 621.

251 1740 400 1773 Μέλλοντος
411 1762 418 1775 ,
433 1740 582 1778 ἀγαπητοὶ,
602 1744 647 1769 τοῦ
663 1743 749 1769 κοινοῦ
776 1742 909 1780 Σωτῆρος,
929 1741 956 1770 in

212 1785 291 1820 illud,
307 1787 390 1815 Exiit
405 1786 541 1821 edictum,
555 1792 574 1814 t.
589 1788 616 1815 2.
632 1797 658 1825 p.
675 1787 742 1822 800,
760 1786 772 1798 *
785 1789 895 1825 spuria.

252 1831 363 1861 Μέλλων
387 1831 521 1869 ἐμὸαίνειν
546 1833 581 1864 εἷς
595 1831 655 1864 τοὺς
681 1831 802 1867 οἰκείους,
821 1832 847 1860 in
873 1833 921 1871 Ep.
938 1834 956 1861 2

212 1877 246 1905 ad
261 1877 383 1906 Corinth.
398 1877 476 1906 Hom.
495 1880 541 1908 23.
558 1884 576 1906 t.
596 1881 644 1908 10.
660 1889 686 1917 p.
702 1878 768 1908 594.

252 1924 364 1953 Μέλλων
381 1924 498 1952 κατιέναι
514 1926 549 1957 εἷς
563 1925 605 1953 τὸν
618 1926 677 1964 περὶ
693 1927 739 1958 τῆς
755 1925 900 1959 ἐπισκοπῆς
912 1924 955 1952 λό-

211 1982 265 2008 γον,
289 1970 315 1998 in
344 1971 397 2009 Ep.
426 1974 438 1999 1
469 1970 503 1998 ad
527 1970 648 1999 Timolh.
681 1971 757 1999 nom.
787 1974 832 2001 10.
862 1978 879 1999 t.
906 1975 951 2000 11.

212 2027 237 2054 p.
252 2017 321 2047 598.

249 2062 362 2091 Μέλλων
378 2063 391 2090 ὃ
409 2061 492 2101 ἱερεὺς
516 2062 564 2097 τὴν
589 2061 659 2091 θείαν
686 2063 831 2098 ἐπιτελεῖν,
848 2061 954 2090 initium

210 2107 338 2146 Liturgiae
350 2131 358 2143 ‚
373 2109 385 2122 *
395 2108 588 2148 Chrysostomo
609 2108 676 2137 falso
691 2108 850 2147 adscriptae,
865 2115 886 2138 t.
908 2111 954 2138 12.

210 2164 237 2192 p.
254 2156 323 2183 776.

250 2201 326 2230 Μετὰ
365 2201 499 2240 ἀκριὲείας
530 2201 613 2242 τούτῳ
642 2202 758 2241 μάλιστα
788 2214 866 2242 προσ.
883 2224 890 2237 ,
927 2202 953 2230 in

213 2244 312 2273 Psalm.
331 2245 394 2274 144.
412 2252 429 2273 t.
447 2247 476 2274 5.
496 2256 522 2284 p.
540 2246 606 2275 466.

251 2290 386 2319 Μετάνοιά
400 2293 456 2320 ἐστι
479 2291 548 2331 ξίφος
573 2291 829 2332 οὐρανοχάλκευτον,
845 2293 879 2321 de
894 2292 954 2321 Poe-

212 2337 334 2373 nitentia,
347 2342 446 2376 spuria
460 2346 486 2367 et
503 2341 620 2378 rejecta.

252 2383 328 2412 Μετὰ
348 2383 395 2418 τὴν
414 2384 543 2424 ἀνάληψιν
564 2388 609 2414 τοῦ
631 2386 745 2423 Κυρίου,
762 2386 787 2414 in
805 2386 952 2415 secundum

214 2429 368 2457 Adventum
396 2430 523 2465 Domini,
538 2438 555 2459 t.
575 2435 620 2460 10.
632 2443 657 2470 p.
672 2434 738 2462 831.
751 2433 765 2447 *
781 2433 828 2461 Est
842 2433 952 2462 Eusebii

214 2475 399 2505 Alexandrini.
411 2477 447 2505 V.
465 2476 547 2505 Thilo
560 2477 594 2505 de
608 2478 707 2506 Euaeb.
726 2489 752 2517 p.
772 2478 819 2508 34.

252 2521 329 2550 Μετὰ
343 2523 372 2551 τὸ
391 2522 490 2561 γράψαι
505 2523 552 2557 τὴν
567 2523 696 2562 προτέραν
711 2524 852 2559 ἐπιστολήν
863 2545 870 2559 ,
881 2524 952 2553 Dio-

216 2568 285 2606 geni,
300 2578 341 2607 ep.
357 2571 403 2597 51.
416 2575 435 2596 t.
448 2571 476 2598 3.
487 2579 513 2607 p.
528 2570 596 2598 620.

252 2615 272 2652 †
300 2615 377 2644 Μετὰ
396 2615 438 2643 τὸν
462 2615 576 2643 Μωϋσέα
595 2615 697 2644 καὶτὸν
710 2615 801 2645 τούτου
816 2617 952 2656 διάδοχον,

216 2662 240 2690 in
258 2660 355 2689 psalm.
370 2660 536 2697 Protlworia,
548 2667 566 2690 t.
585 2662 612 2689 5.
631 2672 656 2700 p.
673 2662 740 2691 539.

703 252 727 273 S.
759 250 898 274 JoANle
925 249 1106 274 CHRYSOST.
1135 249 1271 273 OPERUM

1053 311 1129 342 Μετὰ
1143 312 1172 341 τὸ
1187 312 1284 346 ξενίσαι
1299 311 1357 344 τοὺς
1373 312 1468 352 ἄνδρας
1478 335 1485 347 ,
1497 312 1640 352 ἐξέρχεται,
1654 312 1679 341 in
1692 314 1755 341 Am

1014 360 1108 398 Apost.
1125 358 1225 387 Homil.
1239 360 1285 388 23.
1302 365 1322 389 t.
1339 359 1368 388 9.
1383 369 1410 397 p.
1424 358 1490 387 184.

1053 405 1129 434 Μετὰ
1145 407 1196 433 τῶν
1213 405 1299 433 ἄλλων
1312 407 1400 433 κακῶν
1416 405 1463 433 οὐκ
1477 400 1551 441 οἶδα,
1565 405 1591 434 in
1611 406 1664 444 Ep.
1684 408 1695 434 l
1721 405 1755 433 ad

1012 451 1136 480 Corinth.
1152 451 1230 480 Hom.
1248 454 1293 481 11.
1306 457 1325 479 t.
1343 454 1385 480 10.
1399 461 1425 489 p.
1441 451 1488 479 87.

1054 496 1131 526 Μετὰ
1142 499 1193 525 τῶν
1209 496 1394 536 ἀνεπιγράφων
1407 496 1452 525 καὶ
1464 492 1549 533 οὗτος,
1559 497 1586 525 in
1596 496 1695 526 PsaIm.
1703 497 1754 530 96,

1013 543 1132 580 spuria,
1150 548 1167 570 t.
1185 545 1211 571 5.
1229 553 1257 580 p.
1272 544 1342 572 791.

1054 587 1131 616 Μετὰ
1145 588 1196 615 τῶν
1212 588 1309 616 δούλων
1319 590 1332 616 ὁ
1344 587 1496 623 Δεσπότης,
1511 589 1578 625 μετὰ
1590 590 1641 617 τῶν
1654 590 1756 623 ὗπευθ.,

1013 633 1041 661 in
1058 633 1158 662 Matth.
1177 633 1256 662 Hom.
1271 635 1318 663 12.
1332 640 1353 663 t.
1371 636 1400 662 7.
1416 644 1443 672 p.
1459 635 1523 664 160.

1056 679 1134 708 Μετὰ
1150 680 1230 719 gadem,
1250 681 1301 708 τῶν
1323 680 1406 718 λόγων
1423 680 1560 718 ἀκούωμεν
1575 684 1620 709 τοῦ
1632 682 1714 712 Θεοῦ.
1728 680 1755 709 in

1014 725 1068 765 Ep.
1087 726 1120 754 ad
1142 725 1223 755 Hebr.
1239 726 1317 755 Hom.
1336 730 1382 756 10.
1398 733 1418 755 t.
1438 729 1484 755 12.
1497 737 1525 765 p.
1543 728 1609 756 102.

1053 773 1099 807 Μὴ
1113 773 1164 812 γὰρ
1176 772 1282 805 ἑαυτοὺς
1295 772 1492 811 ἠλευθερώσατε
1506 772 1546 800 ὅτι
1557 773 1648 809 πάλιν,
1660 772 1686 801 in
1699 772 1753 812 Ep.

1013 819 1048 847 ad
1063 820 1173 848 Galam>-
1188 830 1246 858 cap.
1265 820 1293 848 5.
1311 826 1332 847 t.
1351 822 1397 849 10.
1413 830 1441 858 Ρ.
1460 821 1529 848 712.

1053 866 1155 901 Μηδεὶς
1176 868 1243 904 ὁρῶν
1265 865 1394 904 πονηροὺς
1412 867 1619 903 εὖπραγοῧντας,
1634 866 1673 893 Ne
1694 871 1755 893 lur-

1015 911 1112 940 Lemur
1138 910 1258 940 videntes
1286 911 1345 950 pios
1371 910 1440 939 mala
1469 911 1509 938 uti
1536 911 1658 947 fortuna,
1679 910 1757 939 Eclo-

1013 967 1046 996 ga
1065 957 1110 986 42.
1127 964 1147 987 t.
1166 960 1211 986 12.
1227 968 1254 997 p.
1272 959 1341 988 739.

1053 1002 1145 1038 Μηδὲν
1161 1005 1228 1041 ὑμᾶς
1239 1004 1355 1032 λυπείτω
1370 1003 1399 1032 τὸ
1412 1005 1460 1038 τῆς
1472 1005 1582 1043 σχολῆς,
1592 1003 1753 1043 Euthymio,

1013 1059 1055 1088 ep.
1071 1051 1139 1079 218.
1155 1055 1174 1078 t.
1190 1052 1218 1079 3.
1236 1060 1264 1088 p.
1278 1052 1345 1079 720.

1053 1096 1144 1131 Μηδὲν
1156 1098 1223 1134 ὑμᾶς
1235 1096 1388 1135 ταραττέτω
1399 1098 1450 1124 τῶν
1461 1095 1669 1134 συμὲᾳινόντων,
1678 1095 1757 1124 Chal-

1012 1141 1089 1169 cidiae
1105 1148 1130 1169 et
1147 1142 1318 1180 Asyncrissae,
1335 1152 1376 1180 ep.
1390 1142 1438 1171 29.
1458 1148 1478 1170 t.
1494 1144 1521 1171 3.
1534 1152 1561 1180 p.
1577 1143 1645 1170 (311.

1054 1187 1196 1221 Μηδέποτε
1205 1187 1460 1225 καταλιμπάνωμεν,
1472 1187 1668 1225 ἀγαπητοὶ,τ·’ἤς
1681 1199 1756 1223 corr„

1013 1233 1039 1261 in
1063 1234 1242 1262 Publicanum
1265 1240 1291 1261 et
1311 1233 1485 1262 Pharisaeum.
1508 1233 1557 1261 Est
1576 1232 1755 1270 fragmentum

1013 1279 1137 1307 Homiliae
1154 1282 1171 1308 5
1187 1279 1221 1307 de
1232 1278 1512 1318 Incomprchensibili.

1057 1324 1103 1360 Μὴ
1119 1324 1203 1362 κάμνε
1216 1326 1300 1360 ζητῶν
1321 1325 1464 1364 ἀπολογίαν
1478 1327 1522 1353 τοῦ
1539 1324 1651 1364 ταχέως,
1662 1324 1754 1354 Theo-

1012 1369 1078 1398 doro
1092 1370 1211 1405 Lectori,
1228 1381 1269 1410 ep.
1287 1372 1353 1400 136.
1369 1377 1389 1399 t.
1406 1372 1433 1400 3.
1447 1381 1474 1410 p.
1489 1370 1556 1401 6⁶30.

1053 1417 1098 1452 Μὴ
1115 1418 1252 1454 πενθῶμεν
1265 1419 1382 1456 πικρῶς,
1403 1416 1593 1455 ἀγαπητοί,ἆε
1609 1417 1695 1445 Luem
1710 1417 1757 1445 fu-

1012 1462 1100 1498 nebri,
1117 1461 1216 1501 Euloga
1233 1462 1279 1492 45.
1293 1470 1313 1491 t.
1331 1465 1375 1492 12.
1388 1473 1415 1501 p.
1431 1464 1499 1492 760.

1054 1509 1098 1544 Μὴ
1117 1508 1168 1547 πρὸ
1190 1512 1282 1548 καιροῦ
1295 1531 1302 1544 ,
1315 1509 1342 1537 in
1366 1508 1451 1543 illud,
1468 1510 1513 1538 Ne
1530 1510 1669 1548 judicetis
1686 1516 1757 1538 ante

1011 1561 1122 1594 tempus
1132 1569 1142 1589 ;
1157 1557 1257 1593 spuria
1275 1562 1301 1583 et
1316 1556 1432 1593 rejecta.

1051 1602 1097 1637 Μὴ
1113 1602 1197 1639 κάμνε
1218 1603 1302 1635 ζητῶν
1324 1601 1469 1639 ἀπολογίαν
1485 1603 1531 1636 τῆς
1552 1607 1669 1642 μακρᾶς,
1685 1601 1754 1631 Her—

1011 1648 1093 1682 culio,
1107 1658 1150 1687 ep.
1168 1650 1234 1677 201.
1252 1654 1271 1677 t.
1289 1649 1316 1677 3.
1332 1658 1360 1686 p.
1378 1649 1446 1676 712.

1050 1699 1126 1733 Μήτε
1141 1698 1248 1735 ἀθύμει,
1264 1698 1331 1735 μήτε
1350 1697 1491 1738 ἁμαρτίαις
1503 1698 1622 1737 λογίζου,
1635 1698 1757 1735 Malcho,

1010 1754 1051 1783 cp.
1067 1747 1114 1773 71.
1129 1750 1148 1772 t.
1160 1746 1186 1774 3.
1202 1755 1229 1782 p.
1247 1745 1313 1773 632.

1051 1797 1149 1835 Μήτηρ
1164 1796 1283 1830 εὐταξίας
1306 1796 1457 1833 ἀκολουθία,
1472 1797 1542 1836 ὄψιν,
1563 1796 1598 1826 de
1612 1796 1753 1826 Sacrificio

1011 1842 1099 1876 Caini,
1116 1845 1216 1881 spuria
1228 1864 1236 1879 ,
1254 1849 1274 1870 t.
1292 1845 1336 1871 11.
1355 1853 1380 1881 p.
1397 1844 1463 1872 792.

1051 1893 1096 1928 Μὴ
1117 1895 1163 1928 τῆς
1188 1893 1256 1921 κατὰ
1271 1892 1357 1932 ψυχὴν
1377 1893 1470 1932 ἀρετ-’ῆς
1485 1894 1640 1931 ἀμελῶμεν,
1657 1891 1690 1921 de
1704 1893 1755 1922 Ju-

1011 1939 1165 1977 rejurando,
1180 1938 1281 1977 Ecloga
1294 1939 1341 1967 28.
1358 1945 1376 1966 t.
1395 1941 1440 1967 12.
1458 1949 1486 1978 p.
1504 1939 1572 1969 640.

1054 1990 1126 2018 Μίαν
1144 1990 1240 2028 ἔχουσα
1253 1991 1269 2024 ἠ
1282 1989 1355 2026 πηγὴ
1368 1993 1412 2018 τοῦ
1429 1990 1522 2022 ὕδατος
1540 1990 1603 2025 τήν,
1626 1989 1652 2017 in
1670 1989 1751 2025 illud,

1012 2036 1207 2074 Quoecztmque
1232 2036 1393 2075 ligaveritis
1413 2046 1509 2074 super,
1531 2043 1582 2064 etc.
1597 2057 1605 2072 ‚
1629 2039 1747 2074 spuria,

1006 2088 1026 2110 t.
1046 2083 1073 2110 9.
1089 2094 1116 2121 Ρ.
1132 2082 1200 2111 845.

1051 2133 1121 2161 Μίαν
1136 2134 1204 2169 ὑμᾶς
1228 2131 1345 2163 ἅπαντας
1367 2132 1474 2166 αἷτῆσαι
1498 2130 1628 2169 βούλομαι
1653 2133 1752 2172 χάριν,

1008 2178 1035 2207 in
1050 2178 1280 2208 Joan.H0m.11.
1300 2184 1318 2206 t.
1338 2178 1367 2205 8.
1384 2188 1413 2216 Ρ.
1430 2178 1479 2206 62.

1044 2231 1118 2260 Μίαν
1134 2234 1195 2268 ὑμῖν
1213 2229 1349 2268 διελέχθην
1368 2229 1469 2267 ἡμέραν
1485 2229 1530 2257 καὶ
1546 2229 1599 2258 ἀπὸ
1612 2232 1669 2267 τῆς,
1684 2241 1750 2260 con-

1009 2283 1047 2304 tra
1065 2277 1205 2303 Anomoeos
1221 2274 1298 2301 Hom.
1314 2276 1359 2302 ll.
1373 2280 1393 2301 t.
1408 2276 1435 2302 1.
1452 2283 1477 2312 p.
1494 2273 1561 2302 541.

1043 2325 1114 2354 Μίαν
1129 2326 1202 2362 ὑμῶν
1218 2324 1378 2363 ἀπελείφθην
1389 2324 1502 2362 ἡμέραν,
1514 2324 1558 2352 καὶ
1572 2326 1618 2361 ὡς,
1630 2325 1657 2353 in
1672 2325 1752 2361 illud,

1007 2372 1161 2412 Insaciem
1179 2371 1265 2398 Petro
1281 2371 1385 2402 restiti,
1399 2376 1419 2398 t.
1436 2372 1464 2400 3.
1479 2381 1505 2408 p.
1521 2372 1589 2400 362.

1049 2420 1172 2458 Μιμητοιί
1193 2433 1242 2458 μου
1256 2420 1372 2458 γίνεσθε,
1390 2420 1469 2459 φησὶν
1483 2422 1496 2448 ὁ
1513 2421 1634 2456 Παῦλος,
1649 2422 1750 2458 καθώς,

1006 2468 1033 2496 in
1048 2468 1126 2496 Joan.
1137 2467 1217 2494 Hom.
1232 2469 1280 2497 70.
1297 2473 1317 2494 t.
1332 2469 1359 2496 8.
1373 2477 1399 2506 p.
1413 2466 1481 2496 412.

1047 2518 1130 2550 Μόλις
1150 2517 1213 2546 πότε
1235 2516 1430 2554 ἀνεπνεύσαμεν
1455 2517 1490 2550 εἷς
1508 2515 1556 2552 τὴν
1583 2517 1749 2554 Κουκουσόν,

1006 2563 1176 2603 Olympiadi,
1190 2574 1232 2602 ep.
1254 2565 1300 2593 13.
1319 2569 1339 2591 t.
1354 2565 1381 2593 3.
1398 2574 1422 2602 Ρ.
1438 2563 1506 2592 592.

1046 2615 1129 2647 Μόλις
1148 2614 1211 2643 πότε
1233 2614 1263 2643 τὸ
1288 2613 1356 2642 κατὰ
1378 2612 1421 2641 τὸν
1436 2612 1528 2646 Ὀζίαν
1545 2614 1750 2654 διεπλεύσαμεν,

1007 2662 1033 2690 in
1047 2660 1200 2700 Seraphim,
1213 2667 1231 2689 t.
1244 2662 1271 2689 6.
1288 2670 1314 2699 p.
1331 2661 1396 2690 137.
