1849 2927
814 216 996 241 PRAEFATIO.
1037 209 1040 216 ’
1655 213 1698 234 xx·

141 286 179 314 uti
190 284 320 322 Georgius
335 281 531 311 Alexandrinus
546 287 570 309 et
581 280 692 309 Pimtius
722 280 892 320 scripserunt.
912 278 941 307 si
956 288 1018 307 vero
1034 275 1172 305 Palladius
1184 275 1312 304 dicendus
1327 281 1364 303 est
1377 274 1516 314 opiscopus
1530 274 1701 313 Helenopoli-

142 341 232 368 tanus‚
243 331 384 359 dicendum
398 340 502 368 quoque
512 328 577 357 milti
587 327 737 363 videretur,
761 338 794 356 ex
808 326 965 366 llelcnopoli
977 324 1134 354 translatum
1149 323 1229 351 fuisse
1245 324 1262 350 A
1269 333 1393 361 sponani,
1406 329 1484 360 atque
1499 322 1524 349 in
1539 321 1596 359 ejus
1612 321 1699 348 locum

141 379 282 408 suffectum
299 387 354 406 esse
368 375 520 405 Palladium
533 375 662 409 alterum,
682 375 729 413 qui
754 376 867 403 Romam
887 373 985 402 missus
1000 371 1079 400 suerit
1096 382 1110 399 a
1127 371 1228 401 Joannc
1242 369 1277 398 ad
1291 371 1392 408 Papam
1407 368 1592 397 Innocentium
1606 379 1610 394 :
1628 367 1703 405 isque

141 431 233 453 auctor
250 423 299 452 erit
310 422 435 451 Historiae
450 421 600 457 Lausiacae,
616 428 641 449 ct
660 420 810 459 discipulus
823 419 945 458 Evagrii.
961 419 1045 447 Porro
1055 416 1207 446 Palladium
1220 427 1254 444 ex
1269 415 1426 454 Helenopoli
1441 415 1600 443 translatum
1618 415 1703 452 Aspo-

142 480 203 498 nam
211 492 218 505 ,
230 468 312 497 t'radit
327 469 460 503 Socrates;
472 474 607 495 auctorem
631 477 694 495 vero
708 466 809 505 dialogi
823 465 977 504 episcopatu
989 463 1111 500 cessisse,
1123 473 1156 491 ex
1174 462 1285 501 Georgii
1296 462 1384 490 verbis
1397 462 1521 500 superius
1537 460 1625 489 relatis
1639 470 1703 487 cor.-

142 514 242 543 ficitur.
254 514 310 542 Hac
322 513 423 541 ratione
436 512 481 541 via
495 511 672 551 praecluditur
685 511 778 540 multis
797 510 974 551 ambagibus,
986 520 1053 548 quas
1069 509 1145 537 aliter
1159 508 1272 537 evadere
1285 508 1376 537 nullus
1390 508 1482 547 possit.
1495 507 1522 536 Si
1537 506 1604 545 quid
1615 513 1701 534 tamen

143 561 239 589 rationi
252 567 331 598 atque
346 559 477 588 historicae
497 559 600 587 veritati
616 558 701 597 magis
722 564 930 587 consentaneum
949 557 1009 595 quis
1023 557 1142 585 attulerit
1161 556 1188 584 in
1204 555 1335 593 medium,
1356 555 1506 584 nullatenus
1527 553 1681 593 repugnabo
1696 564 1701 580 :

143 607 263 646 quinimo
280 605 412 644 quidquid
432 605 500 634 illud
517 606 580 640 crit,
603 605 734 633 ambabus
755 605 827 633 ulnis
839 604 910 632 ultro
922 603 1065 642 excipiam.
1081 603 1133 632 Sed
1145 603 1211 632 dum
1223 603 1256 632 de
1267 603 1397 642 scriptore
1407 602 1488 641 hujus
1501 601 1602 639 dialogi
1618 599 1704 628 fusius

143 653 267 689 edissero,
284 662 358 692 paene
369 651 434 680 mihi
445 651 581 680 exciderat
592 651 665 689 loqui
681 651 714 680 de
724 650 880 686 Theod0r0;
896 660 975 687 quem
987 649 1069 687 aliqui
1083 656 1215 678 auctorem
1231 649 1371 688 perhibent
1383 648 1463 687 hujus
1478 646 1596 685 dialogi,
1612 645 1658 673 scd
1669 645 1703 673 le<
1719 674 1724 677 μ

143 701 169 728 vi
184 710 292 740 prorsus
310 706 476 738 argumento.
487 699 658 733 Theodorus,
675 698 813 736 inquiunt,
834 696 996 736 compellans
1011 697 1166 736 episcopum
1176 720 1183 733 ‚
1197 707 1223 725 se
1238 695 1383 734 aliquando
1395 696 1462 724 sorte
1476 690 1511 723 de
1526 694 1607 723 rebus
1620 693 1704 721 sancti

143 747 328 786 Chrysostomi
341 747 505 786 scripturum
520 747 566 775 ait.
579 746 647 782 Quis
662 746 866 784 dialogistarum
881 755 980 773 morem
996 755 1047 773 non
1059 744 1261 779 animadvertit,
1275 744 1339 782 qui,
1357 750 1386 772 ut
1403 743 1445 771 vel
1461 743 1572 771 minima
1590 752 1703 780 quaeque

142 795 176 823 ab
189 794 375 823 interlocutore
391 794 522 833 expiscari
534 793 651 833 possint,
662 793 748 822 varias
760 793 912 823 sciscitandi
925 794 1040 821 rationes
1052 792 1302 824 comminiscuntur,
1318 798 1397 829 atque
1412 791 1481 818 hant·
1496 790 1522 818 in
1535 789 1641 828 primis,
1655 795 1701 816 aut

142 842 208 870 alias
219 841 339 870 similes?
350 841 405 877 Qui
419 840 486 869 hanc
498 841 674 880 suscipionem
690 840 769 879 primi
788 840 973 879 protulerunt,
986 849 1155 877 nequaquam
1166 838 1346 873 attenderunt,
1364 837 1470 877 opinor,
1487 836 1577 865 omnia
1589 836 1703 865 ἀσύστα-

143 900 188 923 τα,
201 899 260 926 quae
276 887 356 916 modo
365 888 467 923 notavi,
484 898 498 916 a
514 887 634 916 Palladio
652 898 703 916 non
723 888 870 927 depellere,
885 887 929 916 cui
941 893 1029 916 tamen
1042 887 1081 915 rei
1093 887 1230 926 praecipue
1243 885 1391 915 cavendum
1404 885 1464 914 fuit.
1484 883 1589 913 Deinde
1604 883 1703 912 saciant

144 935 211 963 mihi
229 935 304 971 satis,
320 935 341 963 si
354 935 469 973 possint,
487 941 512 963 et
531 934 658 973 quaerenti
676 934 866 974 respondeant,
881 945 962 973 quare
974 934 1144 971 Theodorus,
1162 935 1288 963 Romanae
1306 933 1429 962 Ecclesiae
1450 931 1590 966 diaconus,
1608 930 1704 959 Latine

144 992 194 1010 non
206 981 356 1020 scripserit;
372 989 429 1016 aut,
442 981 463 1010 si
474 982 568 1011 Latine
580 982 695 1021 scripsit,
709 988 738 1010 ut
750 992 801 1011 non
809 982 909 1011 nemini
920 982 1008 1012 visum
1017 989 1067 1018 est,
1081 992 1162 1020 quare
1174 982 1224 1010 hoc
1240 992 1308 1020 opus
1319 981 1457 1018 hucusque
1470 979 1574 1008 Latinis
1586 977 1702 1007 auribus

144 1028 294 1057 inauditum
308 1029 397 1058 fuerit.
411 1028 463 1058 Sed
478 1029 558 1058 missa
575 1029 624 1058 ista
633 1029 760 1059 faciamus
771 1051 778 1065 ,
793 1040 851 1067 quae
863 1030 935 1058 omni
950 1029 1051 1058 ratione
1065 1036 1146 1067 atque
1158 1028 1292 1068 probabili
1307 1028 1460 1067 conjectura
1472 1033 1569 1056 carent.
1588 1038 1601 1051 n

460 1227 528 1267 DE
553 1226 679 1268 VITA
706 1225 743 1268 S.
772 1225 998 1269 JOANNIS
1023 1224 1401 1269 CHRYSOSTOMI

731 1338 753 1363 A
775 1335 881 1364 NOBIS
904 1336 1116 1364 ADORNATA.

182 1493 257 1522 Nihil
272 1494 356 1532 magis
374 1501 555 1533 opportunum
569 1494 604 1524 ad
618 1496 711 1525 Vitam
725 1497 752 1524 S.
769 1497 812 1525 Jo.
826 1495 1012 1535 Chrysostomi
1036 1502 1158 1524 accurate
1175 1495 1404 1533 concinnandam,
1422 1506 1502 1534 quam
1527 1497 1584 1535 ejus
1605 1505 1684 1535 opera
1697 1518 1704 1529 ,

144 1542 190 1570 uhi
206 1542 343 1570 innumera
357 1553 433 1581 poene
451 1549 593 1571 occurrunt
615 1543 649 1571 ab
663 1543 723 1572 aliis
737 1543 912 1583 scriptoribus
930 1553 981 1572 non
1007 1550 1160 1572 memorata.
1181 1543 1317 1571 Palladius
1341 1554 1445 1582 quoque
1472 1543 1497 1571 in
1522 1543 1635 1581 Dialogo
1655 1554 1703 1571 suo

143 1589 269 1618 historico
283 1600 334 1618 non
348 1600 431 1629 pauca
446 1590 617 1630 suppeditat,
630 1602 688 1629 quae
704 1592 770 1620 alibi
783 1592 881 1620 trustra
897 1601 1036 1629 quaereres.
1052 1591 1100 1620 His
1113 1591 1229 1621 addendi
1245 1592 1366 1620 Socrates
1379 1615 1385 1627 ‚
1399 1592 1562 1620 Sozomenus
1577 1599 1601 1620 et
1616 1592 1704 1619 Theo-

143 1635 266 1673 doretus,
279 1648 379 1666 necnon
391 1638 504 1667 Photius
518 1639 589 1668 circa
598 1650 626 1668 ea
642 1639 759 1668 maxime
769 1662 776 1675 ‚
790 1650 850 1678 quae
860 1638 894 1668 ad
908 1639 1048 1679 Synodum
1059 1639 1086 1668 in
1098 1641 1206 1676 Quercu
1221 1640 1363 1679 pertinent.
1377 1640 1494 1669 Aliunde
1506 1640 1569 1668 item
1579 1639 1702 1677 quaedam

144 1682 179 1710 ad
192 1683 262 1711 idem
274 1690 459 1721 argumentum
468 1686 612 1724 spectantia
623 1686 756 1726 expiscari
768 1697 917 1726 possumus.
927 1686 964 1714 Iis
975 1696 1040 1714 usus
1054 1686 1207 1715 auctoribus
1219 1687 1312 1716 Vitam
1325 1687 1381 1725 ejus
1397 1686 1503 1715 Gallico
1517 1686 1625 1724 vulgari
1638 1685 1703 1714 idio-

145 1736 214 1757 mate
223 1730 329 1768 scripsit
340 1730 512 1759 Hermantius
522 1753 531 1767 ‚
542 1738 621 1770 atque
630 1742 720 1761 omnes
733 1733 865 1761 inferioris
879 1732 930 1761 aevi
941 1732 1084 1772 scriptores
1097 1755 1103 1770 ,
1116 1733 1163 1771 qui
1175 1733 1267 1762 Vitam
1283 1733 1470 1772 Chrysostomi
1483 1733 1681 1762 adornaverant
1695 1755 1702 1767 ,

144 1777 310 1804 accuratione
321 1783 346 1804 et
357 1776 496 1815 diligentia
512 1777 590 1817 longe
601 1779 746 1818 superavit.
760 1780 822 1808 Post
836 1779 915 1808 illum
930 1790 991 1808 vero
1006 1780 1050 1809 vir
1063 1780 1099 1808 cl.
1113 1779 1186 1808 omni
1201 1780 1357 1819 exceptione
1376 1781 1461 1820 major
1471 1803 1478 1816 ‚
1492 1780 1683 1809 Tillcmontius
1693 1802 1701 1817 ,

145 1828 174 1849 ut
185 1821 299 1851 aliorum
312 1822 397 1851 vitam
408 1830 559 1853 sanctorum
575 1835 680 1854 summo
694 1826 782 1855 studio
792 1833 818 1855 et
830 1826 920 1855 labore
934 1826 1076 1866 descripsit
1089 1850 1096 1863 ,
1111 1827 1148 1855 ita
1164 1827 1191 1855 in
1209 1828 1275 1855 tanti
1290 1827 1407 1856 doctoris
1429 1827 1484 1856 vita
1498 1827 1569 1855 nihil
1586 1827 1703 1866 neglexit

144 1877 236 1919 eorum
245 1891 252 1904 ‚
264 1879 324 1906 quae
339 1868 366 1897 in
377 1869 533 1909 hujusmodi
548 1881 626 1910 opere
637 1872 739 1911 aliquid
752 1880 858 1912 possent
868 1873 964 1902 afferre
979 1873 1116 1902 momenti.
1134 1873 1164 1902 Si
1177 1873 1244 1912 quid
1256 1884 1320 1902 vero
1334 1874 1504 1902 difficultatis
1521 1875 1549 1903 in
1563 1875 1621 1913 ejus
1634 1874 1703 1902 resc—

146 1914 234 1943 rendis
245 1915 324 1967 gestis
341 1924 478 1953 occurrat,
499 1917 525 1946 in
546 1919 616 1947 notis
630 1921 684 1947 suis
699 1919 733 1948 ad
747 1920 845 1948 calcem
859 1920 923 1948 libri
938 1920 1031 1959 positis
1046 1920 1135 1948 omnia
1157 1920 1310 1949 minutatim
1331 1921 1474 1960 explanat,
1500 1931 1533 1949 ne
1553 1921 1702 1959 quidquam

146 1969 345 2013 praetermifflsse
359 1964 492 1993 videatur.
513 1966 569 1994 Hoc
582 1966 716 2006 praecipue
732 1967 859 2007 scriptore
876 1978 941 1996 usus
957 1979 1033 2006 snm,
1053 1979 1114 1996 cum
1135 1969 1253 1996 maxime
1268 1968 1309 1996 vel
1323 1968 1411 2005 dicta,
1437 1968 1478 1997 vel
1493 1975 1565 2007 gesta
1577 1968 1701 2007 Chryso-

144 2014 222 2059 stomi
236 2008 339 2060 aliquid
356 2021 409 2048 prae
423 2021 450 2039 se
464 2012 552 2040 ferunt
566 2013 736 2042 obscuritatis
746 2036 754 2051 ,
770 2014 841 2052 quod
855 2025 917 2043 sane
928 2014 1087 2054 plerumque
1101 2014 1198 2042 accidit
1211 2026 1216 2042 :
1232 2014 1367 2052 fateorque
1377 2021 1463 2043 tamen
1475 2025 1517 2043 me
1532 2025 1584 2043 non
1599 2025 1703 2054 semper

144 2060 210 2082 tanti
222 2057 438 2085 vmsentcntiam
454 2058 611 2096 amplexum
629 2069 701 2087 esse:
716 2060 742 2088 in
756 2061 893 2090 nonnullis
905 2062 984 2089 etiam
1000 2061 1078 2089 illum
1089 2072 1103 2089 a
1119 2067 1188 2089 recta
1200 2062 1243 2089 via
1254 2061 1400 2090 declinasse
1415 2062 1540 2101 comperi.
1550 2064 1619 2091 Cum
1631 2063 1701 2092 enim

144 2101 224 2140 longe
234 2101 295 2153 plus
309 2103 436 2141 temporis
450 2103 477 2131 in
491 2104 624 2142 legendis,
644 2106 738 2134 Latine
752 2107 900 2143 vertendis,
914 2107 1087 2147 explorandis
1105 2108 1290 2147 Chrysostomi
1303 2108 1428 2147 operibus
1440 2131 1447 2144 ,
1467 2119 1548 2146 quam
1569 2109 1624 2146 ille,
1640 2119 1701 2138 con-

141 2158 282 2200 sumserlm
297 2170 305 2185 ,
316 2148 438 2187 quaedam
450 2149 625 2188 deprehendi,
638 2151 665 2180 in
676 2153 774 2189 quibus
784 2153 830 2182 ille
843 2154 887 2183 vel
902 2155 929 2182 in
944 2154 1071 2193 temporis
1088 2155 1287 2194 supputatione,
1305 2155 1348 2183 vel
1362 2154 1389 2183 in
1404 2165 1493 2183 rerum
1510 2162 1642 2194 gestarum
1657 2167 1702 2184 ra-

141 2202 211 2224 tione
218 2218 226 2232 ,
247 2206 263 2224 a
280 2203 352 2225 recto
375 2197 481 2225 tramite
497 2197 660 2227 deflexerat:
679 2209 761 2238 eaque
773 2200 806 2229 de
819 2211 846 2229 re
862 2201 988 2230 lectorem
1007 2202 1166 2240 quandoque
1179 2202 1287 2239 monui,
1303 2212 1364 2230 cum
1381 2212 1410 2230 ea
1425 2209 1531 2239 tamen,
1550 2213 1609 2241 quae
1629 2210 1700 2233 tanto

141 2243 198 2271 viro
211 2243 338 2279 debetur,
354 2244 532 2274 observantia.

179 2289 287 2344 Quia-in
303 2291 353 2319 hac
367 2299 498 2330 postrema
510 2293 696 2333 Chrysostomi
708 2295 829 2334 Operum
844 2296 1000 2326 collectione
1011 2297 1077 2326 hene
1090 2297 1174 2326 multa
1186 2304 1262 2332 sunt,
1280 2307 1338 2335 quae
1352 2307 1502 2336 numquam
1516 2298 1603 2327 lucem
1617 2299 1697 2329 vide-

140 2345 197 2366 rant
208 2350 217 2375 3
228 2339 290 2367 hinc
301 2339 380 2390 etiam
397 2350 449 2368 non
470 2352 553 2380 pauca
568 2343 694 2372 hactenus
714 2344 804 2381 ignota
832 2345 866 2372 ad
882 2345 966 2373 vitam
982 2345 1048 2374 tanti
1065 2345 1180 2374 doctoris
1194 2346 1353 2385 pertinentia
1366 2346 1548 2385 decerpsimus
1559 2369 1567 2383 ,
1583 2349 1700 2377 maxime

138 2394 202 2412 vero
212 2395 246 2413 ex
255 2385 377 2414 undecim
387 2386 441 2415 illis
450 2387 575 2417 Homiliis
586 2391 662 2419 novis
677 2391 703 2418 in
717 2391 804 2419 Tomo
816 2391 977 2420 duodecimo
988 2392 1072 2429 cusis,
1087 2402 1144 2430 qua:
1154 2391 1189 2420 ad
1202 2392 1342 2421 historiam
1356 2393 1430 2422 illius
1445 2394 1572 2433 temporis
1584 2395 1699 2424 multum

137 2433 290 2485 conterunt,
306 2433 432 2463 videlicet
444 2446 458 2463 a
473 2443 606 2475 postrema
623 2446 698 2478 parte
720 2440 782 2467 anni
801 2439 861 2469 598
878 2451 963 2478 usque
976 2440 1011 2469 ad
1026 2440 1171 2469 dimidium
1187 2440 1248 2469 anni
1269 2441 1403 2479 sequentis
1417 2442 1476 2471 599
1491 2454 1497 2472 :
1513 2441 1547 2471 de
1561 2453 1614 2480 quo
1629 2450 1698 2472 tem-

134 2490 206 2518 poris
220 2487 305 2519 spano
316 2482 342 2509 in
356 2482 399 2510 his
411 2483 528 2513 homiliis
537 2485 659 2524 quaedam
672 2487 822 2516 referuntur
840 2488 907 2516 scitu
925 2488 1082 2527 dignissima
1098 2496 1122 2518 ct
1137 2489 1248 2518 antchac
1270 2490 1360 2528 ignota
1373 2513 1379 2526 ,
1395 2501 1455 2529 quoe
1468 2490 1539 2530 apud
1553 2491 1620 2520 alios
1633 2492 1698 2520 scri—

133 2534 220 2578 ptores
229 2529 328 2580 frustra
339 2539 478 2567 quaerereS.
495 2533 557 2562 Haec
571 2535 659 2563 omnia
676 2535 702 2563 in
715 2546 743 2563 ea
758 2546 839 2574 quam
851 2535 946 2564 damus
957 2537 1039 2566 sancti
1051 2536 1168 2567 doctoris
1183 2537 1247 2567 Vita
1259 2545 1395 2575 accurate,
1405 2545 1535 2577 quantum
1548 2539 1694 2578 potuimus,

134 2581 233 2613 scripto
249 2583 402 2614 consignata
416 2579 544 2616 reperies.

621 2655 648 2658 a
654 2644 888 2661 *Fa—dwen
886 2646 887 2649 ¹
897 2644 911 2661 u«
917 2645 932 2662 ς,
938 2646 950 2661 ο
958 2647 1112 2660 ὼ,
1113 2655 1192 2659 ὴ-
