1950 2922
111 1155 252 1175 Constantius

113 1186 227 1214 presbyter
242 1192 252 1204 a

112 1217 240 1245 Chrys-›sto-

113 1255 148 1267 niu
161 1255 237 1267 missus

112 1283 213 1300 vexatur.

267 212 335 234 202
727 209 756 232 S·

264 280 358 308 scerat,
379 283 410 301 ne
424 272 494 301 ultra
516 278 590 301 curet
606 271 747 300 hortatur:
766 280 793 298 se
813 269 883 298 enim
899 269 1003 297 Teren-

264 320 332 349 tium
353 320 540 358 presbyterum
556 317 658 346 misisse
669 316 702 344 atl
718 315 855 349 Oti-cium,
872 314 1002 343 Arabissae

264 366 430 405 episcopum,
452 364 498 402 qui
515 364 614 391 multas
635 373 665 390 ac
687 361 797 390 minime
810 361 906 389 dubias
926 360 1000 389 Reli-

264 411 340 450 quias
356 411 479 444 babebat,
493 419 558 446 quas
573 408 664 448 paucis
677 415 765 447 postea
778 407 873 436 diebus
885 407 911 435 in
924 408 1002 436 Phoe—

264 457 360 485 niciam
375 457 424 495 ipsi
441 456 571 484 missurus
582 461 646 482 erat.

305 504 333 531 In
350 503 460 541 epistola
480 512 586 540 quoque
606 501 644 529 98
664 499 698 527 ad
716 499 845 527 Basiliam
862 499 1000 538 presbyte-

264 559 335 583 rum,
351 548 417 576 dicit
435 548 522 582 illum,
542 557 619 585 quem
635 546 669 574 de
683 546 749 574 facie
763 556 908 583 numquam
923 545 1001 574 vide-

263 601 312 629 rat‚
331 594 458 623 adversus
479 593 589 631 gentiles
606 592 748 628 decertare,
768 599 796 620 ut
814 603 856 620 cos
875 592 909 620 ad
929 593 1001 620 viam

263 639 383 668 veritatis
397 639 539 668 deduceret
552 651 558 668 ε
574 645 665 666 utrum
680 645 768 667 autem
782 639 808 666 in
824 637 960 666 Phoenicia
972 638 1002 666 id

262 692 360 724 ageret,
375 685 515 714 incertum.
533 685 611 714 Prior
631 684 670 712 illi
685 685 774 713 literas
789 684 861 712 misit
879 684 1001 724 Chryso-

263 739 382 767 stomus,
405 732 512 772 pietatis
533 731 618 770 ipsius
637 731 705 758 fama
726 737 884 765 commotus,
909 730 1003 758 horta-

264 785 361 816 turque
374 779 449 807 illum
464 785 493 806 ut
507 777 620 806 subinde
634 777 685 805 sibi
697 777 787 805 literas
802 777 900 806 mittat.

304 824 382 852 Dixit
394 835 475 863 supra
489 825 604 853 ,loannes
619 830 707 851 noster
718 823 745 851 in
761 822 839 861 epist.
853 821 885 850 ad
900 822 1004 851 Geron-

263 870 331 898 tium
347 871 396 903 54,
410 880 437 898 se
453 868 608 897 Constantio
625 868 781 908 presbytero
791 868 1003 903 commisisse,ut

263 914 359 953 iis‚qui
370 915 397 943 in
406 915 541 944 Pboenicia
552 914 693 952 gentilium
704 914 896 942 conversationi
905 913 1005 941 dabant

264 971 388 1000 operam,
420 961 546 1000 pecunias
566 959 673 988 abunde
692 959 885 999 suppeditaret.
913 961 1005 998 Neque

265 1007 381 1046 explicat
394 1007 431 1035 ibi
446 1018 498 1045 qua
510 1006 544 1035 de
557 1017 635 1035 causa
656 1006 838 1040 Constantius,
853 1006 900 1044 qui
916 1006 1004 1045 Chry-

265 1053 373 1081 sostomi
394 1053 471 1081 lateri
486 1053 614 1087 haerebat,
635 1053 661 1081 in
679 1053 737 1081 illas
752 1060 840 1092 partes
855 1053 904 1081 iter
919 1063 1006 1081 susce-

266 1100 333 1137 perit
349 1111 354 1126 :
370 1110 463 1128 verum
483 1100 508 1127 in
525 1099 601 1137 epist.
624 1101 662 1127 632
685 1099 773 1134 Casto,
798 1099 916 1133 Valerio,
934 1099 1004 1126 Dio-

265 1145 380 1185 phaut0‚
410 1152 435 1174 et
468 1145 598 1184 Cyriac0‚
623 1145 787 1184 presbyteris
811 1145 1003 1180 Antioclienis‚

266 1192 354 1231 ipsum
371 1191 536 1220 commendat
559 1197 588 1218 ut
608 1190 699 1228 inique
720 1197 847 1219 vexatum
867 1191 901 1218 ob
921 1190 1006 1228 quod-

266 1237 329 1266 darn
351 1238 473 1276 ignotum
499 1237 576 1265 nobis
599 1236 751 1274 negotium,
775 1243 951 1274 precaturque
977 1243 1005 1264 ut

266 1291 368 1320 curent,
392 1294 423 1311 ne
441 1283 493 1311 huc
514 1290 593 1320 atque
615 1282 680 1310 illuc
705 1282 918 1320 circumagatur,
941 1293 1006 1311 neve

266 1340 312 1369 per
325 1329 450 1368 judicum
466 1328 611 1356 tribunalia
625 1338 683 1356 eam
697 1327 732 1356 ob
747 1338 853 1356 causam
868 1328 1002 1357 distraba-

265 1381 309 1402 tur
324 1381 402 1412 atque
417 1374 558 1407 laceretur,
575 1373 609 1402 ob
627 1384 707 1411 quam
722 1384 782 1401 eum
798 1375 896 1410 ornari,
912 1385 942 1402 ac
956 1386 1007 1414 pu-

264 1421 335 1449 blico
351 1421 483 1459 praeconio
497 1420 624 1448 celebrari
637 1431 685 1458 par
700 1427 764 1449 erat.
778 1420 860 1449 Illum
875 1431 937 1450 vero
952 1423 1007 1450 Cu-

266 1478 329 1496 cuso
346 1467 380 1495 ad
398 1466 468 1495 illud
485 1467 584 1505 negotii
604 1467 739 1506 proficisci
757 1477 809 1495 non
833 1467 869 1495 ita
891 1478 1008 1496 necessa-

267 1513 338 1541 rium
354 1519 506 1552 putaverat,
530 1519 559 1540 ut
581 1512 608 1540 in
630 1512 708 1551 epist.
728 1513 766 1541 76
785 1512 819 1540 ad
840 1513 1008 1542 Cbalcidiam

267 1558 350 1593 dicit,
363 1565 387 1586 et
402 1558 522 1595 alioquin
538 1558 673 1586 metuebat
690 1568 722 1586 ne
743 1558 769 1586 in
782 1558 935 1587 Isaurorum
951 1570 1009 1587 ma-

267 1614 316 1632 nus
330 1604 468 1634 incideret.
481 1603 620 1633 Chalcidia
634 1614 698 1632 vero
710 1611 734 1631 et
748 1604 899 1643 Asyncritia
914 1605 940 1633 in
953 1616 1008 1644 par-

267 1656 320 1678 tem
342 1660 537 1685 aerumnarum,
557 1661 615 1688 quse
637 1651 790 1678 Constantio
814 1651 1008 1686 inferebantur,

267 1696 420 1730 veniebant,
437 1696 567 1733 illumque
589 1695 647 1724 dire
667 1703 793 1724 vexatum
820 1696 938 1725 videntes
958 1697 1009 1725 ad-

267 1741 378 1770 modum
395 1742 529 1771 dolebant.
551 1742 721 1781 Quapropter
736 1742 763 1770 in
783 1742 861 1781 epist.
885 1743 924 1771 O'O
938 1743 1009 1782 ipsas

269 1789 429 1823 consolatur.⁴

309 1834 395 1862 Isauri
410 1845 514 1873 semper
525 1834 583 1863 vias
598 1834 772 1872 regionesque
791 1834 891 1863 vicinas
903 1835 1010 1863 infesta-

269 1880 347 1916 bant;
365 1880 408 1909 sed
424 1880 519 1908 hiemis
534 1887 652 1919 tempore
666 1880 812 1917 aliquando
826 1881 920 1909 saltem
935 1893 1009 1910 recc-

270 1933 347 1966 ptum
368 1926 493 1954 habuisse
512 1925 648 1954 dicuntur.
669 1927 772 1954 Verum
792 1926 818 1954 in
834 1927 921 1955 hieme
943 1939 1011 1966 quo-

269 1984 320 2012 que
334 1973 478 2011 aliquando
492 1973 612 2012 erupisse
626 1973 715 2012 palam
730 1984 785 2001 esse
801 1973 908 2001 videtur
919 1985 953 2002 ex
965 1974 1008 2007 iis,

269 2030 328 2058 quse
348 2019 374 2047 in
395 2030 458 2047 mox
479 2019 658 2047 memorandis
681 2019 798 2058 epistolis
818 2027 906 2048 narrat
928 2022 1010 2050 Joan-

270 2076 315 2094 nes
331 2073 427 2094 noster.
446 2065 488 2094 Ad
506 2065 634 2104 Alpliium
650 2065 768 2094 scribens
782 2065 860 2104 epist.
874 2067 921 2101 55,
933 2066 1009 2101 dicit,

270 2123 297 2140 se
318 2112 356 2140 illi
379 2113 477 2151 saepius
496 2112 659 2150 scripturum
684 2112 778 2145 fuisse,
806 2112 856 2140 nisi
882 2113 966 2141 biems
987 2120 1012 2142 et

270 2158 428 2197 praedonum
447 2158 561 2197 impetus
574 2158 630 2186 vias
646 2157 752 2186 infestas
768 2158 900 2189 redderet.
916 2161 1012 2188 Narrat

271 2215 334 2232 vero
357 2204 487 2243 Alpliium
503 2204 620 2232 amicitia
634 2204 882 2242 conjunctissimum
900 2205 951 2233 sibi
965 2206 1013 2235 do-

272 2260 306 2278 na
322 2250 433 2285 misisse,
454 2250 499 2278 sed
519 2250 586 2278 nihil
605 2260 632 2278 se
650 2250 793 2288 recepisse;
810 2261 871 2278 cum
884 2251 955 2280 enim
967 2252 1013 2290 qui

272 2296 399 2324 afferebat
416 2303 486 2324 metu
502 2296 659 2334 preedonum
677 2296 771 2335 pedem
789 2297 910 2326 retulisse
928 2311 934 2326 ε
954 2309 1013 2327 mo-

273 2349 369 2379 netque
389 2341 465 2369 illum
488 2349 515 2369 ut
536 2352 550 2369 a
573 2342 710 2370 mittendis
732 2342 809 2370 donis
823 2343 969 2381 abstineat,
988 2355 1015 2373 se

274 2388 344 2416 enim
366 2387 513 2425 ingentium
533 2387 665 2415 donorum
684 2388 741 2416 loco
767 2389 825 2427 ejus
838 2390 968 2418 sinceram
990 2397 1015 2418 et

274 2433 409 2461 ardentem
425 2433 635 2461 benevolentiam
651 2434 758 2462 habere.
779 2435 881 2464 Eidem
894 2437 947 2464 fere
959 2437 1015 2476 ipsa

227 2496 263 2514 170
275 2479 347 2507 dixit
359 2479 384 2506 in
401 2489 443 2518 ep.
459 2480 498 2507 49
510 2479 544 2506 ad
560 2479 682 2507 eumdem
699 2480 839 2518 Alpliium,
856 2492 936 2519 quem
953 2482 1016 2510 lau-

275 2525 331 2560 dat,
348 2525 421 2563 quod
435 2535 489 2557 cos,
505 2525 550 2562 qui
566 2535 626 2552 cnm
642 2525 738 2563 pietate
754 2526 885 2563 virerent,
901 2538 1017 2556 recreare

276 2572 402 2606 studeret,
414 2571 567 2606 ἀναπαύειν,
586 2570 614 2599 id
633 2578 680 2608 cst,
696 2572 852 2600 muneribus
866 2575 922 2602 suis
937 2573 1016 2612 quie-

276 2625 328 2646 tem
342 2618 395 2646 illis
409 2617 560 2647 conciliare.

785 207 925 232 JOANNIS
952 205 1183 229 CHRYSOSTOMI
1211 206 1289 229 VITA
1296 221 1306 236 ,

1099 268 1227 296 Monachi
1245 267 1300 297 duo
1316 268 1448 297 Romulus
1467 274 1492 296 et
1507 268 1597 308 Byzus
1613 270 1639 298 in
1655 269 1800 298 solitudine

1059 313 1202 353 degebant,
1216 321 1241 343 ct
1257 315 1362 354 pietatis
1377 315 1446 342 sama
1458 314 1668 344 celebrabantur.
1686 316 1734 344 His
1750 316 1798 344 mi-

1059 360 1093 389 sit
1115 360 1323 399 Chrysostomus
1338 360 1477 400 epistolam
1497 361 1545 395 56,
1567 372 1618 399 qua
1636 372 1662 390 se
1680 372 1798 390 summo-

1060 416 1121 445 pere
1137 406 1284 444 efflagitare
1301 406 1376 442 dicit,
1398 413 1427 435 ut
1449 406 1500 445 ipsi
1524 407 1658 435 Cucusum
1680 409 1798 444 veniant,

1059 458 1089 480 ut
1102 458 1156 480 tam
1168 452 1307 491 religiosos
1322 452 1393 481 viros
1408 453 1472 492 ipsis
1484 453 1567 481 oculis
1579 453 1729 492 conspicere
1743 465 1800 493 pos-

1059 497 1104 526 sit.
1122 498 1193 532 Quia
1206 509 1271 528 vero
1286 506 1342 527 tum
1358 499 1392 527 ob
1407 499 1510 527 itineris
1525 499 1731 537 longitudinem,
1742 507 1799 528 tum

1059 543 1094 572 ob
1108 543 1204 573 hiemis
1222 551 1338 584 tempus,
1360 552 1416 573 tum
1437 545 1472 573 oh
1489 546 1641 573 Isaurorum
1657 552 1757 574 metum
1772 545 1801 574 id

1059 589 1170 618 minime
1185 591 1292 627 licebat,
1310 591 1394 619 literis
1412 602 1487 619 suam
1503 601 1563 629 erga
1581 601 1624 619 eos
1639 591 1801 620 benevolen-

1059 636 1124 664 tiam
1140 636 1226 665 voluit
1240 637 1385 673 testificari,
1403 637 1574 675 hortaturque
1586 637 1646 665 illos
1659 644 1688 665 ut
1698 637 1750 665 sibi
1763 647 1801 665 re-

1062 682 1179 710 scribant
1193 689 1217 710 et
1229 683 1262 711 de
1275 683 1360 711 salute
1372 694 1420 712 sua
1433 683 1571 711 certiorem
1583 694 1610 711 se
1624 683 1730 711 faciant.
1744 683 1802 722 Hy-

1062 728 1135 767 patio
1148 729 1226 757 etiam
1239 729 1393 768 presbytero
1408 729 1564 758 venerandae
1579 729 1662 758 aetatis
1673 729 1731 758 viro
1741 729 1802 758 scri-

1063 774 1116 812 psit
1130 774 1206 813 epist.
1226 776 1276 809 97,
1290 786 1342 813 qua
1360 775 1437 803 illum
1453 775 1480 803 in
1495 771 1620 803 aerumnis
1635 776 1798 804 consolatur.

1062 820 1116 850 Sed
1132 821 1279 859 longiorem
1298 821 1383 849 eidem
1403 821 1476 849 misit
1493 821 1569 860 epist.
1586 820 1654 856 180,
1677 828 1702 849 et
1721 832 1801 860 quem

1059 867 1116 906 jam
1136 867 1163 895 in
1186 868 1246 896 aliis
1261 867 1347 896 literis
1361 867 1528 903 laudaverat,
1549 867 1595 896 hic
1611 877 1717 906 quoque
1730 868 1802 896 cele-

1062 914 1132 951 brat,
1148 914 1221 952 quod
1242 914 1269 942 in
1284 920 1355 942 tanta
1371 920 1503 942 senectute
1518 914 1650 953 populum
1664 914 1803 953 religionis

1063 970 1140 989 causa
1155 967 1284 989 vexatum
1299 960 1399 988 foveret
1415 967 1439 988 et
1454 961 1624 989 confirmaret
1641 973 1647 988 ε
1663 971 1742 999 seque
1755 961 1802 990 di-

1063 1007 1099 1035 cit
1114 1007 1212 1046 saepius
1224 1006 1276 1045 ipsi
1298 1006 1460 1044 scripturum
1474 1006 1563 1042 fuisse,
1578 1006 1629 1034 nisi
1641 1013 1699 1034 tum
1711 1007 1802 1035 hiber-

1063 1062 1128 1080 num
1149 1058 1267 1091 tempus,
1292 1058 1349 1079 tum
1370 1051 1527 1089 praedonum
1548 1058 1634 1080 metus
1657 1051 1798 1081 obessent:

1062 1098 1237 1127 diaconorum
1258 1098 1339 1125 etiam
1365 1097 1475 1125 Eusebii
1498 1104 1524 1125 et
1547 1097 1731 1136 Lamprotati‚
1754 1098 1800 1135 qui

1062 1155 1242 1174 aerumnarum
1256 1144 1368 1183 Hypatii
1383 1150 1515 1172 consortes
1536 1150 1621 1178 erant,
1641 1144 1801 1172 mentionem

1061 1193 1135 1221 facit.
1161 1191 1268 1220 Danieli
1295 1200 1400 1228 quoque
1416 1189 1571 1228 presbytero
1597 1189 1705 1228 scripsit
1720 1190 1800 1228 epist.

1062 1240 1119 1266 199
1135 1250 1140 1264 t
1155 1248 1232 1276 quem
1247 1237 1338 1264 laudat
1350 1243 1375 1263 et
1387 1235 1532 1263 admodum
1545 1235 1663 1264 celebrat
1674 1246 1688 1263 a
1702 1236 1803 1275 patien-

1061 1284 1107 1319 tia,
1123 1282 1287 1317 fortitudine,
1302 1281 1426 1320 loquendi
1442 1281 1573 1317 libertate,
1588 1292 1667 1320 quam
1684 1292 1746 1310 cum
1761 1293 1803 1311 so-

1063 1331 1111 1360 ciis
1120 1331 1174 1359 suis
1185 1329 1310 1358 exhibere
1321 1339 1371 1357 non
1384 1328 1641 1367 desinebat‚sibique
1650 1329 1687 1357 ait
1702 1329 1728 1357 in
1740 1329 1805 1368 hye-

1063 1387 1106 1406 me
1127 1376 1243 1405 versanti
1262 1386 1292 1404 ac
1311 1375 1484 1415 praedonibus
1500 1383 1595 1403 vexato
1616 1376 1732 1404 scribere
1753 1386 1806 1405 non

1064 1423 1175 1451 desinat.

1105 1469 1161 1497 Hac
1174 1469 1243 1508 ipsa,
1264 1475 1293 1496 ut
1308 1474 1427 1507 putatur,
1438 1467 1534 1506 hyeme
1548 1467 1688 1505 epistolam
1702 1468 1802 1507 aceepit

1067 1515 1200 1544 Theodoti
1216 1515 1330 1549 diaconi,
1351 1515 1396 1552 qui
1414 1524 1585 1552 summopere
1599 1514 1678 1542 illum
1693 1514 1807 1543 invisere

1066 1567 1090 1589 et
1116 1561 1251 1589 Cucusum
1275 1559 1408 1599 proficisci
1430 1559 1568 1598 cupiebat,
1593 1560 1637 1588 sed
1661 1559 1807 1588 hibernum

1066 1613 1170 1645 tempus
1182 1614 1206 1635 et
1218 1606 1383 1645 negotiorum
1396 1605 1542 1634 difficultas
1553 1605 1743 1645 impedimento
1754 1607 1809 1635 fue·

1066 1660 1133 1680 rant.
1153 1653 1222 1682 Huic
1236 1653 1374 1692 epistolam
1394 1652 1440 1680 ille
1454 1651 1527 1680 misit
1548 1653 1596 1687 44,
1618 1658 1700 1690 utque
1715 1663 1809 1681 suase-

1066 1706 1106 1727 rat
1121 1700 1170 1738 ipsi
1181 1699 1350 1733 Theodotus,
1360 1697 1393 1726 ad
1404 1698 1536 1738 plurimos
1546 1698 1613 1726 alios
1623 1698 1729 1736 scripsit
1739 1710 1746 1734 3
1756 1709 1808 1727 non

1067 1753 1156 1773 autem
1178 1745 1211 1773 ad
1233 1745 1392 1780 Carteriam‚
1423 1754 1503 1781 qnam
1524 1744 1624 1772 caeteris
1649 1743 1810 1782 adjunxerat

1067 1790 1241 1825 Theodotus,
1263 1791 1326 1828 quia
1354 1801 1439 1829 nuper
1461 1790 1512 1829 ipsi
1533 1790 1621 1818 literas
1641 1790 1760 1825 miserat,
1784 1797 1810 1818 et

1069 1837 1132 1874 quia
1147 1837 1277 1865 didicerat
1294 1837 1366 1864 illam
1383 1837 1490 1875 longam
1511 1836 1600 1865 iniisse
1615 1836 1810 1875 peregrinatio-

1069 1894 1127 1912 nem
1139 1895 1146 1919 ;
1161 1890 1335 1922 precaturque
1345 1882 1516 1911 Theodotum
1528 1889 1557 1910 ut
1567 1882 1773 1911 Marcellianum
1784 1889 1811 1911 et

1070 1930 1177 1958 fratrem
1192 1929 1340 1962 conveniat,
1361 1936 1385 1957 et
1404 1939 1465 1956 cum
1480 1929 1533 1957 illis
1547 1935 1620 1967 agat,
1636 1934 1676 1963 ut,
1691 1928 1713 1956 si
1726 1938 1813 1966 quan-

1069 1975 1104 2004 do
1119 1975 1245 2004 Car-teria:
1261 1975 1387 2010 scribant,
1407 1986 1435 2003 se
1449 1974 1521 2014 apud
1541 1974 1615 2002 illam
1633 1981 1759 2013 purgent,
1781 1981 1811 2003 ut

1070 2022 1116 2059 qui
1130 2032 1179 2049 non
1195 2032 1241 2060 per
1253 2021 1440 2059 negligentiam
1456 2020 1578 2049 tacuerit.
1594 2020 1681 2058 Epist.
1697 2031 1760 2048 vero
1772 2021 1811 2049 45

1071 2067 1103 2095 ad
1119 2067 1271 2095 bassianam
1285 2067 1366 2102 misit,
1378 2077 1458 2104 quam
1469 2066 1557 2104 arguit
1571 2066 1643 2103 quod
1657 2066 1709 2094 sibi
1721 2066 1811 2095 literas

1071 2125 1121 2142 non
1139 2114 1236 2149 mittat,
1250 2113 1322 2150 quod
1340 2120 1426 2140 tamen
1440 2112 1516 2140 facile
1532 2112 1624 2151 possit,
1638 2122 1699 2140 cum
1716 2119 1810 2151 praesto

1070 2159 1167 2187 babeat
1180 2158 1352 2187 Theodotum
1364 2158 1519 2193 diaconum,
1533 2158 1578 2195 qui
1594 2157 1718 2186 mittendi
1731 2159 1811 2188 sacul=

1070 2213 1151 2234 tatem
1163 2205 1227 2234 dare
1238 2205 1329 2244 possit.

1112 2252 1167 2280 lloc
1187 2252 1243 2290 ipso
1259 2261 1328 2279 anno
1346 2251 1424 2289 epist.
1446 2250 1504 2279 448
1519 2250 1591 2279 misit
1612 2251 1645 2279 ad
1660 2251 1808 2290 episcopos,

1071 2296 1226 2336 Cyriacum,
1251 2295 1431 2329 Demetrium,
1457 2295 1627 2330 Palladium,
1650 2295 1807 2335 Eulysium,

1071 2343 1116 2381 qui
1133 2344 1245 2371 Romam
1261 2341 1444 2379 confugerant,
1459 2348 1484 2369 et
1496 2341 1529 2369 de
1542 2341 1639 2379 quibus
1657 2352 1722 2370 mox
1737 2352 1810 2370 men-

1071 2389 1107 2417 tio
1123 2389 1275 2417 habebitur.
1292 2388 1345 2415 llos
1359 2398 1421 2415 vero
1436 2387 1526 2415 beatos
1539 2394 1564 2415 ct
1576 2394 1615 2415 ter
1627 2388 1716 2416 beatos
1731 2386 1810 2423 dicit,

1071 2435 1106 2464 ob
1127 2435 1247 2468 sudores,
1266 2444 1407 2467 ferunmaS,
1428 2434 1533 2462 labores
1553 2441 1578 2461 ct
1599 2434 1729 2472 pericula,
1751 2443 1810 2471 quie.

1071 2492 1121 2520 pro
1138 2481 1262 2509 omnibus
1277 2480 1349 2508 orbis
1368 2480 1494 2508 Eeclesiis
1514 2480 1650 2508 subierant
1669 2492 1675 2508 :
1700 2491 1753 2518 qua
1775 2479 1811 2508 de

1072 2538 1151 2556 causa
1166 2527 1245 2555 etiam
1263 2527 1296 2554 ab
1312 2526 1444 2554 universis
1462 2536 1532 2554 sanae
1547 2527 1643 2554 mentis
1657 2525 1812 2554 hominibus

1072 2573 1283 2608 celebrabantur,
1300 2579 1324 2600 ct
1339 2572 1456 2611 amplam
1475 2583 1489 2600 a
1505 2573 1561 2600 Deo
1574 2571 1721 2600 mercedem
1735 2577 1811 2600 erant

1071 2619 1215 2658 accepturi.
1235 2619 1307 2648 Dicit
1323 2625 1411 2648 autem
1427 2618 1571 2658 Cyriacum
1591 2617 1745 2654 diaconum,
1765 2618 1812 2656 qui
