1910 2907
623 215 713 237 NUNC
738 212 870 237 PRIMUM
897 212 1098 236 ADORNATA.

96 281 161 311 olim
175 287 292 315 noverat,
303 277 507 319 011151013111184
518 276 785 316 scripsit,laudatque
797 275 836 304 il—

96 327 153 356 lum
163 337 177 355 a
191 326 336 355 constantia
345 332 370 354 et
379 323 536 354 fortitudine
549 330 629 361 atque
641 335 655 352 a
670 333 838 363 perseveran-

99 373 148 409 tia,
164 379 190 401 et
204 372 296 410 paucis
311 371 413 400 indicat
433 371 489 409 jam
501 370 534 399 de
548 381 638 398 rerum
661 380 763 398 summa
779 369 834 409 agi.

139 419 231 457 Legati
247 418 346 456 itaque,
362 417 490 446 AEmilius
510 416 654 446 Beneventi
679 417 838 455 episcopus,

99 464 266 504 Cythegius,
281 463 464 497 Gaudentius,
479 462 629 495 Marianus,
645 469 670 491 et
681 462 750 490 alius
763 463 840 501 cujus

98 521 194 538 nomen
209 520 364 549 expressum
378 520 429 538 non
443 508 510 543 fuit;
526 508 675 548 presbyteri
696 518 758 536 vero
778 509 840 536 Va-

98 556 259 584 lentinianus
273 563 298 584 et
312 555 464 584 Bonifacius
474 577 482 591 ,
498 561 523 582 ct
548 554 679 583 diaconus
695 564 780 587 unus,
797 563 840 581 ac-

100 603 183 641 ceptis
202 602 287 630 literis
302 601 413 630 Honorii
433 601 620 639 Imperatoris,
640 599 789 629 Innocentii
815 605 840 627 et

100 648 230 676 Italorum
256 647 456 686 episcoporum,
471 647 622 675 Cliromatii
642 645 839 684 Aquileiensis,

0 422 49 443 aad.
62 429 85 450 p.

0 453 38 475 33.

101 694 210 724 Venerii
225 693 432 722 mediolanensis
446 701 470 722 et
481 693 608 727 aliorum,
624 693 747 721 instructi
760 693 840 720 etiam

102 741 306 769 commonitorio
330 740 433 780 Synodi
455 740 655 776 Occidentalis,
675 740 758 768 Roma
779 749 842 778 pro-

101 787 163 816 fecti
178 794 238 815 sunt
254 797 305 814 una
322 797 383 815 cum
402 786 532 825 Cyriaco,
551 787 706 820 Demetrio,
723 784 842 814 Palladio

102 841 127 862 et
142 833 256 872 Eulysio
275 832 406 871 episcopis
420 832 602 861 Orientalibus
612 854 619 866 ,
632 831 679 870 qui
693 830 843 860 Constanti-

23 887 89 908 atlad.
102 880 249 920 nopolitani
268 879 373 908 dissidii
398 890 475 908 causa
502 881 617 908 Romam
641 884 777 907 venerant.
804 878 842 906 Ut

103 934 195 955 autem
208 937 241 954 ex
258 925 371 954 Palladii
395 925 475 954 dictis
497 925 634 963 liquidum
647 931 685 952 cst
697 948 704 960 ,
722 923 842 952 nondum

102 973 221 1001 sciebant
234 972 274 1000 illi
290 972 406 1000 Atticum
420 978 479 1010 post
500 971 603 999 Arsacii
617 977 730 999 mortem
753 969 842 998 sedem

103 1018 424 1056 Constantinopolitanam
439 1017 576 1046 invasisse.
592 1018 623 1045 Iu
639 1016 842 1045 commonitorio

0 1083 5 1110 ,1
103 1071 193 1093 autem
218 1063 398 1092 Occidentalis
421 1063 524 1102 Synodi
546 1063 699 1099 dicebatur,
714 1063 843 1092 Joannem

103 1110 129 1138 in
143 1109 278 1148 judicium
292 1109 416 1138 accedere
430 1120 481 1138 non
496 1109 607 1145 debere,
625 1109 676 1138 nisi
697 1109 772 1148 prius
793 1108 845 1148 ipsi

104 1156 224 1184 restituta
246 1155 337 1183 fuisset
349 1162 374 1183 et
385 1155 505 1184 Ecclesia
521 1163 547 1184 et
561 1158 734 1191 communio,
751 1167 846 1185 κοινω-

103 1202 160 1230 νίαι
171 1202 233 1240 jure
249 1212 362 1240 namque
374 1203 586 1239 conquerebatur
602 1203 656 1237 ille,
670 1203 742 1241 quod
758 1209 783 1231 et
797 1202 845 1230 ab·

104 1260 164 1278 sens
177 1257 201 1278 et
217 1250 317 1278 indicta
331 1261 408 1278 causa
422 1249 564 1278 damnatus
579 1251 680 1280 fuisset.

144 1297 295 1325 Conscensa
310 1296 394 1334 igitur
420 1296 481 1324 navi
507 1307 601 1325 versus
626 1296 760 1325 Graeciam
783 1297 845 1325 vela

18 1339 94 1389 ‘'simi‘'
106 1342 253 1376 dederunt,
268 1353 381 1380 cumque
396 1342 452 1381 jam
473 1353 556 1381 prope
572 1342 736 1371 Athenarum
756 1343 846 1371 littora

25 1401 71 1420 ium
106 1389 302 1428 pervenissent,
317 1399 331 1415 a
347 1388 455 1416 tribuno
466 1388 583 1426 quodam
594 1389 692 1417 detenti
707 1388 788 1424 suere,
800 1389 847 1427 qui

20 1431 94 1482 .u¹¹':ff¹⁰
106 1435 288 1463 centurionem
310 1434 365 1462 illis
387 1434 646 1473 adjunxit,jussum
671 1435 794 1463 cohibere
815 1446 848 1464 ne

105 1480 338 1515 Thessalonicam,
353 1491 406 1518 quo
422 1491 450 1509 se
463 1480 582 1508 conferre
596 1488 675 1518 atque
698 1482 800 1521 Anysio
814 1482 848 1510 li-

22 1535 93 1563 amp.
104 1533 173 1555 teras
195 1526 258 1554 dare
280 1526 423 1561 volebant,
444 1527 616 1565 appellerent.
642 1527 780 1566 Conjectos
798 1528 805 1556 i

25 1307 94 1335 {scopi

810 1539 848 1556 σι-

104 1581 150 1602 tur
164 1574 191 1602 in
208 1573 316 1611 navigia
330 1573 385 1601 duo
401 1573 511 1601 dimisit.
524 1574 665 1611 Ingruente
679 1581 767 1602 autem
781 1550 848 1603 vetan—

106 1627 132 1649 to
144 1619 310 1655 vehementi,
320 1619 432 1657 AEgeum
446 1629 519 1647 mare
531 1626 556 1648 et
570 1620 636 1648 freta
651 1620 707 1648 sine
719 1620 849 1655 cibodci-

105 1668 351 1706 ¹:01,trajeeerunt,
375 1674 400 1695 et
423 1667 506 1695 tertiae
531 1667 584 1695 diei
603 1667 668 1696 hora
688 1668 847 1697 duodecima

106 1712 355 1751 Constantinopolin
383 1713 511 1752 appulere
545 1724 629 1753 prope
663 1714 846 1743 suburbanum

106 1759 239 1789 Victoris.
256 1759 311 1788 Ubi
337 1759 431 1787 retenti
457 1760 491 1788 ab
515 1760 684 1788 exactoribus
704 1767 848 1799 portuum,

104 1807 181 1845 jussu
201 1805 342 1844 cujusdam
361 1805 413 1833 sibi
437 1805 538 1843 ignoti,
557 1813 627 1834 retro
650 1806 847 1842 discesserunt,

107 1858 132 1880 ct
146 1851 243 1879 inclusi
263 1851 336 1878 fuere
356 1850 383 1878 in
405 1861 465 1878 arce
477 1850 592 1889 quadam
606 1851 729 1881 Thraciae
744 1852 848 1880 mariti-

108 1907 166 1932 ma,
181 1897 224 1925 cui
239 1906 335 1924 nomen
350 1895 474 1935 Athyra;
489 1897 603 1926 Romani
619 1897 728 1935 quidem
753 1898 779 1926 in
794 1908 848 1926 una

107 1943 288 1979 domuncula,
301 1942 321 1970 ii
344 1949 432 1970 autem
453 1942 499 1980 qui
520 1953 580 1971 cum
601 1943 716 1982 Cyriaco
731 1951 806 1973 erant
821 1946 849 1973 in

108 1988 223 2017 diversis
243 1987 401 2026 separatim,
416 1987 525 2026 illicque
546 1990 637 2017 vexati
657 1996 738 2025 sunt,
761 1989 799 2018 ita
819 1997 850 2018 ut

107 2045 141 2063 ne
161 2034 278 2063 famulus
297 2033 406 2072 quidem
421 2041 518 2072 proesto
532 2041 613 2072 esset,
631 2035 677 2073 qui
690 2035 745 2064 illis
768 2036 850 2064 mini-

108 2087 212 2110 straret.

64 2149 70 2154 .
80 2133 96 2155 1.
148 2127 195 2155 Ait
210 2137 289 2165 porro
300 2126 461 2155 Sozomenus
473 2149 480 2163 ‚
492 2127 603 2156 Joannis
618 2127 785 2156 adversarios
798 2129 850 2156 Im-

109 2173 225 2213 peratori
238 2172 479 2206 Arcadi0‚credulo
495 2174 575 2202 nimis
589 2181 614 2202 et
629 2174 776 2208 imbecillo,
789 2185 850 2203 sua-

109 2220 184 2255 sisse,
194 2219 222 2247 id
234 2220 260 2247 in
272 2219 460 2248 contumeliam
471 2220 616 2248 Orientalis
626 2220 733 2259 Imperii
749 2221 848 2249 factum

109 2276 181 2299 esse;
195 2272 274 2302 atque
290 2265 352 2293 binc
372 2265 490 2293 evenisse
511 2272 539 2294 ut
561 2266 600 2293 illi
625 2277 687 2294 cum
701 2266 849 2304 ignominia

109 2312 323 2346 dimitterentur,
338 2313 452 2341 Joannes
472 2314 563 2341 ‘autem
583 2313 702 2351 longius,
715 2313 742 2341 in
769 2313 850 2352 oppi-

110 2358 175 2386 dum
190 2357 290 2385 scilicet
302 2357 455 2396 Pytiuntem
465 2381 473 2392 ‚
486 2359 680 2387 transferretur.

150 2406 175 2433 Α
200 2403 294 2442 legatis
312 2414 375 2431 vero
395 2404 523 2432 Romanis
538 2404 662 2443 petebant
677 2404 712 2440 ii,
725 2405 773 2442 qui
796 2411 851 2432 tam

111 2450 169 2478 dire
181 2450 241 2478 illos
257 2449 505 2484 vexabant,literas
519 2451 691 2489 Imperatoris
707 2457 732 2478 et
752 2450 852 2489 episco-

112 2508 216 2536 porum.
232 2495 437 2535 Responderunt
452 2495 506 2531 illi,
522 2507 549 2524 se
564 2497 668 2524 nonnisi
691 2496 852 2534 Imperatori

111 2543 163 2582 ipsi
176 2549 201 2571 et
213 2542 342 2580 episcopis
357 2552 433 2580 posse
451 2541 541 2570 literas
559 2542 619 2570 illas
634 2542 706 2570 dare.
723 2542 790 2570 Cum
806 2553 852 2570 ve-

112 2600 141 2617 ro
154 2589 323 2627 persisterent
333 2587 373 2615 illi
389 2595 526 2625 negantes,
538 2588 610 2617 venit
622 2589 709 2627 primo
721 2588 853 2617 Patricius

112 2635 245 2670 notarim,
259 2641 315 2663 tum
338 2634 383 2662 alii
400 2633 518 2672 idipsum
540 2641 673 2673 petentes,
691 2634 854 2672 demumque

41 2141 66 2186 ,ωε

1563 212 1630 248 207

893 276 1052 305 Valerianus
1067 274 1215 315 Cappadox
1234 285 1268 303 ex
1285 275 1404 304 militum
1421 284 1533 304 numero
1544 299 1551 311 ,
1567 275 1630 304 laeso
1645 283 1681 303 174

891 322 1009 351 Mariani
1023 320 1138 361 episcopi
1155 322 1266 361 pollice,
1283 323 1454 362 Imperatoris
1478 330 1503 352 et
1515 323 1631 352 aliorum

892 369 982 397 literas
994 369 1045 408 ipsi
1056 369 1176 398 abstulit.

932 415 1065 444 Postridie
1079 424 1166 445 autem
1179 417 1222 446 vel
1234 416 1315 445 aulici
1328 415 1511 455 Imperatoris,
1525 414 1567 443 vel
1578 414 1636 454 ipse

894 462 1008 496 Atticus,
1020 463 1148 491 miserunt
1160 463 1198 491 eis
1217 464 1262 501 qui
1278 464 1329 492 tria
1342 463 1427 492 millia
1441 462 1635 491 numismatum

893 508 1027 541 offerrent,
1041 509 1062 537 si
1078 520 1138 538 cum
1158 510 1245 538 Attico
1269 510 1466 538 communicare
1487 508 1599 543 vellent,
1612 515 1638 536 et

893 554 927 582 de
946 556 1055 584 Joannis
1076 555 1179 594 judicio
1195 563 1319 585 tacerent.
1342 556 1390 584 His
1406 555 1525 594 rejectis,
1541 554 1582 582 illi
1603 553 1638 582 ad

894 611 983 638 preces
999 602 1118 630 conversi
1133 609 1212 637 sunt,
1228 609 1258 630 ut
1273 613 1335 631 eum
1351 602 1418 630 nihil
1439 608 1545 641 possent
1561 600 1638 640 paci-

894 647 944 675 fiee
958 658 1097 685 peragere,
1111 648 1145 676 ob
1159 655 1260 676 tantam
1283 648 1384 676 seilicet
1399 647 1621 676 inhumanitatem
1631 668 1639 683 ,

894 693 1027 722 Ecclesias
1051 705 1112 722 suas
1126 701 1244 733 repetere
1258 695 1315 723 sine
1327 694 1445 733 periculo
1460 700 1576 731 possent.
1589 692 1640 721 Id-

895 750 946 778 que
964 739 1043 778 ipsis,
1058 740 1145 778 inquit
1161 740 1316 775 Palladius,
1332 740 1415 768 variis
1430 738 1639 767 revelationibus

895 785 1060 814 declaratum
1073 786 1140 820 suit;
1157 786 1192 814 ita
1209 793 1236 814 ut
1260 786 1338 814 etiam
1355 785 1466 813 diacono
1481 785 1511 815 S.
1528 784 1639 813 Emme-

896 832 925 860 lii
938 833 1035 868 Paulo,
1046 833 1105 861 viro
1115 833 1256 861 mitissimo
1268 839 1293 860 et
1306 831 1445 871 prudenti,
1460 830 1559 859 Paulus
1571 841 1640 869 apo-

896 879 979 907 stolus
997 879 1162 919 apparuerit.
1177 879 1337 908 Valerianus
1357 889 1420 917 ergo
1440 877 1564 906 tribunus
1581 877 1642 905 illos

897 925 923 953 in
939 925 1076 964 putridam
1098 936 1194 954 navem
1218 925 1340 959 immisit,
1358 925 1492 959 mercede,
1506 931 1535 952 ut
1549 933 1643 952 rumor

896 977 970 1007 erat,
986 972 1109 1000 nauclero
1123 971 1184 1000 data
1196 994 1202 1004 ,
1222 979 1252 1000 ut
1270 971 1425 1008 navigantes
1439 971 1498 999 illos
1511 970 1642 1009 perderet,

896 1017 1029 1057 adjunctis
1049 1019 1129 1047 etiam
1144 1018 1239 1057 viginti
1259 1018 1408 1047 militibus:
1421 1018 1458 1046 sic.
1474 1018 1534 1046 illos
1552 1016 1642 1045 statim

901 1065 1012 1104 Athyris
1026 1065 1141 1104 expulit.
1154 1066 1221 1094 Cum
1237 1072 1311 1093 tanto
1326 1064 1410 1101 igitur
1427 1064 1546 1103 periculo
1561 1062 1639 1092 navi-

897 1117 987 1149 gantes
1012 1112 1189 1151 Lampsacum
1210 1111 1388 1150 appulerunt,
1406 1117 1430 1139 et
1452 1117 1554 1138 mutata
1579 1108 1642 1138 navi

897 1159 1023 1187 vicesimo
1048 1158 1092 1186 die
1113 1157 1284 1197 Hydruntem
1307 1156 1470 1196 applicuere.
1492 1156 1546 1184 Nec
1561 1153 1644 1193 quid-

898 1205 968 1243 piam
986 1204 1104 1233 ediscere
1116 1211 1224 1243 potuere
1239 1203 1281 1232 vel
1296 1203 1330 1231 de
1341 1203 1418 1231 beato
1434 1202 1536 1232 Joanne
1551 1201 1594 1229 vel
1610 1200 1644 1229 de

898 1258 1013 1289 quatuor
1030 1250 1214 1279 Orientalibus
1230 1249 1362 1289 episcopis
1379 1249 1424 1287 qui
1446 1259 1536 1277 secum
1557 1249 1642 1276 Roma

898 1304 1034 1326 venerant.

939 1342 1020 1379 Quod
1043 1349 1144 1379 spectat
1168 1341 1202 1370 ad
1227 1341 1365 1380 episcopos
1390 1340 1450 1369 illos
1473 1339 1639 1374 Orientales‚

899 1399 989 1417 rumor
1001 1389 1090 1416 statim
1113 1388 1163 1416 suit
1181 1387 1240 1415 illos
1262 1387 1288 1415 in
1305 1397 1377 1414 mare
1390 1386 1524 1414 demersos
1539 1385 1634 1418 suisse;

897 1480 998 1518 legatos
1020 1480 1101 1508 fuisse
1120 1479 1317 1518 deprehensum
1332 1485 1378 1507 est.
1395 1478 1464 1506 Nam
1487 1484 1517 1505 ut
1530 1477 1640 1514 quidam

899 1584 957 1601 ram
971 1573 1068 1601 ductus
1088 1572 1113 1600 in
1134 1573 1278 1600 Persarum
1298 1570 1405 1599 castello
1420 1577 1492 1605 erat,
1505 1569 1639 1607 octoginta

900 1619 1062 1648 milliaribus
1087 1618 1157 1646 ultra
1175 1619 1300 1647 Emesam
1315 1628 1322 1650 ς
1341 1615 1472 1655 Eulysius
1492 1625 1572 1649 vero,
1589 1615 1641 1643 Bo-

900 1672 1016 1694 strorum
1029 1665 1169 1704 episcopus
1183 1687 1189 1698 ,
1207 1664 1234 1692 111
1248 1662 1356 1691 castello
1374 1662 1505 1696 Arabum,
1521 1661 1642 1699 Misphas

899 1711 983 1749 dicto,
999 1711 1080 1739 trium
1095 1710 1199 1739 dierum
1216 1709 1308 1737 itinere
1320 1708 1420 1736 Rostris
1432 1708 1547 1736 distante
1560 1719 1566 1741 ;
1579 1707 1644 1735 Pal-

900 1757 988 1785 ladius
1007 1758 1111 1796 Syenen
1132 1756 1158 1784 in
1184 1755 1282 1783 vicinia
1303 1754 1475 1793 Blemmyum
1489 1760 1513 1782 et
1534 1753 1644 1782 AEthio-

901 1814 979 1843 pum,
996 1803 1148 1831 Demetrius
1161 1802 1186 1830 in
1197 1801 1261 1829 Oasi
1276 1800 1424 1829 Mazicibus
1440 1799 1575 1838 proxima.

941 1851 963 1877 A
978 1849 1110 1877 militibus
1133 1855 1239 1880 autem,
1262 1847 1308 1884 qui
1330 1857 1373 1874 eos
1390 1846 1416 1874 in
1431 1845 1562 1884 assignata
1586 1845 1644 1873 loca

901 1897 1050 1931 deduxere,
1063 1903 1116 1924 tam
1133 1905 1225 1934 aspere
1246 1894 1331 1922 babiti
1353 1900 1431 1929 sunt,
1446 1900 1474 1921 ut
1488 1893 1555 1921 mori
1575 1903 1645 1932 prae-

902 1943 1077 1982 optavissent.
1094 1940 1224 1970 Pecunias
1238 1940 1321 1975 enim,
1334 1950 1400 1977 quas
1417 1946 1566 1967 sumserant
1576 1960 1583 1973 ‚
1597 1939 1644 1967 ab-

903 1996 992 2028 reptas
1014 1988 1082 2016 inter
1102 1992 1129 2016 s'e
1148 1986 1239 2025 partiti
1264 1992 1343 2021 sunt,
1366 1992 1391 2012 et
1405 1985 1431 2012 111
1448 1984 1643 2023 viliajumenta

903 2037 975 2076 ipsos
990 2035 1173 2074 conjicientes,
1185 2033 1265 2062 bidui
1281 2033 1330 2061 iter
1345 2042 1397 2060 uno
1412 2032 1455 2060 die
1469 2032 1645 2061 conficiebant

902 2083 986 2112 multa
1011 2088 1086 2110 nocte
1108 2080 1168 2108 illos
1189 2079 1215 2107 in
1233 2078 1381 2107 diversoria
1406 2078 1594 2113 immittentes,
1621 2085 1646 2107 et

902 2139 1007 2158 summo
1028 2137 1106 2156 mane
1128 2133 1187 2154 ante
1203 2125 1288 2153 lucem
1305 2124 1438 2163 proficisci
1454 2131 1591 2162 cogentes,
1608 2124 1645 2153 ita

902 2182 931 2203 ut
956 2185 989 2202 110
1010 2173 1118 2201 miseras
1140 2170 1248 2209 quidem
1265 2180 1336 2199 escas
1359 2170 1512 2198 stomachus
1534 2170 1647 2199 retinere

904 2227 999 2259 posset,
1012 2218 1152 2257 Turpilius
1167 2218 1246 2245 etiam
1267 2223 1290 2244 et
1313 2216 1460 2244 inhonestis
1479 2216 1568 2244 verbis
1584 2216 1646 2245 illos

904 2266 1030 2304 impetere
1044 2275 1094 2292 non
1109 2263 1236 2291 timebant
1251 2274 1256 2289 :
1275 2262 1397 2290 Palladio
1416 2262 1496 2290 etiam
1513 2263 1645 2291 famulum

903 2311 1087 2343 abstulerunt,
1099 2309 1155 2337 vim
1171 2308 1220 2347 ipsi
1237 2307 1377 2336 inferentes
1391 2315 1419 2336 ut
1432 2308 1542 2336 tabellas
1565 2308 1647 2347 depo-

905 2364 986 2385 neret.
1001 2355 1167 2385 Demetrium
1182 2362 1271 2383 autem
1287 2365 1355 2383 unus
1372 2365 1406 2383 ex
1427 2354 1586 2383 ductoribus
1609 2355 1646 2383 ita

906 2403 1030 2437 vexavit,
1044 2409 1073 2430 ut
1087 2412 1148 2430 cum
1169 2401 1304 2440 Zibynam
1319 2400 1403 2429 multa
1424 2407 1501 2429 nocte
1517 2411 1648 2440 pervene-

906 2450 956 2485 rit,
981 2449 1070 2477 statim
1096 2447 1261 2486 gravissimis
1286 2453 1340 2475 toto
1365 2457 1476 2486 corpore
1508 2446 1647 2475 doloribus

906 2495 1047 2532 cruciatus,
1058 2493 1167 2522 vivendi
1181 2493 1260 2521 finem
1272 2492 1377 2521 fecerit:
1391 2493 1427 2521 ita
1440 2493 1526 2530 utqui
1539 2493 1595 2520 haec
1607 2493 1647 2519 vi-

906 2542 1003 2570 derunt
1020 2550 1110 2569 omnes
1124 2539 1173 2568 Dei
1194 2538 1341 2568 vindictam
1360 2545 1541 2576 agnoscerent.
1556 2538 1646 2566 Palla-

907 2587 969 2616 dius
982 2597 1046 2615 vero
1063 2587 1118 2625 jam
1132 2584 1292 2625 praedixerat
1305 2596 1311 2612 :
1328 2585 1358 2613 In
1370 2584 1422 2613 hoc
1433 2584 1527 2613 itinere
1537 2584 1648 2613 misera-

909 2634 1000 2663 biliter
1012 2632 1122 2673 peribis.

1679 1339 1734 1360 Cum
1747 1341 1796 1369 epi-

1653 1373 1723 1398 scopis

1652 1401 1774 1422 Orientali-

898 1442 924 1463 at
939 1435 999 1463 illos
1014 1434 1040 1462 in
1055 1440 1172 1462 extrema
1186 1432 1296 1471 Imperii
1311 1439 1336 1460 et
1351 1431 1423 1471 apud
1441 1432 1569 1460 barbaros
1589 1430 1640 1458 ab—
1651 1432 1692 1453 hus
1726 1432 1795 1468 Rama

1651 1464 1797 1484 redeuntibus

1651 1496 1774 1521 asperrime

899 1526 1030 1555 diaeonus·
1044 1525 1180 1559 retulerat,
1207 1524 1338 1564 Cyriacus
1360 1524 1507 1552 Emesenus
1531 1523 1639 1562 Palmy·
1653 1530 1725 1546 actum
1738 1530 1778 1546 est.

1675 1567 1758 1589 pallad.
1772 1575 1795 1595 p.

1658 1597 1708 1628 194.
