1950 2922
23 795 50 817 Τ.
58 802 65 817 ι
72 795 161 823 ,ιι-590.

20 827 43 847 b.
55 832 77 849 et
91 827 146 856 593.

22 866 42 878 Ι.

21 1165 40 1186 τ
56 1164 158 1194 ..assa

123 1707 157 1728 ¹191

39 1740 66 1762 T.
86 1748 120 1764 ιο.
136 1750 157 1768 p.

19 1773 72 1800 669.
91 1781 111 1794 a.
135 1773 158 1794 b.

19 1906 114 1928 ibidem.

175 216 243 250 230

172 295 252 318 tatem
268 295 330 317 tunc
345 287 445 317 Judaeis
459 287 542 322 dedit,
558 294 581 314 ct
596 291 750 324 cooperatus
770 291 818 313 est.
833 285 910 323 Opus

173 334 215 363 illi
229 334 361 374 incepere,
375 345 406 362 ac
429 344 460 362 ne
474 333 517 362 vel
532 332 674 360 minimum
692 330 817 370 progredi
839 331 911 359 ultra

173 386 294 419 potuere,
307 379 354 408 sed
369 379 438 417 ignis
452 390 466 406 a
481 377 661 406 fundamentis
675 377 801 405 exsiliens
821 387 911 405 omnes

172 426 286 464 fugavit.
297 425 376 460 Quod
391 431 480 453 autem
496 423 639 459 voluerint,
653 423 704 451 hoc
720 422 851 451 indicium
863 429 911 457 est,

173 471 246 509 quod
261 471 387 500 hactenus
399 469 571 498 fundamenta
586 468 686 497 nudata
703 476 847 508 appareant
863 480 868 495 :
883 475 912 497 ut

172 517 265 545 videas
286 517 358 555 ipsos
370 515 478 553 quidem
493 515 582 544 fodere
594 515 714 554 coepisse,
730 515 774 543 sed
790 514 912 543 aedifica-

173 573 202 590 re
216 572 266 590 non
284 561 411 600 potuisse,
431 561 573 589 obsistente
597 560 698 590 Christi
720 561 910 589 sententia.....

174 607 254 645 Atqui
267 607 287 635 si
301 617 353 635 non
365 606 456 635 divina
478 606 564 634 virtus
578 606 774 641 colluctaretur,
783 606 849 644 quid
863 606 912 634 ob-

173 652 274 681 staret?
290 663 376 681 annon
396 662 490 691 magna
514 652 556 681 vis
571 652 742 691 pecuniarum
758 662 837 690 penes
853 652 912 681 illos

173 698 230 726 est?
246 709 333 727 annon
347 698 381 726 ab
396 698 522 726 omnibus
537 697 656 735 undique
669 697 770 726 tributa
784 697 912 736 colligens

173 744 335 784 patriarcha,
350 744 494 773 immensos
509 743 626 783 possidet
642 743 800 773 thesauros?
817 755 831 770 n

215 792 256 820 De
269 790 425 821 Judaeorum
437 791 557 819 moribus
567 797 591 819 et
605 790 704 818 ritibus
714 789 799 818 multa
814 790 913 829 profert

175 837 383 877 Cbrysostomus
402 837 429 865 in
445 836 616 865 concionibus
636 836 768 865 adversus
783 835 889 865 Judceos
906 847 912 863 ε

173 883 310 922 singulare
320 893 384 911 vero
407 882 476 911 illud
491 889 539 917 est,
553 882 626 921 quod
640 893 693 911 non
707 882 787 910 semel
802 889 891 911 narrat
903 905 910 919 ‚

173 929 283 960 Judaeos
304 939 415 968 nempe,
429 928 535 968 quando
547 928 720 968 jejunabant,
737 928 815 957 nudis
830 928 912 968 pedi-

173 975 225 1004 bus
236 975 263 1004 in
275 975 331 1004 foro
345 975 441 1004 saltare
456 975 632 1004 consuevisse.

213 1022 271 1050 Non
283 1022 362 1050 semel
375 1021 496 1060 queritur
507 1021 581 1058 quod
597 1021 741 1050 Christiani
753 1020 863 1059 quidam
870 1021 914 1060 ju-

172 1067 319 1105 daizarent,
333 1068 490 1097 Judaeorum
502 1068 678 1097 conventibus
691 1078 722 1096 ac
734 1067 807 1096 festis
817 1066 912 1096 diebus

171 1113 336 1150 interessent,
350 1124 398 1142 nee
422 1124 520 1152 paucos
530 1124 585 1142 esse
598 1113 645 1152 qui
660 1113 711 1142 boc
725 1114 819 1142 morbo
834 1113 912 1141 labo-

171 1166 287 1187 rarent-1
299 1159 416 1194 Quinam
426 1166 464 1188 est
477 1160 585 1188 morbus
601 1159 671 1188 iste?
682 1172 695 1186 υ
707 1159 913 1197 inquit.«Fe1·iae

170 1204 327 1234 Judaeorum
340 1205 498 1233 miserorum
512 1205 620 1239 instant,
637 1215 726 1243 eaeque
739 1204 870 1233 continuae
882 1215 912 1232 ac

170 1251 329 1289 frequentes,
339 1251 421 1287 tubae,
437 1252 610 1290 scenopegiae,
621 1250 771 1290 jejuniamt
782 1250 912 1278 multino-

170 1296 219 1324 stri
231 1296 399 1334 ordinis‚qui
412 1307 439 1325 se
452 1297 590 1325 nobiscum
597 1296 694 1324 sentire
702 1295 805 1331 dicunt,
814 1295 912 1334 partim

169 1349 317 1381 spectatum
332 1342 393 1370 illas
404 1342 482 1371 serias
495 1342 638 1382 prodeunt,
653 1342 753 1382 partim
767 1342 847 1370 etiam
858 1352 911 1370 una

169 1388 316 1426 celebrant,
333 1398 383 1416 una
394 1388 528 1427 jejunant,
546 1399 626 1427 quam
642 1386 754 1428 pravam
769 1394 912 1426 consuetu—

168 1433 259 1463 dinem
274 1444 344 1463 nunc
357 1434 391 1462 ab
406 1434 527 1463 Ecclesia
542 1435 603 1464 volo
617 1445 716 1464 arcere.
728 1447 742 1461 »

210 1479 328 1515 Quidam
341 1480 419 1508 etiam
427 1491 456 1509 eo
467 1480 605 1509 dementiae
612 1487 803 1520 processerant,
813 1487 842 1508 ut
850 1490 911 1509 cum

172 1526 324 1564 quempiam
335 1526 371 1554 ad
382 1526 529 1564 jurandum
538 1526 697 1566 compellere
708 1526 818 1563 vellent,
833 1526 911 1555 illum

169 1571 203 1599 ad
225 1571 309 1600 aedem
330 1571 486 1601 Judaeorum
501 1572 626 1602 inducere
645 1572 822 1608 conarentur,
840 1573 911 1610 quod

169 1623 294 1656 putarent
302 1617 485 1655 juramentum
497 1618 536 1646 ibi
549 1619 642 1647 datum
658 1619 743 1657 magis
761 1618 912 1647 formidan-

170 1663 236 1691 dum
252 1673 322 1692 esse:
337 1673 416 1702 quam
428 1675 484 1692 rem
496 1674 576 1704 supra
589 1664 712 1703 pluribus
727 1665 912 1693 enarravimus

173 1710 199 1738 in
214 1710 279 1739 Vita
294 1710 324 1739 S.
334 1709 459 1738 doctoris.
474 1710 559 1738 Erant
575 1711 654 1739 etiam
669 1710 714 1748 qui
727 1710 835 1738 sabbata
851 1721 912 1739 cum

170 1755 273 1785 Judaeis
287 1755 476 1793 observarent,
493 1756 547 1785 imo
555 1763 580 1785 et
591 1757 619 1786 S.
636 1756 736 1784 Pascha
751 1756 913 1785 celebrarent

172 1811 233 1829 cum
255 1800 350 1829 iisdem
374 1801 485 1830 Judaeis.
502 1803 564 1838 Qua
585 1802 618 1830 de
630 1813 658 1831 re
679 1809 770 1830 actum
788 1813 867 1841 supra
884 1803 911 1831 in

170 1847 237 1877 Vita
249 1847 434 1886 Chrysostomi
450 1847 486 1876 ad
497 1858 598 1876 annum
611 1848 679 1877 387.

211 1893 271 1922 Non
286 1893 365 1932 pauci
380 1903 488 1931 quoque
507 1901 581 1923 erant
597 1895 645 1932 qui
667 1895 807 1934 gentilium
829 1895 912 1924 multa

172 1940 343 1970 observarent
359 1952 364 1967 :
381 1941 540 1980 «sortilegia
563 1952 671 1981 nempe,
689 1942 820 1980 auguria,
845 1943 911 1971 omi-

172 1997 205 2014 na
217 1997 247 2015 ac
262 1985 368 2015 dierum
382 1986 594 2024 observationes,
609 1988 819 2027 superstitiosam
832 1999 912 2028 super

172 2031 261 2071 genesi
276 2042 382 2067 curam,
394 2039 419 2061 et
443 2033 529 2062 omnis
544 2034 688 2073 impietatis
702 2034 792 2074 plenas
806 2035 911 2071 literas,

171 2089 237 2117 quas
250 2089 413 2118 puerorum,
430 2079 552 2118 protinus
567 2087 596 2108 ut
620 2081 674 2109 nati
696 2086 768 2117 sunt,
779 2081 912 2120 capitibus

171 2125 327 2163 imponunt3
343 2126 377 2154 ab
396 2126 454 2165 ipso
473 2126 563 2154 statim
583 2127 693 2155 exordio
712 2127 834 2155 docentes
852 2127 912 2156 illos

171 2171 280 2199 virtutis
297 2171 473 2210 adipiscenda:
490 2172 609 2200 studium
631 2173 759 2212 abjicere,
774 2180 797 2201 et
815 2173 848 2201 ad
862 2173 912 2201 fal-

172 2217 256 2245 lacem
271 2217 318 2245 fati
335 2217 502 2255 tyrannidem
516 2218 576 2246 illos
585 2218 772 2247 adducentes„

214 2262 257 2290 Ex
273 2262 306 2290 iis
321 2273 384 2291 vero
396 2285 403 2297 ‚
416 2274 475 2301 quac
491 2264 697 2303 Chrysostomus
712 2271 800 2293 narrat
815 2265 841 2293 in
860 2265 912 2294 fine

172 2308 297 2337 Homiliae
319 2316 419 2346 quartae
443 2309 469 2337 in
492 2310 579 2349 Epist.
605 2311 638 2339 ad
660 2311 807 2350 Ephesios,
822 2312 911 2350 palam

172 2361 211 2382 est
226 2354 295 2382 inter
311 2354 476 2383 Christianos
491 2357 666 2385 antiochenos
685 2358 816 2397 plurimos
830 2358 911 2386 fuisse

173 2399 221 2439 qui
234 2400 445 2439 genethlialogise
461 2412 568 2442 operam
583 2403 684 2431 darent.

213 2447 299 2475 Erant
320 2447 399 2474 etiam
423 2458 473 2475 non
496 2449 572 2486 pauci
586 2449 729 2478 Christiani
744 2450 911 2487 Antiochcni,

172 2493 218 2531 qui
236 2503 287 2521 una
304 2503 364 2521 curn
382 2493 526 2531 gentilibus
539 2494 572 2522 ad
586 2495 715 2533 Daphnen
731 2504 910 2535 properarent.

172 2540 239 2568 Erat
266 2546 354 2567 autem
375 2540 489 2578 Daphne
513 2540 674 2568 suburbium
698 2542 891 2570 Antiochcnuiu
902 2565 909 2579 ,

172 2586 208 2613 sic
224 2592 409 2624 nuncupatum
427 2597 438 2613 a
455 2586 568 2625 Daphne
583 2587 670 2626 puella
682 2610 688 2619 ,
711 2599 789 2624 quatu
806 2589 910 2627 inythu-

171 2632 223 2669 logi
242 2631 355 2661 Ladonis
371 2632 446 2661 ssus-ii
463 2633 543 2661 liliam
560 2634 662 2664 dicunt,
677 2634 738 2662 lliec
756 2645 814 2662 cum
831 2636 908 2673 ¹ipol-

782 222 935 246 sYNovsts
963 222 1046 245 tlont‘
1054 223 1091 253 M,

964 284 1046 312 linem
1059 281 1182 311 libidinis
1197 291 1275 310 causa
1296 292 1322 311 se
1337 282 1519 320 insequentem
1545 284 1614 312 ultra
1634 283 1704 312 cffu—

965 339 1025 367 gere
1040 339 1092 357 non
1107 334 1212 367 posset,
1227 327 1369 366 implorato
1381 329 1485 367 paterni
1495 329 1613 358 numinis
1627 329 1704 358 auxi-

965 376 1001 404 lio
1013 398 1020 411 ,
1037 375 1064 403 in
1080 375 1186 403 laurum
1202 384 1330 402 conversa
1352 381 1401 403 est.
1418 374 1483 403 Erat
1497 386 1576 414 porro
1591 376 1705 414 Daphne

965 421 1137 454 suburbium,
1151 420 1226 448 locus
1240 430 1371 457 amoenus,
1384 421 1515 457 fontibus,
1526 421 1666 450 arboribus
1680 429 1705 450 et

966 467 1097 507 cupressis
1118 474 1237 495 ornatus.
1256 466 1298 494 lbi
1320 466 1451 506 templum
1467 466 1616 505 Apollinis,
1630 467 1705 506 cujus

965 521 1051 542 statua
1067 513 1174 551 elegans
1193 523 1255 541 cum
1279 523 1374 541 novem
1393 514 1534 541 Musarum
1549 512 1630 541 choro
1644 523 1706 541 con-

966 559 1139 599 spiciebatur.
1156 559 1206 588 Illo
1221 558 1410 598 properabant,
1424 558 1527 587 colendi
1543 558 1604 587 talis
1619 558 1707 586 numi-

967 606 1008 634 nis
1021 616 1115 642 causa,
1132 604 1291 633 Antiocheni
1305 605 1432 643 gentiles,
1449 604 1548 642 quibus
1562 604 1642 633 etiam
1661 604 1707 633 in-

966 651 1086 680 termixti
1099 658 1173 679 erant
1198 661 1249 679 non
1274 651 1353 689 pauci
1369 650 1532 687 Christiani,
1547 661 1613 689 quos
1627 649 1707 679 vehe-

967 706 1067 728 menter
1083 698 1187 726 mordet
1207 705 1233 726 et
1254 697 1373 737 increpat
1387 697 1606 736 Chrysostomus‚
1623 697 1707 725 Chri-

966 746 1114 774 stianorum
1137 744 1244 772 nomine
1267 743 1390 782 indignos
1412 754 1518 773 censens
1543 755 1586 773 eos
1597 767 1606 782 ,
1622 743 1669 782 qui
1691 755 1705 772 a

967 791 1013 820 tali
1028 791 1160 819 consortio
1170 800 1222 818 non
1236 790 1419 818 abhorrerent.
1433 790 1489 818 Hoc
1501 800 1564 819 vero
1576 790 1706 829 templum

967 847 1028 865 cum
1042 836 1174 875 Apollinis
1189 842 1276 864 statua
1290 836 1402 864 fulmine
1416 843 1516 864 tactum
1531 836 1598 870 suit,
1609 847 1662 874 qua
1673 835 1707 865 de

966 895 994 913 re
1030 883 1186 913 Monodiam
1213 884 1271 912 sive
1300 883 1437 923 planctum
1463 883 1549 912 edidit
1574 883 1707 912 Libanius

967 930 1125 965 idololatra,
1151 930 1227 969 cujus
1246 937 1349 969 partem
1375 929 1506 958 irridendi
1522 940 1602 958 causa
1627 930 1707 958 refert

968 976 1186 1015 Chrysostomus.

1006 1022 1149 1051 Antiochia
1173 1032 1238 1052 vero
1259 1021 1377 1050 Orientis
1400 1028 1479 1060 caput
1504 1028 1530 1050 et
1554 1021 1708 1061 metropolis

967 1076 1037 1106 erat,
1060 1068 1262 1106 continebatque
1278 1067 1411 1096 ²ducenta
1436 1067 1575 1096 hominum
1600 1067 1686 1096 millia
1697 1089 1705 1103 ‚
1732 1084 1742 1097 a
1753 1075 1781 1096 T.
1798 1081 1819 1096 ε.
1835 1083 1858 1103 p.

967 1126 1000 1144 ex
1014 1126 1128 1154 quorum
1146 1125 1256 1143 numero
1269 1113 1396 1142 ¹²centum
1412 1114 1486 1142 mille
1503 1114 1608 1142 circitor
1625 1113 1707 1142 Chri·
1719 1107 1824 1166 532³}
1836 1145 1860 1165 Ρ,

968 1161 1045 1190 stiani
1059 1168 1134 1190 erant
1146 1172 1153 1189 :
1170 1162 1308 1200 majorque
1320 1166 1466 1188 conventus
1475 1158 1706 1187 cChristianorum
1719 1167 1772 1190 810.
1790 1175 1810 1189 2.

968 1208 1118 1237 Antiochiae
1131 1215 1187 1237 erat
1197 1231 1205 1245 ,
1223 1217 1304 1245 quam
1319 1206 1560 1244 Constantinopoli.
1719 1199 1822 1258 flng'c'·
1835 1207 1858 1227 Ρ·

1007 1254 1127 1283 Ecclesia
1139 1265 1203 1283 vero
1219 1253 1383 1282 Antiochena
1399 1251 1551 1291 possidebat
1563 1261 1650 1290 agros,
1658 1251 1706 1281 do·
1718 1246 1856 1290 ivr-*8⁰3-

968 1310 1035 1335 mos,
1050 1300 1194 1328 locationes
1208 1299 1322 1335 aedium,
1333 1298 1455 1327 vehicula
1464 1320 1471 1334 ‚
1483 1297 1629 1333 muliones,
1647 1309 1707 1326 mu·
1718 1301 1739 1344 3}-
1751 1330 1762 1351 7
1776 1321 1858 1351 p.658.

966 1345 1006 1374 los
1027 1353 1052 1375 et
1075 1346 1160 1374 multa
1183 1346 1236 1374 alia
1257 1344 1422 1384 hujusmodi.
1445 1344 1551 1381 Quibus
1578 1344 1706 1374 instructa
1719 1340 1746 1376 bs

967 1391 1140 1420 facultatibus
1157 1392 1276 1421 Ecclesia
1299 1391 1348 1419 ista
1365 1401 1454 1419 arcam
1476 1390 1591 1419 habebat
1604 1391 1706 1420 alendis

968 1438 994 1466 in
1007 1438 1103 1477 opibus
1118 1437 1288 1477 deputatam3
1301 1450 1315 1464 ιι
1328 1437 1362 1465 Et
1377 1437 1475 1476 cogites
1488 1436 1582 1473 velim,
1592 1449 1606 1464 »
1619 1437 1707 1476 inquit

967 1483 1175 1523 Chrysostomus
1185 1506 1193 1519 ,
1207 1496 1221 1511 (ι
1237 1489 1302 1522 quot
1316 1483 1413 1512 viduas
1423 1505 1430 1519 ,
1443 1489 1507 1520 quot
1519 1483 1637 1521 virgines
1651 1483 1706 1512 alat

967 1530 1103 1567 quotidie:
1121 1540 1211 1558 earum
1226 1536 1296 1558 certe
1309 1529 1445 1567 catalogus
1459 1529 1492 1557 ad
1506 1535 1546 1557 ter
1558 1529 1633 1557 mille
1644 1540 1704 1568 per-

966 1574 1055 1613 tingit.
1071 1575 1113 1603 Ad
1126 1575 1182 1603 haec
1196 1575 1276 1603 etiam
1290 1574 1317 1602 in
1332 1585 1434 1603 carcere
1449 1574 1567 1608 vinctos,
1578 1574 1605 1602 in
1621 1585 1704 1603 xeno-

967 1620 1064 1649 dochio
1078 1631 1177 1659 aegros,
1204 1620 1270 1649 alios
1290 1620 1357 1648 bene
1380 1620 1511 1656 valentes,
1532 1620 1702 1658 peregrinOS,

967 1666 1093 1694 membris
1108 1666 1233 1702 mutilos,
1252 1666 1329 1694 altari
1353 1665 1498 1694 assidentes
1516 1665 1638 1694 alimenti
1658 1676 1707 1694 ve-

966 1712 1066 1750 stisque
1081 1712 1298 1750 causa,ali0sque
1313 1723 1375 1740 casu
1390 1711 1544 1740 accedentes
1555 1712 1626 1740 fovet
1637 1723 1706 1750 quo-

965 1758 1033 1787 tidie
1056 1769 1063 1787 :
1091 1768 1176 1796 neque
1200 1765 1288 1786 tamen
1315 1759 1371 1797 ejus
1394 1758 1532 1786 facultates
1557 1758 1706 1786 imminutae

967 1811 1037 1833 sunt.
1050 1805 1144 1842 Itaque
1155 1827 1162 1841 ,
1174 1804 1196 1832 si
1210 1804 1302 1833 decem
1319 1805 1370 1832 viri
1386 1811 1490 1833 tantum
1503 1805 1579 1844 paria
1597 1804 1706 1833 submi-

966 1851 1080 1879 nistrare
1094 1852 1208 1887 vellent,
1223 1851 1313 1879 nullus
1327 1851 1394 1879 soret
1406 1862 1539 1890 pauper.»

1007 1898 1111 1925 Morem
1139 1897 1353 1925 Christianorum
1378 1904 1493 1925 veterem
1520 1904 1708 1925 commemorat
1719 1911 1763 1934 T.3
1777 1911 1856 1942 ΜΗ,

967 1941 1043 1975 alibiy
1053 1942 1099 1979 qui
1115 1953 1171 1971 :evo
1184 1953 1231 1971 suo
1239 1943 1296 1981 jam
1309 1942 1489 1971 obsoleverat:
1499 1955 1513 1969 (ι
1523 1943 1584 1971 Μο5
1595 1942 1707 1980 quidam
1719 1951 1739 1965 t-

968 1988 1141 2025 niirabilis,»
1164 1988 1264 2026 inquit,
1280 2000 1296 2015 ει
1314 1995 1378 2016 tunc
1400 1988 1526 2016 inductus
1548 1995 1586 2016 est
1601 2000 1607 2015 :
1623 1989 1706 2017 coacti

968 2045 1082 2072 namque
1097 2035 1176 2063 simul
1193 2033 1285 2063 fideles
1299 2045 1388 2063 omnes
1402 2041 1462 2073 post
1476 2034 1597 2062 auditam
1606 2033 1705 2062 doctri-

967 2091 1045 2117 nam,
1063 2087 1122 2120 post
1145 2080 1290 2116 orationes,
1305 2087 1363 2119 post
1382 2080 1571 2119 mysteriorum
1596 2080 1707 2119 partici-
1913 2114 1915 2118 Α

967 2126 1116 2164 pationem,
1130 2126 1216 2154 soluta
1228 2125 1341 2164 synaxi,
1355 2136 1407 2153 non
1420 2125 1507 2153 statim
1519 2125 1629 2154 domum
1642 2136 1703 2154 con·
1928 2136 1929 2153 t

968 2172 1110 2209 cedebant,
1128 2171 1173 2200 sed
1189 2171 1287 2200 divites
1301 2178 1325 2199 et
1345 2171 1522 2210 opulentiores
1540 2172 1664 2200 alimenta
1680 2179 1706 2201 et
1918 2168 1919 2171 ¹

968 2218 1066 2247 fercula
1082 2229 1095 2246 e
1106 2218 1231 2247 domibus
1246 2217 1301 2245 suis
1314 2218 1464 2253 afferentes,
1477 2229 1604 2257 pauperes
1618 2218 1706 2247 advo-

967 2265 1081 2300 cabant,
1105 2263 1292 2302 communique
1316 2264 1398 2292 simul
1422 2274 1511 2292 mensa
1537 2264 1706 2301 fruebantur,

968 2310 1205 2348 communibusque
1221 2309 1307 2349 epulis
1322 2316 1401 2348 atque
1413 2310 1544 2339 conviviis
1554 2310 1580 2338 in
1593 2310 1648 2349 ipsa
1664 2322 1706 2339 ec-

968 2357 1061 2394 clesia,
1077 2358 1113 2385 ita
1132 2364 1161 2385 ut
1177 2363 1201 2384 et
1222 2367 1237 2384 a
1251 2356 1383 2384 consortio
1400 2367 1507 2393 mensa‘,
1526 2363 1550 2384 et
1564 2367 1578 2384 a
1596 2356 1647 2384 loci
1663 2367 1705 2384 re-

968 2403 1097 2438 verentia,
1115 2402 1210 2431 caritas
1227 2401 1461 2439 constringeretur,
1477 2412 1537 2429 cum
1553 2401 1637 2429 multa
1658 2412 1707 2430 vo-

967 2449 1068 2488 luptate
1081 2448 1160 2476 simul
1174 2455 1253 2486 atque
1269 2447 1393 2475 utilitate.
1407 2459 1420 2473 i)

1009 2496 1049 2523 De
1065 2495 1096 2522 iis
1108 2494 1154 2532 qui
1164 2494 1207 2522 vel
1220 2494 1245 2522 in
1259 2504 1390 2522 carcerem
1401 2493 1538 2530 trudendi,
1551 2493 1594 2521 vel
1607 2493 1640 2521 ad
1656 2503 1705 2521 ne-

968 2552 1023 2570 cem
1045 2541 1166 2578 qua‘siti‚
1181 2540 1208 2568 in
1227 2540 1363 2568 ecclesiam
1379 2540 1549 2577 confugerent
1560 2562 1567 2574 ,
1583 2538 1704 2577 quaedam
1717 2555 1761 2576 ΤΒ
1776 2565 1787 2571 ,,
1804 2555 1853 2577 322.

968 2599 1014 2616 nos
1027 2587 1145 2615 dis-turos
1161 2598 1217 2615 esse
1231 2586 1344 2625 polliciti
1360 2596 1465 2620 sumus,
1478 2596 1538 2613 cum
1555 2584 1588 2613 de
1604 2585 1703 2613 Eutro-
1715 2596 1735 2609 e.
1747 2593 1766 2607 ι’
1777 2577 1779 2582 .
1791 2589 1838 2609 ³2·

969 2635 1012 2672 pio
1027 2633 1147 2662 eunucho
1162 2632 1193 2661 ad
1210 2643 1300 2661 necem
1314 2633 1423 2669 quaesito
1439 2638 1568 2669 ageretur.
1582 2631 1625 2659 Sic
1642 2642 1702 2660 vero
