1849 2927
718 367 1023 429 INDEX

310 536 531 573 OPERUM
572 538 694 586 QUAE
732 538 1247 576 lN·DEc1MoTERT10
1290 538 1438 576 ΤΟΜΟ

676 682 809 711 NOVAE
839 682 1070 712 EDITlONIS

758 820 983 843 CONTINENTUR‚

113 1113 137 1139 1.
153 1110 286 1139 Praefatio.
301 1109 360 1145 Qua
373 1111 560 1140 continentur:

167 1157 246 1186 Dicta
260 1168 344 1197 pauca
358 1157 392 1187 de
406 1158 484 1187 libris
496 1169 560 1187 mss.
575 1168 655 1198 opera
667 1158 854 1198 Chrysostomi
868 1156 1108 1197 complectentibus
1127 1170 1133 1184 z

168 1204 418 1235 Animadversiones
431 1206 464 1235 de
478 1206 616 1235 nonnullis
629 1206 767 1246 opusculis
783 1205 976 1245 Chrysostomo
991 1205 1100 1234 tributis
1124 1216 1130 1232 :

169 1253 303 1281 Monitum
317 1253 351 1282 de
365 1253 429 1282 Vita
444 1254 474 1283 S.
489 1254 600 1284 Joannis
612 1254 812 1294 Chrysostomi‚
827 1253 915 1292 deque
926 1252 1111 1292 Scriptoribus
1123 1252 1195 1282 Vitae
1209 1253 1237 1281 S.
1253 1251 1370 1282 doctoris
1387 1264 1393 1280 :

168 1299 304 1339 Excerpta
323 1311 337 1328 e
353 1300 509 1330 Praesatione
527 1301 645 1331 Emerici
660 1301 751 1341 Bigoti
766 1302 800 1330 ad
814 1301 960 1340 Dialogum
979 1300 1106 1337 Palladii,
1119 1299 1311 1339 Helenopoleos
1330 1298 1464 1340 episcopi,
1483 1298 1517 1328 de
1533 1300 1597 1329 Vita
1609 1301 1652 1329 Jo-

206 1347 392 1386 Chrysostomi
407 1360 414 1376 :

165 1394 300 1423 Monitum
313 1394 348 1423 de
359 1394 424 1423 Vita
439 1396 483 1424 Jo.
499 1394 685 1435 Cbrysostomi
700 1407 715 1424 a
729 1395 827 1425 Montf.
840 1394 967 1424 adornota
987 1407 994 1422 ι

164 1441 274 1470 Henrici
292 1441 388 1470 Savilii
402 1440 435 1469 de
453 1441 637 1481 Scriptoribus
652 1453 742 1472 rerum
759 1441 945 1481 Chrysostomi
962 1440 1125 1477 dissertatio,
1140 1451 1174 1470 ex
1192 1441 1271 1471 Cavii
1289 1440 1407 1470 Historia
1422 1441 1465 1469 lit.
1482 1441 1650 1480 Scriptorum

203 1489 266 1517 eccl.
281 1489 309 1517 in
322 1488 391 1517 hanc
406 1499 504 1518 novam
522 1489 676 1519 Editionem
688 1497 792 1529 recepta
808 1501 815 1517 ι

103 1538 129 1565 9.
146 1535 261 1565 Palladii
272 1535 404 1575 Dialogus
415 1536 448 1565 de
463 1536 527 1566 Vita
541 1537 570 1565 S.
588 1538 699 1567 Joannis
714 1537 911 1577 Chrysostomi,
924 1535 1081 1565 emendatus
1096 1545 1147 1575 ope
1158 1535 1297 1565 variarum
1309 1535 1454 1564 lectionum
1470 1546 1518 1565 ms.
1532 1546 1557 1575 p,
1572 1537 1600 1564 1.

103 1583 131 1612 5.
146 1582 272 1622 Epitome
286 1582 358 1612 Vitae
373 1582 403 1611 S.
420 1583 531 1612 Joannis
542 1583 740 1624 Chrysostomi,
756 1595 784 1625 p.
798 1584 849 1613 90.

102 1630 130 1658 4.
144 1629 255 1659 Joannis
266 1628 451 1668 Chrysostomi
464 1630 544 1664 Vita,
558 1641 590 1658 ex
606 1631 664 1670 ejus
675 1630 801 1670 operibus
816 1630 930 1668 aliisque
943 1628 1121 1668 scriptoribus
1132 1628 1289 1657 concinnata
1298 1651 1305 1665 ,
1318 1639 1344 1668 p.
1359 1629 1406 1657 91.

103 1676 130 1704 5.
144 1674 275 1713 Synopsis
289 1684 378 1702 rerum
393 1675 610 1704 memorabilium
620 1698 627 1711 ,
641 1687 700 1714 quae
714 1687 761 1716 per
775 1675 963 1715 Clirysostomi
978 1686 1058 1714 opera
1073 1674 1261 1711 observantur,
1276 1685 1303 1713 p.
1322 1675 1390 1705 178.

103 1722 132 1750 6.
147 1719 289 1749 Tredecim
303 1720 443 1749 Sermones
458 1721 561 1760 spurii,
577 1733 635 1751 sero
647 1733 681 1751 ex
695 1722 794 1761 Anglia
807 1722 841 1750 ad
851 1722 1076 1750 Montfauconum
1091 1721 1182 1757 missi,
1197 1732 1223 1761 p.
1239 1720 1306 1751 185.

104 1769 131 1798 7.
146 1767 311 1796 Testimonia
326 1775 445 1797 veterum
455 1768 488 1797 de
499 1769 526 1798 S.
538 1770 640 1799 Joanne
657 1770 860 1810 Chrysostomo,
876 1781 904 1809 p.
922 1770 991 1799 956.

104 1816 132 1845 8.
147 1816 234 1844 Voces
245 1815 348 1853 aliquot
361 1816 490 1844 sermonis
504 1816 689 1856 Chrysostomi
705 1818 857 1857 explicatae,
871 1828 897 1856 p.
912 1818 981 1846 995.

104 1864 132 1893 9.
147 1862 233 1892 Index
247 1862 433 1902 alphabeticus
452 1864 612 1893 Sermonum
625 1872 650 1894 et
664 1865 844 1893 Homiliarum
856 1865 976 1894 omnium
997 1875 1029 1894 ex
1051 1864 1144 1904 primis
1163 1864 1293 1903 cujusque
1309 1863 1445 1893 Sermonis
1460 1863 1502 1892 vel
1527 1863 1650 1891 ΗοιηὶΙιζιἸ

184 1909 289 1945 verbis,
305 1920 320 1938 a
335 1910 412 1939 novis
426 1910 574 1940 editoribus
587 1911 793 1951 diligentissime
807 1913 973 1951 recognitus,
990 1919 1123 1941 correctus
1134 1934 1141 1947 ‚
1155 1917 1263 1946 auctus,
1281 1922 1307 1950 p.
1318 1912 1388 1940 996,

86 1959 131 1986 to.
148 1956 291 1994 Catalogus
316 1966 427 1995 operum
453 1958 620 1996 singulorum
641 1959 826 1999 Chrysostomi
852 1970 887 1988 cx
907 1959 1000 1988 ordine
1027 1958 1160 1988 Editionis
1179 1958 1288 1987 Morelli
1317 1957 1419 1986 collatae
1440 1968 1502 1986 cum
1526 1956 1652 1985 Editione

182 2003 377 2037 Montfauconi,
393 2011 526 2032 correctus
538 2011 564 2033 et
577 2006 735 2034 reformatus
748 2006 775 2034 in
791 2016 860 2035 nova
873 2005 1009 2035 Editione.

85 2052 95 2077 Ἰ
107 2052 131 2078 t.
148 2049 291 2088 Catalogus
314 2060 426 2089 operum
454 2050 622 2089 singulorum
650 2052 836 2091 Chrysostomi
859 2063 892 2081 ex
917 2051 1010 2081 ordine
1033 2050 1169 2081 Editionis
1193 2050 1289 2080 Savilii
1312 2050 1416 2079 collatae
1437 2061 1498 2079 cum
1521 2050 1648 2079 Editione

183 2096 294 2132 Montf.,
305 2096 353 2134 qui
368 2097 479 2125 accessit
493 2097 611 2137 primum
627 2099 654 2128 in
668 2098 718 2128 hac
733 2109 800 2128 nova
813 2099 947 2129 Editione.

86 2144 131 2171 ⁴2.
150 2142 295 2182 Catalogus
310 2145 492 2182 Augustanus.

126 2454 262 2484 Absolutis
275 2466 322 2495 per
336 2456 479 2486 duodecim
492 2458 632 2487 volumina
654 2459 764 2497 integris
783 2459 894 2489 Joannis
908 2458 1047 2499 operibus,
1061 2458 1197 2497 reliquum
1211 2465 1267 2487 erat
1279 2465 1307 2486 ut
1322 2457 1427 2487 decimo
1445 2458 1524 2487 tertio
1538 2469 1642 2498 parerg>

86 2511 261 2539 quaecumque
270 2502 408 2537 advitam,
423 2503 583 2541 doctrinam,
596 2505 695 2544 scripta
706 2506 734 2534 S.
748 2504 863 2533 doctoris
874 2504 1033 2533 illustranda
1045 2504 1203 2541 conferrent,
1216 2504 1243 2532 in
1259 2514 1342 2532 unum
1351 2504 1549 2543 colligerentur.
1559 2506 1649 2533 Mon--

85 2548 191 2576 lauconi
203 2559 298 2577 sanum
309 2549 453 2587 judicium,
468 2551 539 2589 quod
552 2552 609 2591 jam
624 2551 690 2580 alibi
706 2562 773 2591 saepe
787 2552 958 2591 agnovimus,
972 2552 999 2580 in
1016 2551 1066 2580 hoc
1080 2561 1186 2590 quoque
1200 2551 1317 2580 muneris
1333 2551 1455 2580 immensi
1471 2558 1546 2590 parte
1561 2562 1643 2580 cernw

85 2601 130 2622 tur
145 2606 150 2621 :
165 2605 226 2622 nam
242 2601 267 2623 et
278 2605 379 2631 eorum,
391 2607 450 2634 quae
462 2608 476 2625 a
493 2598 626 2627 veteribus
640 2598 674 2627 de
685 2598 877 2638 Chrysostomo
888 2598 959 2628 dicta
972 2605 1046 2628 erant
1061 2598 1190 2638 plurima,
1204 2597 1339 2627 delectum
1355 2598 1410 2636 egit
1425 2597 1642 2637 prudentissimo,

86 2648 109 2669 et
126 2652 159 2670 ex
174 2642 330 2682 biograpliis
346 2644 429 2673 sancti
443 2643 496 2674 viri
511 2645 664 2675 Palladium
681 2646 767 2676 solum
782 2647 890 2686 recepit.
913 2646 1047 2686 Georgius
1065 2646 1152 2684 enim,
1169 2646 1223 2675 Leo
1241 2646 1405 2685 Imperator,
1425 2645 1532 2674 Simeon
1551 2646 1642 2674 Meta<
