1884 2922
729 215 831 238 INDEX

90 282 154 307 214.
173 289 196 306 Β.
216 284 286 306 VIII.
311 282 372 306 109.
390 277 522 305 Diabolus
536 276 685 311 demissus,
698 277 761 315 quia
777 288 832 306 scsc

88 321 195 350 extulit.
213 329 271 352 vn.
290 327 355 350 734.
376 332 402 350 c.
420 323 502 350 Antea
520 322 615 359 bonus,
629 321 771 361 desperans
786 323 832 351 de-

89 365 163 395 cidit.
180 373 200 396 1,
218 371 264 395 33.
282 377 308 394 0.
328 370 427 394 11.331.
444 377 472 393 n.
486 365 602 394 Diabolo
616 372 641 394 et
655 366 757 404 angelis
773 367 831 405 ejus

89 409 158 447 ignis
170 417 289 448 paratus.
308 417 328 438 I.
351 414 393 438 13.
412 421 434 438 Β.

130 453 273 482 Diabolum
289 465 336 482 cur
351 456 424 482 Deus
438 464 452 482 e
466 453 555 481 medio
572 463 623 482 non
639 453 787 484 sustulerit,
807 461 828 483 I.

92 502 155 526 200.
171 510 197 526 A.
215 498 335 527 Relictus
349 505 398 533 est,
413 504 441 526 ut
457 497 491 526 sit
507 497 582 526 utilis
597 497 782 536 vigilantibus.
798 506 829 527 II.

91 546 155 570 316.
172 554 198 570 Α.
214 541 333 581 insuper,
353 549 382 570 ut
397 541 481 570 simus
493 541 575 570 sobrii
590 548 615 570 et
637 541 751 579 vigiles,
768 542 831 570 reli-

89 592 146 614 ctus
159 593 206 614 est.
225 593 271 614 tv.
284 590 349 614 252.
367 597 391 614 r».

130 629 260 658 Diabolus
274 630 362 668 primo
375 629 478 657 homini
497 628 610 657 invidet.
628 636 673 657 IV.
689 634 717 657 7.
732 630 829 659 Statim

89 684 103 702 a
117 674 203 712 primo
220 674 328 702 homine
343 673 450 702 condito
466 672 576 701 insidias
591 673 643 711 ipsi
656 673 772 711 paravit.
785 681 841 711 tv.-

92 722 154 746 161.
171 730 196 746 A.
212 716 354 754 Quomodo
365 717 455 745 Evam
470 715 613 754 deceperit.
632 721 696 746 320.
714 728 739 746 B.
757 728 782 747 e.
799 728 826 746 D.

89 761 146 790 Sub
161 761 290 800 serpentis
304 761 390 799 figura
411 760 537 788 mentitus
558 767 596 788 est
610 761 686 789 Erre.
704 768 748 789 IV.
766 767 829 790 784.

90 816 119 834 D.
134 817 161 834 E.
177 806 244 844 Ejus
259 804 361 833 invidia
374 804 509 833 Adamum
519 804 626 832 occidit.
643 810 788 836 V111.365,
802 816 827 834 Ε.

89 849 223 877 Diabolus
244 860 304 887 quae
323 849 422 877 damna
447 850 551 878 Adamo
571 848 768 888 importaverit.
794 857 827 879 II.

91 899 156 922 293.
175 905 201 922 Ι).

128 937 236 966 Diaboli
258 937 358 965 bellum
374 936 502 965 adversus
517 936 649 964 homines.
668 943 698 964 v.
718 941 783 965 553.
803 948 828 964 n.

89 977 222 1005 Diabolus
250 987 318 1004 unus
345 976 470 1004 inimicus
494 982 581 1004 noster
604 983 653 1005 est.
672 983 703 1004 II.
720 980 784 1005 243.
802 987 828 1003 e.

90 1021 174 1050 hostis
196 1020 386 1055 inexorabilis,
402 1020 503 1048 bellum
527 1027 618 1048 eontra
641 1030 688 1048 nos
714 1021 831 1059 suscepit

91 1065 270 1104 implacabile.
288 1071 345 1093 VII.
358 1069 421 1092 199.
438 1074 464 1092 c.
479 1063 591 1102 Semper
603 1074 636 1091 ex
650 1063 764 1092 adverso
779 1071 827 1094 est.

91 1117 140 1138 XI.
151 1113 216 1138 816.
231 1119 256 1137 0.
271 1108 379 1137 Diaboli
395 1108 420 1135 in
438 1117 484 1136 nos
512 1107 629 1136 assultus
648 1107 721 1136 omni
740 1118 830 1147 pugna

91 1153 274 1182 vehementior
287 1160 335 1181 est.
349 1160 368 1181 Ι.
382 1157 446 1180 551.
464 1162 487 1179 B.
503 1162 529 1182 c.

130 1197 262 1226 Diabolus
283 1197 477 1225 circumcursat
493 1202 523 1224 ut
544 1202 639 1223 nostrae
655 1195 733 1223 saluti
760 1195 830 1224 obsi-

91 1248 152 1270 stat.
178 1249 198 1270 ι.
229 1247 293 1270 871.
315 1252 339 1270 n.
364 1247 435 1269 vm.
464 1244 528 1268 151.
553 1250 576 1267 n.
592 1239 701 1267 Diaboli
725 1239 831 1269 fraudes

90 1285 181 1314 variat.
204 1292 223 1313 1.
250 1289 313 1313 926.
333 1296 358 1312 A.
381 1283 430 1312 tela
447 1294 516 1321 quae.
537 1289 582 1312 IV.
605 1287 650 1311 26.
674 1294 702 1311 n.
728 1284 831 1312 Diabo-

90 1329 132 1357 lus
146 1328 390 1368 pseudoprophetas
408 1327 540 1356 immittit.
562 1333 593 1354 V.
610 1332 674 1354 178.
691 1338 716 1356 0.
734 1327 832 1366 pollin-

91 1379 148 1401 ctor
173 1372 317 1410 quomodo.
342 1378 398 1400 Vll.
434 1375 498 1399 376.
532 1381 557 1398 c.
592 1370 657 1408 Ejus
685 1370 828 1400 calliditas.

93 1417 324 1445 viu.52.c.Dolo
339 1415 422 1444 vincit
434 1414 542 1442 multos.
556 1420 586 1442 11.
603 1418 667 1442 307.
684 1425 713 1442 n.
726 1425 753 1442 ε.
769 1415 833 1442 Dia-

90 1460 146 1489 boli
158 1461 275 1489 versutia
287 1467 342 1496 est,
356 1466 385 1488 ut
399 1469 460 1487 eum
473 1458 584 1487 veritate
598 1468 701 1497 semper
719 1459 830 1486 commi-

91 1512 161 1533 sceat
169 1515 296 1534 errorem.
307 1511 366 1533 vn.
384 1508 447 1532 540.
467 1513 494 1531 E.
507 1507 571 1532 5¹11.
586 1508 611 1530 et
619 1512 723 1541 semper
734 1502 832 1530 verita-

91 1549 111 1578 ti
126 1549 258 1577 fallaciam
271 1549 424 1577 substituat.
437 1554 495 1576 VII.
518 1551 583 1575 332.
600 1557 626 1574 B.
642 1546 771 1575 Diabolus
784 1557 831 1576 nos

90 1604 152 1622 cum
168 1593 230 1622 dolo
252 1592 416 1631 aggreditur.
433 1598 490 1620 vll.
505 1594 569 1619 922.
587 1600 612 1618 0,
632 1601 660 1618 n.
683 1590 742 1618 Non
767 1601 831 1619 con-

91 1638 177 1666 festim
193 1638 218 1665 in
232 1637 367 1665 hominem
382 1636 478 1671 intrat,
492 1634 536 1663 sed
553 1633 684 1673 paulatim
708 1644 763 1662 sese
791 1635 832 1663 in-

90 1682 189 1710 sinuat.
207 1689 265 1710 VII.
283 1686 348 1709 876.
366 1691 391 1710 E.

128 1725 260 1754 Diabolus
272 1725 327 1753 duo
342 1724 410 1753 mala
422 1723 494 1759 facit,
510 1722 545 1750 ad
560 1728 699 1760 peccatum
716 1721 829 1760 pellicit,

90 1776 115 1799 et
129 1781 142 1798 a
158 1769 313 1807 poenitentia
335 1775 416 1797 arcet.
438 1775 471 1796 II.
490 1771 554 1796 405.
571 1767 724 1793 Peccatores
739 1765 764 1793 in
780 1765 831 1794 de-

91 1821 209 1853 speratas
224 1813 395 1851 cogitationes
411 1811 506 1849 injicit.
518 1818 539 1839 1.
554 1815 578 1839 3.
591 1821 620 1838 a.
632 1814 675 1838 14.
693 1820 720 1838 D.
734 1809 831 1837 Omnia

91 1858 154 1886 facit
178 1864 206 1885 ut
222 1857 347 1896 gehennae
371 1855 527 1884 memoriam
542 1854 652 1882 auferat.
667 1860 699 1881 v.
719 1858 780 1882 144.
801 1865 829 1882 n.

92 1901 194 1931 Judicii
207 1901 279 1930 diem
291 1912 305 1929 a
317 1900 451 1929 mentibus
465 1898 562 1926 nostris
573 1903 701 1931 removet,
713 1903 741 1924 ut
751 1897 831 1925 sedu-

91 1953 142 1976 cat.
158 1953 203 1974 VI.
222 1950 285 1975 349.
303 1956 328 1974 c.
343 1944 417 1973 Nihil
433 1953 483 1972 non
498 1942 553 1979 agit
576 1948 605 1969 ut
629 1941 765 1969 caritatem
786 1951 834 1969 au-

90 1991 168 2019 ferat.
186 1997 245 2020 vn.
264 1994 328 2018 503.
344 1999 368 2017 Β.
385 1995 409 2016 et
423 1998 490 2026 opus
505 1986 579 2014 illius
591 1992 644 2016 est,
659 1995 706 2013 nos
720 1985 833 2013 alterum

91 2034 126 2062 ab
141 2034 224 2062 altero
235 2033 376 2062 divellere.
390 2040 425 2061 X.
442 2036 508 2059 337.
527 2041 554 2058 ι).

131 2077 263 2105 Diabolus
284 2077 384 2105 virtute.
400 2081 507 2103 onustos
531 2072 648 2101 maxime
664 2071 831 2109 aggreditur.

93 2129 127 2150 II.
145 2126 169 2149 6.
188 2132 217 2149 D.
235 2120 366 2149 Diabolus
386 2120 466 2147 etiam
491 2118 517 2145 in
533 2117 590 2155 ipso
609 2115 717 2144 virtutis
735 2115 836 2144 exerei-

92 2165 129 2192 tio
155 2164 262 2202 laqueos
276 2163 368 2192 tendit.
389 2170 420 2190 V.
437 2166 500 2190 536.
518 2171 541 2189 Β.
556 2159 646 2197 Magis
667 2159 744 2187 bouis
770 2170 836 2197 ope-

92 2208 167 2236 ribus
183 2209 325 2236 instructos
340 2205 505 2244 aggreditur,
524 2211 570 2233 VI.
595 2208 658 2233 132.
680 2214 709 2231 n.
728 2213 752 2230 Ε.
770 2203 836 2230 Dia-

92 2252 172 2280 bolus
188 2251 258 2279 solos
278 2251 394 2279 maxime
409 2256 499 2278 tentat.
517 2255 574 2276 VII.
594 2252 656 2275 193.
673 2258 698 2276 (1.
716 2247 836 2275 Divitia-

93 2306 153 2324 rum
177 2294 354 2334 cupiditatem
380 2292 510 2320 immittit.
530 2298 576 2320 IX.
594 2296 641 2319 71.
662 2300 687 2318 Β.
715 2300 775 2318 nam
790 2289 838 2317 di-

93 2340 161 2368 vites
182 2339 238 2367 sine
252 2338 343 2366 labore
358 2336 522 2375 supplantat.
538 2342 584 2363 IX.
603 2338 667 2362 436.
685 2344 709 2362 c.
723 2333 838 2361 Diabolo

94 2393 186 2411 ansam
209 2382 274 2410 dant
293 2381 395 2409 divitiae
418 2387 443 2408 et
463 2379 549 2407 inanis
564 2378 654 2416 gloria.
670 2385 714 2406 XI.
729 2382 793 2405 198.
808 2387 835 2404 A.

95 2426 228 2455 Diabolus
253 2424 387 2463 quomodo
406 2424 433 2451 in
462 2422 528 2450 urbe
552 2427 717 2460 grassaretur
746 2420 838 2458 Chry-

96 2470 204 2499 sostomi
221 2477 348 2509 tempore.
364 2475 385 2497 1.
403 2472 449 2496 66.
466 2477 491 2496 13.
509 2477 534 2495 c.

137 2514 269 2543 Diabolus
296 2513 365 2541 nihil
388 2518 478 2541 eontra
502 2521 548 2539 nos
568 2516 665 2549 potest,
683 2507 732 2535 nisi
748 2517 839 2535 ansam

100 2559 274 2597 praebeamus.
290 2565 309 2585 1.
328 2561 391 2585 220.
408 2567 434 2584 Α.
447 2565 511 2593 sqq.
531 2554 659 2586 Eeontra,
674 2552 694 2580 si
711 2551 837 2583 vilimus,

100 2602 172 2631 illius
189 2602 213 2630 in
237 2611 283 2630 nos
299 2600 424 2628 incursus
445 2605 506 2627 sunt
526 2597 612 2626 meriti
637 2601 837 2634 argumentum,

1561 204 1629 239 235

888 287 1045 306 coronarum
1071 278 1188 306 materia.
1203 285 1225 307 Ι.
1247 282 1309 306 199.
1334 289 1361 306 n.
1387 282 1451 306 200.
1473 287 1501 306 n.
1519 282 1581 306 201.
1598 288 1624 306 0.

886 323 970 352 Nobis
987 322 1090 352 occasio
1105 329 1143 351 est
1158 333 1326 351 coronarum.
1342 329 1400 350 VII.
1415 326 1477 350 695.
1493 331 1517 349 ε.
1533 321 1625 360 gloriae

885 374 978 396 auctor
1001 366 1184 406 vigilantibus
1202 373 1248 395 IX.
1267 371 1329 395 446,
1345 377 1371 394 0.
1386 365 1518 393 Diabolus
1541 365 1626 404 poeni-

886 412 994 441 tentiam
1016 413 1100 440 timet.
1123 418 1144 441 1.
1167 416 1213 440 32.
1240 422 1268 439 A.
1290 410 1364 439 Adeo
1386 419 1499 438 vesanus
1524 416 1575 443 est,
1598 416 1627 437 ut

885 467 936 485 non
962 457 1048 485 solum
1072 456 1133 484 illos
1158 454 1296 483 adoriatur
1321 465 1388 493 quos
1413 453 1523 481 considit
1549 453 1627 481 facile

884 501 1050 540 dejecturum
1076 510 1146 534 csse,
1167 498 1213 528 sed
1239 499 1319 527 etiam
1343 509 1386 526 eos
1407 508 1472 536 quos
1487 496 1627 536 probabile

884 552 922 574 est
948 545 1050 573 artibus
1075 544 1159 582 ipsius
1188 544 1243 571 fore
1270 542 1429 581 superiores.
1460 549 1478 570 1.
1504 546 1567 569 871.
1598 552 1623 569 0.

885 590 944 618 Non
960 596 1045 628 potest
1064 588 1119 617 vim
1140 587 1237 615 inferre
1246 587 1352 615 animzc.
1367 594 1385 615 I.
1402 590 1466 614 893.
1481 595 1496 613 r:
1522 585 1626 613 Peccati

884 640 908 662 et
921 633 1082 672 poenitentiae
1103 638 1204 666 auctor,
1222 631 1366 669 quomodo.
1390 638 1422 660 II.
1440 634 1502 658 404.
1518 639 1546 657 n.
1562 629 1627 657 Dia—

885 677 962 706 bolus
984 687 1062 705 causa
1086 675 1217 704 malorum
1238 685 1290 703 non
1314 675 1383 708 erit,
1399 673 1419 701 si
1441 673 1561 701 animum
1586 679 1626 700 at-

859 215 986 238 RERUM.

885 721 992 750 tendere
1015 720 1140 748 velimus.
1165 726 1198 748 11.
1229 723 1292 747 309.
1321 729 1344 746 Β.
1370 718 1420 746 Per
1446 728 1504 755 quae
1530 716 1628 745 vicerat

884 765 1017 798 diabolus,
1031 763 1160 791 vincitur.
1180 770 1212 790 II.
1230 765 1295 791 472.
1315 772 1342 791 A.
1362 762 1437 790 Nihil
1460 767 1560 799 potest,
1575 760 1626 788 nisi

882 809 982 847 jussus.
1002 815 1048 837 III.
1074 812 1118 836 39.
1142 818 1170 834 Α.
1192 806 1295 834 Animae
1310 805 1431 844 vigilanti
1447 804 1516 832 nihil
1533 803 1624 832 damni

885 852 973 880 infert.
991 859 1036 880 111.
1057 856 1122 880 290.
1135 850 1165 878 ln
1181 849 1321 878 diabolum
1347 855 1441 876 nostras
1456 847 1574 875 victoriae
1590 855 1628 874 cst

885 903 1083 934 argumentum,
1097 894 1169 933 quod
1184 894 1230 922 ille
1244 893 1332 921 acrius
1347 892 1373 920 in
1386 902 1433 920 nos
1444 892 1522 919 faeiat
1540 891 1628 929 impe-

886 947 954 968 tunt.
982 947 1028 968 111.
1045 944 1108 967 094.
1128 949 1153 967 e.
1177 937 1309 966 Diabolus
1325 947 1376 965 non
1398 935 1564 973 arguendus,
1582 934 1628 962 secl

885 991 974 1012 nostra
993 983 1061 1012 levis
1089 983 1238 1021 ignavaque
1254 992 1337 1010 mens.
1365 987 1410 1009 IV.
1429 984 1494 1008 2352.
1513 992 1538 1007 A.
1567 989 1627 1006 nam

883 1029 953 1067 sugit
968 1038 1028 1056 curn
1045 1027 1118 1055 videt
1132 1037 1178 1054 nos
1191 1026 1286 1064 vigiles
1302 1031 1326 1053 et
1339 1024 1452 1053 sobrios.
1472 1030 1516 1052 tv.
1537 1027 1582 1051 62.
1601 1033 1625 1051 ⁸.

884 1072 1016 1101 Diabolus
1031 1082 1078 1111 per
1094 1070 1249 1110 patientiam
1265 1075 1417 1108 superatur.
1441 1075 1497 1096 VII.
1523 1072 1585 1095 197.
1601 1077 1626 1095 0.

886 1118 961 1145 Mens
977 1127 1035 1154 quae
1048 1115 1138 1143 divina
1152 1113 1306 1147 meditatur,
1320 1112 1428 1140 diabolo
1439 1111 1626 1139 formidabilis.

886 1168 955 1190 VIII.
970 1165 1015 1189 20.
1029 1171 1056 1188 n.
1074 1158 1204 1187 Diabolus
1218 1157 1256 1186 ibi
1270 1167 1321 1185 non
1337 1155 1417 1184 audet
1432 1154 1566 1189 accedere,
1581 1155 1628 1183 ubi

884 1212 923 1233 est
944 1205 1120 1242 eleemosyna.
1136 1209 1181 1230 lx.
1198 1206 1261 1230 385.
1278 1211 1303 1229 E.
1322 1199 1454 1228 Diabolus
1476 1209 1527 1226 non
1542 1198 1628 1226 disce·

884 1249 946 1277 dita
957 1258 1057 1288 pugna,
1070 1257 1117 1275 nec
1128 1256 1174 1274 nos
1187 1244 1366 1274 discedamus.
1382 1248 1473 1272 I.87l.
1484 1254 1513 1271 n.
1522 1242 1626 1281 Vigilat

884 1293 919 1322 ad
932 1292 1044 1321 exitium
1056 1297 1188 1325 nostrum,
1201 1296 1225 1318 et
1241 1299 1288 1318 nos
1307 1287 1450 1325 vigilemus
1458 1286 1491 1314 ad
1502 1286 1623 1314 salutem.

886 1344 903 1364 I.
932 1340 996 1365 872.
1020 1335 1151 1364 Diabolus
1176 1332 1312 1362 contendit
1339 1339 1368 1360 ut
1384 1342 1431 1360 nos
1450 1341 1624 1369 supercmur;

884 1380 906 1409 si
934 1379 1061 1408 adversus
1076 1389 1136 1408 eum
1160 1378 1290 1406 luctantes
1311 1375 1512 1410 excesserimus,
1527 1374 1627 1403 viceri-

885 1434 954 1453 mus.
971 1431 1021 1454 XI.
1038 1428 1099 1453 197,
1116 1433 1144 1451 o.
1163 1433 1189 1450 r..

924 1471 1034 1500 Diaboli
1045 1477 1083 1499 est
1099 1469 1216 1504 adulari,
1233 1467 1284 1497 Dei
1297 1467 1441 1506 corripere.
1460 1473 1516 1494 VII.
1528 1470 1625 1495 200.c.

885 1515 1017 1544 Diabolus
1030 1514 1104 1553 quasi
1119 1513 1191 1542 canis
1202 1512 1339 1541 adulatur.
1357 1518 1403 1540 lx.
1422 1515 1484 1539 148.
1502 1522 1528 1538 A.

925 1563 1056 1592 Diabolus
1069 1562 1217 1600 gehennam
1231 1560 1375 1588 concilians
1389 1558 1546 1593 honoratur,
1556 1560 1628 1585 Deus

885 1618 995 1646 regnum
1015 1607 1142 1646 pollicens
1154 1605 1310 1644 despicitur.
1328 1611 1374 1633 tx.
1390 1607 1435 1633 61.
1455 1613 1481 1631 e.
1498 1601 1626 1636 Diabolo,

885 1653 945 1681 licet
959 1661 1067 1680 onerosa
1090 1650 1236 1689 praecipiat,
1254 1648 1389 1677 ethorum
1411 1645 1560 1675 mercedem
1580 1655 1628 1684 ge-

885 1696 999 1724 hennam
1029 1700 1176 1734 proponat,
1195 1693 1280 1731 magis
1305 1692 1521 1729 obtemperamus
1546 1699 1627 1727 quam

885 1740 1004 1769 Christo.
1028 1746 1074 1767 tx.
1098 1743 1143 1766 64.
1172 1748 1198 1766 0.
1221 1736 1277 1765 Sub
1299 1736 1393 1773 laqueo
1406 1733 1508 1762 diaboli
1523 1743 1627 1768 sumus,

886 1785 994 1824 quando
1010 1784 1058 1813 Dei
1072 1783 1236 1812 voluntatem
1250 1792 1300 1809 non
1315 1781 1427 1809 facimus
1454 1786 1498 1808 xl.
1515 1783 1580 1808 750.
1600 1789 1628 1806 D.

926 1831 1058 1861 Diabolus
1066 1829 1211 1858 adventum
1220 1828 1319 1856 Christi
1329 1826 1473 1864 ignoravit.
1485 1832 1516 1853 v.
1527 1829 1625 1854 2090.

885 1884 911 1906 et
925 1877 984 1904 ideo
1000 1875 1076 1903 illum
1092 1873 1203 1902 tentavit
1214 1879 1271 1900 tum
1295 1872 1321 1899 in
1342 1870 1455 1903 deserto,
1469 1879 1529 1896 cum
1543 1867 1627 1896 Chri—

886 1928 942 1949 stus
959 1920 1086 1954 esuriret,
1101 1925 1158 1946 tum
1187 1917 1214 1944 in
1243 1923 1342 1944 monte.
1371 1921 1403 1942 V.
1431 1917 1496 1941 269.
1514 1923 1540 1941 c.
1568 1918 1626 1940 vn.

889 1970 952 1994 195.
973 1975 1000 1992 n.
1016 1964 1060 1992 Ex
1075 1961 1222 2000 Scripturis
1247 1970 1308 1988 cum
1329 1957 1437 1987 Christo
1460 1955 1627 1994 disputabat.

888 2015 920 2036 II.
945 2012 1009 2036 845.
1027 2017 1055 2034 D.
1076 2005 1185 2033 Diaboli
1202 2004 1294 2032 techna
1310 2009 1338 2030 ut
1358 2000 1460 2030 Christi
1480 1999 1628 2028 adventum

888 2052 1052 2080 obscuraret.
1065 2057 1084 2078 1.
1096 2054 1161 2078 772.
1175 2059 1234 2077 1³.C.
1252 2058 1313 2075 nam
1325 2044 1450 2084 cupiebat
1464 2051 1492 2072 ut
1505 2043 1629 2072 Christus

889 2107 939 2125 non
955 2101 1101 2134 pateretur.
1117 2100 1175 2121 vn.
1190 2097 1254 2120 619.
1272 2102 1300 2119 n.

929 2141 1060 2170 Diabolus
1087 2140 1112 2167 in
1146 2137 1283 2166 ecclesiam
1315 2146 1365 2163 nou
1402 2133 1563 2172 ingreditur.
1595 2140 1627 2161 11.

889 2191 954 2215 783.
971 2196 995 2213 c.
1013 2185 1111 2211 Contra
1130 2181 1277 2210 Ecclesiam
1296 2178 1422 2208 diabulus
1444 2177 1512 2205 nihil
1533 2183 1629 2215 potest.

891 2238 936 2259 111.
949 2234 1013 2258 stssfi.
1026 2238 1051 2255 B.

932 2275 1063 2305 Diabolus
1080 2272 1193 2301 Paulum
1208 2270 1419 2310 pertimescebat.
1430 2277 1461 2298 V.
1473 2274 1518 2297 64.
1537 2281 1565 2296 n.
1580 2269 1632 2297 Illo

892 2329 1030 2358 tamquam
1045 2316 1169 2345 carnifice
1188 2325 1256 2354 saepe
1274 2324 1338 2342 usus
1359 2321 1398 2342 est
1420 2314 1578 2352 Apostolus.
1594 2320 1629 2341 II.

894 2369 957 2394 312.

933 2408 1040 2438 Diaboli
1054 2405 1171 2444 nequitia
1186 2404 1255 2432 circa
1277 2409 1428 2441 martyrum
1443 2408 1582 2430 tormenta.
1600 2408 1632 2429 II.

894 2459 958 2484 814,
972 2465 1000 2482 n.
1019 2463 1044 2480 E.
1062 2449 1171 2478 Diaboli
1182 2448 1253 2476 vires
1268 2446 1414 2474 imbecilles
1426 2446 1487 2473 facit
1503 2445 1553 2472 Dei
1568 2455 1637 2483 pia*-

895 2498 989 2527 sentia.
1007 2503 1040 2524 v.
1058 2498 1119 2522 116.
1137 2503 1160 2520 13.
1177 2490 1292 2519 Diabolo
1316 2500 1367 2518 non
1386 2489 1447 2517 licet
1466 2488 1591 2517 accedere
1603 2487 1637 2516 ad

895 2543 1002 2572 caelum.
1017 2546 1063 2569 XI.
1080 2542 1143 2566 427.
1155 2547 1181 2565 c..

938 2587 1083 2619 Diabolus
1098 2585 1218 2613 thronus
1234 2583 1408 2619 iniquitatis.
1423 2588 1452 2608 V.
1467 2586 1520 2609 980
1544 2592 1569 2608 0.
1588 2590 1639 2608 v1¹0-
