1884 2922
206 196 271 231 186

205 274 249 297 80.
270 279 292 296 n.
311 266 430 306 Apostoli
447 277 462 294 a
476 265 578 296 Judaeis
597 265 666 293 male
682 264 782 303 accepti
798 270 823 291 et
837 264 940 291 vexati.

205 320 263 342 XII.
283 317 310 340 3.
327 324 353 341 A.
374 316 396 339 t.
415 321 438 338 1³.
454 321 479 338 c.

245 355 365 395 Apostoli
379 353 488 383 ecclesia
499 351 740 390 Constantinopoli.
760 358 818 379 XII.
833 355 897 379 535.
912 361 939 378 n.

205 399 395 438 Apostolorum
405 395 512 425 ecclesia
533 394 773 433 Constantinopoli.
786 402 830 422 III.
842 398 906 422 507.
919 404 941 421 u.

206 449 264 472 XII.
287 446 350 470 499.
375 451 403 469 E.
428 437 570 477 Apostolos
584 444 713 476 quantum
728 444 846 466 amarent
862 437 944 466 Chri-

204 485 294 515 stiani.
313 491 368 513 VII.
381 488 446 512 717.
464 493 493 510 D.

244 529 380 567 Apostoli
406 529 558 563 vinitores,
579 527 757 564 piscatores,
783 526 940 558 columnoe,

205 574 318 607 medici,
333 571 578 607 :luces‚cloctor·es.
589 577 636 598 III.
653 575 717 599 952.
732 581 756 598 n.
774 571 847 598 Item
863 575 943 598 salo-

206 628 263 654 res,
276 618 440 650 architecti,
451 615 573 654 pugiles,
589 615 723 651 athletae,
738 624 876 643 cursores.
900 613 941 642 lb.

205 662 415 698 Apostolorum
430 661 531 687 divisio
543 665 569 687 et
585 660 634 687 ubi
645 659 755 698 singuli
767 659 945 697 proetlI'cave-

204 707 273 733 rint.
298 712 368 733 VIII.
398 707 462 732 622.
487 713 511 730 11.
531 713 558 730 c.
583 703 795 741 Apostolorum
818 711 944 730 canones

206 755 412 777 memorantur.
434 755 480 777 VI.
498 751 562 775 964.
582 757 610 775 n.

245 794 425 822 Aposromci
442 791 541 830 scripta
563 790 659 820 moenia
675 797 736 819 sunt
751 789 941 819 Ecclesiarum.

209 843 251 865 VI.
267 841 331 865 334.
579 859 585 862 .

247 882 458 909 ΑΡΡΛωτιοΜε
473 878 592 918 duplicis
608 879 635 907 in
650 878 803 918 Epiphania
821 877 945 907 rationes.

208 931 239 952 II.
257 928 319 952 435.
342 934 369 951 1).
387 930 412 951 et
427 927 492 952 436.
507 933 535 952 13.
552 932 616 960 sqq.

250 969 343 995 Ami
359 965 468 995 videtur
482 966 581 1005 conjux
599 965 679 994 fuisse
700 964 872 994 Philemonis.
896 971 942 993 XI.

208 1016 271 1041 843.

251 1058 336 1089 AQUA
351 1054 496 1093 baptismi,
512 1064 593 1092 quam
612 1052 656 1081 die
676 1052 835 1092 Epiphaniae
851 1063 884 1080 ex
903 1062 949 1080 ec-

208 1100 286 1127 clesia
309 1098 420 1127 domum
443 1098 592 1126 referebant
618 1097 787 1131 Antiocheni,
815 1106 883 1124 anno
905 1095 949 1124 vel

208 1142 318 1170 biennio
345 1152 392 1169 seu
424 1141 540 1169 triennio
572 1141 726 1178 incorrupta
752 1139 884 1168 manebat.
914 1145 948 1167 II.

209 1190 274 1214 436.
292 1195 317 1212 13.
333 1186 407 1222 Aqua
420 1195 467 1212 cur
481 1184 626 1213 necessaria
638 1183 671 1212 sit
682 1183 716 1212 ad
728 1183 949 1211 illuminationem

210 1235 235 1257 ct
263 1228 437 1267 baptismum.
453 1235 524 1258 VIII.
541 1232 605 1256 168.
623 1238 648 1255 n.
666 1229 741 1265 Aqua
756 1227 816 1256 viva
829 1236 950 1265 quaenam

213 1272 416 1300 5111111315.

249 1318 454 1349 AQUAEDUCTUS
470 1321 494 1343 et
510 1314 593 1343 fontes
605 1314 631 1342 in
644 1313 779 1343 domibus.
794 1321 826 1343 V.
843 1318 908 1343 621.
922 1324 948 1342 c.

250 1362 365 1393 AQcirA
395 1359 528 1397 significat
554 1358 768 1397 Babyloniorum
792 1368 892 1396 regem.
918 1365 950 1386 II.

210 1407 277 1433 227.
296 1415 321 1430 Α.

251 1448 364 1480 AQmLA
379 1452 404 1473 et
415 1444 551 1481 Priscilla,
567 1445 640 1483 apud
651 1456 716 1483 quos
731 1444 869 1474 habitabat
880 1445 947 1473 Pau-

210 1491 262 1518 lus.
274 1497 306 1517 x.
322 1493 387 1518 477.
404 1499 429 1515 A.
448 1487 543 1524 Aquila
555 1495 580 1516 et
592 1488 715 1516 Priscilla
729 1499 809 1526 quam
820 1488 887 1517 bene
904 1489 951 1517 vi-

210 1540 311 1562 verent.
327 1540 383 1561 VII.
401 1536 465 1560 635.
482 1542 511 1560 D.
750 1560 752 1563 ,

253 1580 366 1610 AQUILA
394 1586 448 1613 pro
472 1576 572 1605 creavit
592 1587 645 1612 me,
664 1579 869 1616 interpretatus
892 1583 951 1613 est,

212 1619 329 1660 possedit
341 1630 392 1648 me.
408 1627 428 1647 I.
444 1624 524 1648 1032.
534 1633 559 1648 A.
573 1620 694 1659 Aquiloe
709 1622 801 1649 varia>
816 1622 952 1649 lectiones

214 1667 244 1692 in
262 1664 383 1692 Psalmo
397 1670 464 1691 CIII.
482 1667 515 1691 17
530 1675 536 1691 ε
550 1664 612 1692 Illic
631 1675 692 1693 aves
717 1664 901 1693 nidificabunt.
918 1670 949 1693 V.

214 1713 278 1736 812.
302 1707 363 1736 Illic
386 1717 447 1736 ares
466 1706 643 1736 nidificabunt
659 1721 667 1737 ι
684 1709 775 1737 erodio
789 1709 888 1737 abietes
902 1707 953 1736 dc—

214 1762 273 1780 mus
294 1761 395 1779 eorum.
418 1752 463 1780 ΙΙ).
483 1752 566 1780 Psal.
591 1759 657 1782 CVI.
682 1757 714 1780 41
741 1764 747 1780 ε
767 1753 801 1781 Et
824 1759 903 1791 ponet
925 1757 954 1779 ut

214 1805 320 1833 gregem
336 1795 513 1833 cognationes.
532 1802 563 1824 Υ.
580 1800 644 1824 844.
661 1806 688 1824 r..
713 1797 797 1825 Psal.
819 1803 950 1825 LXXVII.

216 1844 250 1867 46
264 1852 270 1867 ;
286 1839 423 1866 Bruclium
443 1849 492 1877 pro
516 1839 642 1877 aerugine.
656 1846 688 1868 v.
716 1845 779 1868 908.
794 1840 912 1878 Aquila?
927 1847 955 1868 et

220 1883 435 1911 Tlieodotionis.
451 1883 535 1911 Psal.
560 1890 629 1912 CIII.
645 1888 661 1912 6
678 1896 684 1912 :
706 1884 810 1923 Abysso
825 1884 894 1912 sicut
912 1884 955 1912 in-

215 1927 343 1954 dumento
369 1926 571 1955 circumdedisti
593 1938 661 1955 eam.
687 1935 717 1956 V.
738 1933 801 1957 809.
820 1940 847 1956 A.
872 1929 953 1956 Psal.

217 1977 332 1998 XCVIII.
350 1974 402 1998 122
416 1981 421 1997 t
436 1969 577 2008 Fidcjuhe.
598 1978 629 1999 V.
653 1976 715 1999 881.
737 1983 760 1999 c.
782 1972 904 2011 Aquilce
927 1979 954 2000 et

216 2014 382 2052 symmachi
403 2013 497 2042 lectio.
514 2014 596 2042 Psal.
611 2021 676 2043 CIII.
699 2019 714 2043 5
731 2026 737 2041 :
754 2016 843 2054 Super
867 2015 954 2044 sedem

217 2064 345 2085 si1ain.v.
363 2062 427 2086 809.
451 2068 478 2086 E.
498 2057 618 2096 Aquila³
633 2066 660 2087 et
679 2060 794 2096 Quinta,³
815 2061 954 2088 editionis

218 2101 303 2129 lectio
324 2101 407 2129 I’sal.
430 2108 508 2130 CVII.
532 2107 584 2130 10:
599 2103 677 2131 Moab
695 2103 764 2131 lebes
777 2103 876 2133 lavacri
891 2105 952 2133 mci.

219 2151 250 2171 V.
275 2149 338 2173 847.
361 2156 386 2172 A.
408 2145 523 2182 Aquila
541 2147 682 2184 interpres
704 2148 881 2184 intelligitur
902 2151 954 2177 sub

219 2189 331 2216 nomine
345 2189 496 2226 cujusdam
513 2190 668 2227 proselyti,
688 2193 770 2228 cujus
786 2193 905 2220 lectioni
916 2194 955 2229 fi-

218 2232 282 2259 dem
294 2232 431 2260 habentes
439 2254 447 2269 ,
462 2234 874 2270 Quartodecimanz'Pascham
888 2247 953 2275 per-

221 2282 373 2304 verterunt.
389 2283 459 2304 VIII.
478 2281 540 2305 967.
557 2288 581 2306 Β.

260 2321 337 2353 Ana,
354 2320 468 2358 templa,
488 2321 612 2358 mysteria
628 2322 780 2359 gentilium,
799 2323 878 2361 paulo
896 2331 954 2362 post

218 2362 349 2400 evangelii
368 2363 587 2401 praedicationem
610 2366 702 2403 ejecta.
727 2374 747 2394 1.
768 2372 831 2396 702.
854 2379 877 2395 n.
896 2373 954 2396 Arm

219 2406 616 2446 gentiliumhumanosanguine
625 2411 841 2440 cruent.·ibant11r.
852 2417 951 2441 11642.

260 2451 377 2486 Anima,
389 2458 536 2479 aromatum
556 2453 640 2480 ferax.
657 2460 702 2481 XI.
718 2459 781 2483 702.
799 2466 823 2483 r.
839 2456 869 2483 In
884 2458 954 2484 Ara-

218 2491 288 2520 biam
302 2493 379 2520 multi
391 2493 465 2522 ibant
477 2501 504 2522 ut
514 2495 609 2524 fimum
621 2497 674 2525 Job
685 2497 813 2526 viderent.
827 2506 859 2527 11.
872 2504 917 2527 69.
929 2512 952 2527 A.

220 2536 318 2564 Arabes
337 2537 551 2568 subindicantur.
575 2547 606 2568 V.
636 2546 698 2570 155.
722 2553 746 2571 c.
780 2543 878 2571 Arabes
902 2554 953 2571 una

215 2590 276 2608 cuin
300 2580 452 2618 Babyloniis
472 2583 578 2612 Juda-os
598 2585 755 2615 invaserant,
783 2594 813 2614 V.
838 2592 900 2614 4.*«17.
925 2598 948 2613 (κ

847 204 948 226 ΙΝΠΕ(
978 202 1087 224 RERUM
1100 217 1106 224 .

998 263 1114 290 Arabia
1132 264 1212 301 regio
1222 262 1311 301 plena
1326 263 1429 292 incolis
1445 265 1581 303 improbis
1593 271 1619 293 ct
1635 273 1734 292 cor-ru-

996 309 1063 344 ptis.
1082 312 1126 334 VI.
1145 310 1208 333 (383.
1223 317 1249 333 Ε.

1038 352 1170 378 AnAniss1
1185 356 1363 378 commoratus
1374 356 1412 378 est
1427 351 1503 378 exsul
1515 351 1731 389 Chrysostomus.

1000 401 1045 422 III.
1063 398 1127 422 692.
1154 405 1180 421 E.
1206 393 1324 422 Arabissi
1347 405 1407 429 arx,
1427 394 1453 422 in
1476 405 1526 432 qua
1548 394 1735 422 includebatur

1000 437 1207 476 Clirysostomus
1217 444 1255 473 ,et
1270 437 1295 465 iu
1311 448 1361 476 qua
1375 438 1538 466 calamitates
1552 438 1649 466 multas
1660 437 1732 465 tulit.

1000 488 1046 510 III.
1057 486 1122 509 761.

1038 528 1164 554 Annuus
1182 525 1366 564 Clirysostomi
1389 533 1414 554 et
1435 526 1608 565 Olympiadis
1622 525 1734 553 amicus.

1000 576 1045 597 III.
1063 574 1128 597 708.
1150 581 1179 597 n.
1196 570 1295 598 Arabio
1313 570 1407 598 scribit
1428 571 1635 609 Chrysostomus
1660 575 1737 596 ante-

999 623 1079 650 quam
1087 613 1222 641 Cucusum
1236 613 1394 642 advenisset.
1405 621 1449 642 III.
1461 618 1526 641 796,
1542 625 1569 641 n.
1585 612 1739 650 AliaChry-

1000 656 1107 684 sostomi
1121 656 1155 684 ad
1169 656 1292 685 eumdem
1305 657 1427 695 epistola.
1447 664 1490 685 111.
1508 662 1572 686 743.
1589 667 1615 685 c.

1040 702 1162 728 Anam
1174 710 1226 739 pro
1241 701 1371 728 humana
1385 703 1460 728 vita.
1480 708 1511 729 Υ.
1530 706 1591 729 964.
1611 711 1636 728 11.

1040 745 1160 771 ARARAT
1171 751 1283 781 montes,
1299 754 1379 783 super
1399 755 1464 782 quos
1477 755 1537 772 arca
1552 744 1650 772 sedisse
1671 741 1739 771 dici-

1000 793 1054 815 tul'.
1075 794 1119 815 IV.
1135 792 1198 816 291.
1211 800 1237 815 Α.

1042 834 1128 860 Arum
1142 838 1225 870 poetae
1239 842 1345 861 versum
1363 831 1462 861 Paulus
1474 832 1561 860 affert.
1575 838 1621 860 IX.
1635 836 1699 860 319.
1711 841 1738 858 n.

1003 881 1049 903 xl.
1063 879 1128 903 807.
1147 888 1174 903 A.
1529 898 1532 900 ,

1041 919 1170 948 ARBITRII
1183 919 1306 948 libertate
1314 919 1442 948 honorata
1454 919 1504 948 suit
1516 919 1631 948 humana
1641 919 1739 948 volun-

1001 965 1061 991 tas.'
1075 969 1105 991 V.
1124 967 1187 992 403.
1207 974 1232 991 Β.
1251 970 1308 991 VII.
1327 968 1389 991 391.
1410 974 1434 990 Β.
1454 968 1516 992 392.
1532 974 1556 991 c.
1573 963 1688 992 Arbitrii
1704 962 1740 991 li-

1001 1005 1127 1034 bertatem
1139 1016 1189 1035 non
1203 1006 1374 1043 labefactant,
1389 1016 1473 1044 neque
1484 1006 1664 1034 necessitatem
1676 1006 1740 1034 affe-

1003 1056 1064 1078 runt
1081 1049 1181 1078 Christi
1190 1049 1375 1089 praedictiones
1387 1049 1420 1078 dc
1431 1049 1573 1078 scandalis.
1586 1057 1620 1079 Χ.
1636 1055 1701 1078 233.
1715 1061 1739 1078 n.

1002 1092 1155 1121 Arbitrium
1174 1093 1321 1121 voluntatis
1337 1095 1408 1121 Deus
1428 1094 1504 1122 effert
1519 1094 1634 1131 ubique,
1651 1100 1676 1122 et
1691 1104 1740 1121 ne-

1002 1137 1149 1164 cessitatem
1164 1136 1243 1164 tollit.
1268 1143 1338 1164 VIII.
1359 1141 1404 1165 69.
1419 1148 1442 1165 Β.
1466 1147 1492 1166 c.
1509 1137 1629 1165 Arbitrio
1652 1144 1742 1165 nostro

1003 1180 1075 1208 Deus
1088 1180 1189 1208 nullam
1205 1180 1283 1208 infert
1298 1181 1490 1210 necessitatem.
1508 1187 1580 1210 VIII.
1594 1185 1639 1209 65.
1654 1191 1680 1210 Α.
1696 1183 1742 1208 Α1-

1002 1223 1079 1252 bitrii
1091 1224 1174 1252 nostri
1186 1224 1335 1252 naturalem
1347 1224 1496 1252 libertatem
1509 1225 1623 1253 ostendit
1637 1235 1741 1253 morum

1004 1275 1154 1296 nostrorum
1181 1269 1319 1306 repentina
1343 1268 1466 1296 mutatio.
1494 1275 1539 1296 Ix.
1565 1273 1629 1297 348.
1653 1280 1678 1296 13.
1698 1270 1742 1298 Ex

1002 1311 1115 1340 arbitrio
1133 1318 1221 1340 nostro
1237 1311 1272 1340 ad
1289 1322 1335 1340 nos
1351 1312 1451 1340 accedit
1468 1313 1550 1341 Deus.
1567 1320 1637 1341 VIII.
1654 1317 1699 1341 46.
1715 1324 1740 1341 B.

1004 1355 1032 1384 Si
1046 1363 1090 1384 tua
1103 1356 1259 1395 praebueris,
1270 1367 1329 1394 quae
1342 1363 1403 1384 sunt
1417 1356 1490 1384 illius
1502 1357 1574 1392 (Dei)
1588 1367 1693 1394 quoque
1704 1367 1744 1385 se-

1005 1407 1128 1437 quentur.
1146 1407 1178 1429 V.
1194 1405 1256 1429 403.
1273 1411 1297 1428 1³.
1318 1400 1474 1429 Arbitrium
1490 1408 1609 1429 nostrum
1628 1401 1743 1429 liberum

1004 1444 1106 1471 anxilio
1120 1454 1186 1483 opus
1204 1444 1294 1474 habet.
1312 1451 1381 1472 VIII.
1404 1449 1469 1472 310.
1487 1456 1513 1473 Α.
1534 1444 1671 1481 Arbion,
1686 1455 1745 1473 non.

1006 1489 1198 1524 necessitatis,
1211 1495 1280 1516 sunt
1295 1489 1415 1516 virtutes
1432 1498 1536 1516 omnes.
1553 1495 1624 1517 VIII.
1639 1493 1702 1517 651.
1716 1500 1743 1517 Λ.

1005 1530 1082 1559 Adde
1097 1533 1234 1560 LlnEnUM
1257 1543 1427 1561 IIIBITIIIIJM.

1046 1575 1176 1604 Annoni-:s
1198 1576 1224 1604 in
1250 1576 1333 1604 hortis
1356 1576 1476 1606 colebant
1505 1577 1665 1606 idololatrae.
1696 1584 1741 1605 VI.

1006 1623 1051 1649 20.
1064 1629 1091 1648 c.

1046 1667 1126 1691 Anca
1142 1664 1198 1692 Noe
1216 1664 1295 1703 longo
1310 1671 1429 1703 tempore
1440 1665 1522 1703 facta,
1538 1672 1567 1694 nt
1579 1665 1699 1693 homines
1710 1664 1756 1706 ad,

1006 1706 1215 1745 resipiscentiam
1229 1709 1360 1736 venirent.
1380 1715 1424 1737 lV.
1444 1714 1508 1737 259.
1532 1721 1557 1737 B.
1579 1720 1603 1738 c.
1622 1720 1649 1737 D.
1667 1711 1744 1738 Arete

1007 1750 1149 1779 aedificatio
1163 1752 1318 1780 hominibus
1329 1752 1490 1782 admonitio.
1511 1761 1529 1782 Ι.
1546 1758 1609 1782 202.
1626 1765 1652 1781 A.
1667 1753 1745 1781 Arczn

1007 1795 1063 1823 Noe
1075 1805 1136 1824 cum
1150 1796 1269 1825 Ecclesia
1281 1797 1430 1825 similitudo
1442 1806 1466 1825 et
1478 1797 1633 1826 differentia
1650 1796 1743 1826 siniul.

1007 1845 1027 1866 I.
1043 1843 1108 1867 959.
1125 1851 1149 1868 Β.
1165 1847 1198 1868 II.
1218 1844 1282 1868 567.
1300 1851 1326 1870 C.
1339 1846 1401 1869 SM.
1413 1852 1441 1869 n.

1048 1885 1124 1912 Arcae
1145 1885 1201 1913 Noc
1225 1884 1344 1922 reliquiae
1367 1891 1485 1924 tempore
1510 1885 1696 1924 Chrysostomi
1718 1884 1746 1912 in

1008 1927 1284 1956 montibusArmeniae
1301 1928 1486 1957 servabantur.
1504 1936 1550 1958 VI.
1563 1934 1628 1957 350.
1646 1939 1672 1956 E.
1689 1930 1746 1956 Ar-

1007 1981 1066 1999 cam
1084 1971 1191 2000 foederis
1204 1980 1322 2010 tempore
1333 1972 1519 2011 Chrysostomi
1534 1983 1561 2000 se
1576 1972 1674 2000 habere
1693 1973 1745 2001 Ju-

1007 2014 1057 2042 doei
1069 2015 1238 2053 jactitabant.
1255 2023 1276 2043 I.
1293 2019 1358 2046 807.
1377 2027 1403 2044 c.
1427 2017 1498 2045 Arca
1514 2027 1529 2044 a
1552 2016 1639 2045 vaccis
1664 2016 1744 2044 ducta

1008 2060 1150 2097 quomodo.
1170 2067 1215 2089 XI.
1234 2065 1296 2088 808.
1311 2071 1338 2090 e.

1049 2105 1115 2132 Arca
1135 2105 1260 2134 Ecclesiae
1275 2105 1399 2144 pecunias
1423 2105 1559 2133 continens
1579 2104 1612 2132 ad
1629 2104 1745 2132 elcemo-

1007 2159 1111 2187 synam.
1127 2156 1182 2178 VII.
1200 2154 1263 2177 422,
1280 2160 1309 2176 n.
1328 2149 1411 2177 Arca
1422 2149 1563 2178 Ecclesioe
1574 2158 1746 2187 quamprce-

1007 2199 1060 2220 stet
1081 2203 1156 2221 arca?
1171 2194 1242 2221 Noe.
1264 2200 1332 2221 VIII.
1351 2197 1417 2221 641.

1048 2239 1167 2264 ARCANA
1183 2237 1230 2265 Dei
1252 2236 1370 2275 profanis
1384 2247 1436 2265 non
1451 2236 1608 2275 detegenda.
1628 2244 1660 2265 Υ.
1679 2241 1743 2265 436.

1008 2292 1034 2308 n.
1051 2281 1156 2309 Arcana
1174 2288 1198 2308 et
1217 2287 1314 2309 secreta
1334 2280 1405 2309 unde
1426 2287 1482 2309 orta
1506 2281 1568 2309 sint.
1588 2288 1634 2309 XI.
1652 2286 1696 2309 84.
1716 2292 1743 2308 A.

1046 2327 1191 2353 Aucmms
1207 2324 1510 2363 imperatui-despectus
1524 2331 1570 2352 111.
1591 2329 1655 2353 463.
1670 2335 1700 2352 n.
1716 2335 1742 2352 E.

1009 2369 1107 2397 Milites
1128 2368 1252 2407 Eutropii
1277 2379 1366 2396 necem
1398 2368 1568 2407 deposcentes
1599 2368 1742 2406 mitigavit.

1009 2420 1052 2441 III.
1068 2417 1131 2441 459.
1148 2424 1175 2440 A.
1190 2424 1215 2439 B.
1232 2412 1390 2450 Eutropium
1402 2423 1417 2440 a
1434 2411 1532 2450 templo
1547 2411 1645 2439 abduci
1658 2411 1743 2450 jubet.

1009 2464 1053 2485 111.
1070 2462 1133 2485 456.
1147 2468 1172 2485 Δ.
1189 2456 1409 2495 Clnysostoiuum
1423 2467 1436 2483 a
1447 2456 1535 2494 priore
1547 2455 1642 2483 exsilio
1655 2455 1744 2483 reduci

1004 2501 1095 2539 jussit.
1118 2508 1160 2529 III.
1184 2506 1247 2529 617.
1268 2512 1293 2528 A.
1320 2501 1386 2528 Cum
1409 2499 1534 2528 satellitio
1557 2510 1605 2527 suo
1629 2498 1701 2527 venit
1717 2498 1743 2525 in

1007 2545 1146 2573 ecelesiam
1157 2545 1186 2573 S.
1200 2544 1311 2572 Thomae
1326 2543 1361 2571 ad
1375 2543 1514 2581 Drypiam,
1527 2542 1662 2580 Reliquias
1676 2552 1745 2569 niar—

1008 2595 1098 2626 tyrum
1116 2594 1296 2615 veneraturus,
1318 2594 1375 2614 XII.
1399 2591 1445 2614 474
1478 2598 1502 2612 Γ..
