1910 2907
608 184 645 206 M
655 184 695 206 Nc
719 183 848 206 Panthu
879 183 1072 206 &UOR-NATA.

76 247 152 276 nobis
166 254 227 275 sunt
247 247 328 275 dicta*
349 259 361 272 n
387 247 425 275 lta
447 253 477 274 ut
491 253 593 275 certum
608 246 730 275 videatur
747 246 816 274 hane

75 293 176 321 dictam
188 292 270 321 fuisse
283 293 376 332 paucis
384 299 444 332 post
459 292 534 320 illam
548 302 629 331 quam
642 292 675 320 de
685 293 816 320 Resurre-

75 339 162 367 ctione
179 345 204 367 et
225 338 260 367 de
288 340 386 366 Lazaro
406 338 527 376 quintam
547 338 747 377 insci·ipsimus;
762 338 816 365 imo

75 384 194 413 fortassis
205 390 265 412 ante
277 391 380 412 sextam
392 383 426 412 de
441 383 646 412 Resurrectione
658 382 724 411 etde
737 384 818 411 Laza-

76 441 116 459 r0.
139 431 214 459 Hanc
236 441 298 459 cum
321 429 376 458 illis
397 429 431 458 de
454 431 554 458 Lazaro
576 436 599 458 ct
621 429 682 457 aliis
699 429 818 467 ejusdem

75 477 213 516 temporis,
228 487 288 515 quae
303 476 429 505 undecim
441 486 552 504 numero
565 483 636 511 sunt,
648 475 750 504 confert
763 475 819 503 Til-

75 522 220 551 lemontius
243 522 270 550 in
294 521 357 550 anni
389 521 447 550 386
468 521 576 550 initium
593 533 599 548 :
623 528 714 549 contra
739 531 819 558 quam

75 570 203 609 temporis
218 576 312 598 notam
324 579 376 597 non
393 579 478 608 pauca
493 568 625 605 diximus,
639 568 713 597 aliud
731 575 818 596 autem

75 623 263 654 argumentum
289 615 426 654 prioribus
456 615 611 654 adjicimus.
645 615 754 643 Certum
781 620 820 642 cst

76 661 299 701 Chrysostomum
313 671 383 689 anno
399 661 507 689 ineunte
521 662 578 690 557
592 671 644 689 non
659 670 757 699 paucos
770 659 819 687 ha-

74 710 165 738 buisse
179 719 313 738 sermones
324 708 359 737 de
374 709 503 748 ὁμοουσίῳ
515 716 540 737 et
557 715 648 737 contra
663 710 817 741 Anomoeos3

29 761 66 780 ⁵2³
76 765 124 784 nec
138 754 227 783 minus
241 762 354 788 certum,
369 755 452 783 solere
465 755 687 794 Chrysostomum
700 753 819 792 praeteri-

74 808 163 829 tarum
179 801 339 829 concionum
354 801 519 837 meminisse,
541 801 618 839 cujus
638 799 677 828 rei
695 798 818 838 exempla

74 849 175 887 passim
196 847 317 876 vidimus
336 859 342 874 ε
365 857 398 874 an
415 857 479 875 vero
501 846 654 884 contingere
667 844 766 884 potuit,
787 851 818 873 ut

75 894 182 932 vigente
203 893 249 921 illa
273 900 364 921 contra
390 894 532 921 Anomoeos
555 891 762 930 disceptatione,
787 890 816 918 in

75 939 147 967 nulla
162 939 291 967 harumce
304 948 399 966 novem
414 937 598 970 homiliarum,
615 947 674 974 quae
689 936 746 964 sine
759 935 815 964 du-

73 985 130 1021 bio,
143 985 166 1013 si
181 984 273 1013 eodem
287 994 356 1012 anno
367 990 393 1012 et
403 994 493 1012 mense
508 983 606 1011 habitae
618 982 729 1019 fuerint,
745 981 816 1010 inter

75 1030 214 1059 Homilias
222 1036 312 1059 contra
323 1032 464 1058 Anomoeos
475 1028 635 1057 intermixtae
643 1028 761 1065 fuerunt,
772 1028 815 1056 vel

78 1077 218 1106 minimam
231 1076 325 1106 haberi
340 1077 422 1116 hujus
437 1075 622 1105 controversiae
636 1074 816 1103 mentionem?

73 1123 129 1152 Hac
140 1123 206 1152 mihi
218 1133 286 1151 nova
297 1122 405 1151 suborta
416 1120 559 1150 dubitandi
570 1131 648 1150 causa
657 1120 739 1149 animi
753 1131 816 1159 pen-

77 1170 138 1205 deo,
149 1169 233 1198 donec
244 1169 311 1207 quid
321 1169 417 1197 certius
429 1175 554 1206 emergat.

114 1215 262 1254 Septimam
283 1213 317 1242 de
339 1214 438 1242 Lazaro
458 1214 582 1252 ponimus
597 1213 737 1241 homiliam
758 1223 817 1251 quae

75 1263 247 1299 inscribitur,
271 1275 285 1288 «
297 1262 447 1290 Adversus
461 1271 525 1296 eos,
541 1263 592 1299 qui
615 1262 656 1289 ad
675 1264 817 1290 circenses

75 1310 159 1338 ludos
170 1315 312 1347 pergunt,
327 1314 354 1335 et
368 1309 400 1334 in
415 1307 501 1335 illum
520 1308 680 1344 Evangelii
698 1308 792 1335 locum
807 1319 817 1337 .·

75 1357 174 1384 Intrate
193 1365 240 1394 per
253 1360 392 1392 angustam
413 1359 534 1391 portam,
557 1353 619 1391 quia
634 1353 686 1382 lata
702 1360 778 1392 porta
794 1360 819 1382 et

74 1403 189 1442 spatiosa
210 1402 254 1429 via
276 1407 334 1435 est,
354 1410 413 1438 quat¹
433 1399 509 1428 ducit
528 1400 564 1428 ad
583 1399 777 1439 perditionem,
795 1407 819 1428 et

74 1447 152 1476 inulti
163 1453 224 1475 sunt
234 1446 279 1485 qui
291 1446 391 1474 intrant
404 1455 450 1483 per
465 1455 521 1473 eam
539 1457 546 1473 :
559 1452 585 1474 et
602 1456 705 1474 versus
712 1446 818 1485 finem,

75 1497 106 1522 in
114 1495 243 1523 Divitem
253 1500 279 1522 el
292 1496 322 1520 in
330 1491 582 1520 Laza1·11171.»Hanc
593 1503 656 1520 vero
666 1493 819 1521 concionem

74 1540 100 1568 in
117 1540 183 1568 serie
193 1539 367 1568 homiliarum
379 1537 413 1565 de
424 1538 526 1566 Lazaro
541 1548 597 1567 esse
608 1537 759 1577 ponendam
770 1538 819 1567 do-

75 1592 116 1614 cet
128 1586 185 1624 ipse
197 1585 408 1624 Chrysostomus
423 1593 499 1611 num.
513 1585 531 1612 5
543 1595 550 1611 2
561 1597 575 1610 «
586 1585 679 1613 Unum
691 1584 775 1623 igitur
787 1595 820 1614 ex

76 1632 124 1667 iis,
140 1631 185 1669 qui
198 1642 246 1670 per
255 1636 398 1669 angustam
410 1637 435 1658 et
449 1636 548 1658 arctam
560 1630 634 1658 viam
645 1630 818 1669 incesserunt,

73 1677 150 1705 vobis
165 1677 192 1705 in
207 1676 326 1705 medium
343 1677 521 1715 proferentes,
541 1686 633 1704 eorum
655 1687 713 1714 quae
732 1687 746 1704 a
762 1677 819 1705 Do-

74 1725 146 1753 mino
161 1723 231 1752 dicta
248 1731 310 1752 sunt
324 1725 464 1753 veritatem
483 1724 652 1752 ostendamus
663 1747 670 1759 ‚
689 1731 714 1752 et
727 1723 819 1752 eadem

74 1781 166 1799 rursus
181 1769 291 1798 Domini
306 1770 433 1808 parabola
459 1776 574 1798 utamur.
589 1781 603 1795 n
618 1769 654 1797 Et
668 1769 759 1807 paucis
772 1770 818 1798 in—

73 1816 209 1855 terpositis
222 1838 230 1851 ,
246 1826 290 1844 eos
305 1815 398 1844 eadem
416 1815 543 1854 parabola
555 1817 611 1855 jam
627 1815 747 1844 imbutos
767 1815 818 1844 de-

73 1862 176 1890 clarans
188 1884 196 1895 ,
214 1861 252 1889 sic
266 1862 369 1900 pergit:
387 1874 401 1888 «
418 1864 455 1890 Ac
469 1861 524 1890 scio
538 1861 662 1900 equidem
683 1872 729 1890 vos
740 1883 748 1897 ‚
765 1861 818 1890 ho—

74 1908 159 1936 mines
171 1907 335 1946 perspicaces
345 1929 353 1942 ‚
366 1907 423 1946 jam
436 1906 508 1945 quod
521 1906 644 1935 dicturus
661 1917 720 1935 sum
734 1907 817 1936 intel-

73 1954 175 1991 ligere-5
200 1952 376 1981 nihilominus
399 1959 488 1981 tamen
507 1963 523 1980 a
543 1952 620 1981 nobis
639 1951 694 1981 dici
715 1963 819 1981 necesse

73 2007 123 2029 est,
137 2011 151 2025 n
167 1999 201 2027 Et
212 2006 301 2038 postea
312 1998 346 2027 de
362 1998 448 2027 divite
465 2006 489 2027 et
505 1999 605 2027 Lazaro
619 1999 744 2038 pluribus
753 2000 819 2038 agit.

74 2048 190 2076 Demum
210 2057 284 2075 num.
304 2047 339 2082 5,
357 2053 498 2085 postquam
517 2047 611 2075 Lazari
625 2051 819 2076 mortemeum

74 2093 168 2121 divitis
192 2093 268 2121 obitu
296 2093 444 2121 contulerat
470 2103 476 2120 :
501 2106 514 2119 «
538 2093 672 2121 Lubenter
695 2093 767 2122 enim
786 2105 800 2119 »
811 2115 818 2129 ‚

75 2139 131 2172 ait,
148 2151 162 2165 «
182 2138 252 2166 hanc
272 2148 328 2165 rem
344 2148 414 2176 saepe
429 2148 505 2167 verso
519 2160 526 2173 ,
547 2145 576 2166 ut
599 2148 675 2166 nemo
696 2149 728 2167 ex
746 2138 816 2173 illis,

74 2184 122 2223 qui
143 2191 256 2222 egestate
275 2184 318 2212 vel
338 2184 440 2212 morbis
458 2191 484 2212 et
505 2185 574 2213 same
595 2191 772 2223 premuntur,
790 2195 817 2212 se

76 2236 242 2264 contemnat,
269 2237 295 2258 et
309 2230 425 2268 seipsum
445 2230 574 2258 miserum
591 2230 755 2266 arbitretur,
771 2230 815 2258 sed

77 2275 204 2314 patienter
214 2286 228 2301 n
239 2297 248 2311 ‚
264 2282 313 2305 etc.
328 2276 373 2304 Ex
383 2275 482 2313 quibus
504 2276 677 2314 perspicuum
690 2283 728 2305 est
748 2276 816 2304 hanc

76 2321 155 2361 paulo
170 2327 230 2360 post
244 2320 369 2349 homilias
384 2321 443 2349 illas
459 2328 572 2359 quatuor
589 2321 623 2350 de
640 2323 740 2351 Lazaro
753 2333 816 2361 pro-

75 2367 227 2395 nuntiatam
238 2365 330 2394 fuisse.
348 2366 530 2402 Quamobrem
542 2367 569 2395 iu
582 2368 717 2396 nonnullis
728 2368 816 2397 Codi-

75 2413 152 2441 cibus
170 2414 236 2440 Mss.
254 2411 321 2439 inter
336 2411 467 2440 Homilias
483 2411 517 2440 de
533 2414 633 2441 Lazaro
649 2413 774 2452 ponitur,
793 2420 818 2441 et

75 2461 103 2488 in
122 2459 276 2488 Colbertino
291 2458 349 2488 564
367 2466 426 2497 post
450 2467 564 2498 quatuor
580 2460 641 2488 illas
668 2461 770 2499 priores
785 2461 818 2489 de

77 2508 176 2536 Lazaro
191 2506 311 2541 locatur,
328 2512 354 2533 et
369 2505 524 2533 inscribitur
535 2506 635 2541 Quinta
650 2507 684 2534 de
696 2508 796 2535 Lazaro
808 2529 815 2541 ‚

78 2559 156 2590 atque
170 2551 286 2580 Humilia
307 2551 335 2579 in
350 2551 417 2579 illud
429 2573 436 2585 ‚
457 2552 535 2580 Nolo
558 2562 611 2580 vos
631 2553 763 2591 ignorare
783 2554 818 2581 cl:

78 2599 304 2634 dormientibus,
321 2597 475 2627 inscribitur
487 2598 565 2628 sese·
579 2597 613 2627 dc
632 2599 740 2627 Lazaro.
757 2600 797 2627 Vc
807 2617 815 2620 -

1545 173 1608 214 μβ

870 256 930 273 rum
942 245 1009 274 hanc
1020 252 1181 285 postremam
1191 245 1224 274 de
1233 245 1317 274 Ludis
1329 246 1492 274 circensibus
1500 269 1507 281 ,
1520 246 1565 274 illa
1576 245 1610 274 dc

869 293 1073 322 Dormientibus
1094 293 1249 331 prmcessit,
1279 300 1307 322 ut
1322 292 1378 332 ipsa
1400 292 1517 321 homilia}
1537 293 1610 321 illius

869 338 956 377 prima
985 339 1065 368 verba
1091 339 1209 368 indicant
1228 351 1234 366 :
1265 340 1334 368 Dies
1354 346 1480 377 quatuor
1506 341 1538 367 in
1561 349 1610 367 er-

869 385 1009 423 plicanda
1034 387 1119 414 vobis
1143 386 1250 414 Lazari
1276 386 1420 424 parabola
1448 387 1610 414 consumsi—

870 441 933 459 mus
953 453 960 464 ‚
991 438 1039 459 ete.
1062 432 1149 470 Igitur
1178 431 1325 460 Antiochiae
1358 431 1520 460 continenter
1552 437 1611 469 post

871 477 1008 506 conciones
1024 477 1058 506 de
1074 478 1174 506 Lazaro
1188 477 1257 507 hanc
1271 478 1365 506 habuit
1380 478 1521 506 homiliam
1534 500 1541 514 ,
1563 476 1611 505 ubi

871 524 990 562 primum
1001 531 1091 553 contra
1104 524 1166 553 illos
1179 525 1234 563 agit
1245 547 1252 560 ,
1268 525 1314 562 qui
1331 524 1458 552 circenses
1470 523 1548 552 ludos
1560 523 1613 551 fre-

871 568 1048 606 quentabant,
1062 576 1087 598 et
1101 577 1191 607 postea
1208 569 1244 598 ad
1258 576 1411 598 consuetam
1425 569 1459 598 de
1472 569 1572 597 Lazaro
1587 574 1612 596 et

872 615 957 644 divite
969 616 1124 654 parabolam
1135 616 1261 646 deflectit.

911 661 1045 690 Hactenus
1059 668 1164 700 tempus
1185 673 1237 700 quo
1258 663 1395 691 conciones
1416 662 1536 701 singulas
1556 664 1612 690 An-

871 707 975 736 tiochiae
991 707 1086 735 babuit
1096 708 1304 747 Chrysostomus
1314 708 1522 746 assignavimus,
1533 709 1612 737 modo

870 755 964 791 certis,
987 754 1067 783 modo
1086 754 1177 783 dubiis
1198 755 1315 784 indiciis.
1335 756 1451 783 Caeteras
1469 766 1530 784 vero
1548 766 1613 793 quas

869 800 1004 829 edidimus
1016 823 1023 835 ,
1045 811 1163 838 quasque
1183 801 1330 830 Antiochiae
1346 823 1352 835 ‚
1368 801 1424 829 sine
1440 800 1495 829 ulla
1516 801 1614 839 proba-

873 847 924 875 bili
946 847 1009 875 anni
1030 853 1102 882 nota,
1116 847 1240 876 habuisse
1253 854 1394 887 putamus,
1418 847 1462 875 hic
1478 847 1614 876 continen-

872 898 912 920 ter
932 902 1097 931 apponemus
1109 916 1116 930 ,
1136 892 1184 921 illo
1205 893 1296 922 ordine
1315 903 1368 932 quo
1390 893 1418 921 in
1432 893 1482 921 hac
1496 892 1613 921 editione

868 938 1002 966 feruntur.

908 984 1054 1013 Homiliam
1069 986 1185 1024 primam
1200 986 1226 1014 in
1239 987 1408 1015 Pentecosten
1420 996 1452 1015 ne
1462 987 1611 1025 conjectura

870 1030 979 1068 quidem
994 1032 1084 1060 dicere
1097 1043 1241 1071 possumus
1259 1043 1313 1070 quo
1328 1043 1397 1061 anno
1412 1032 1504 1061 habita
1520 1032 1612 1067 fuerit,

869 1083 899 1104 ut
913 1076 939 1104 in
955 1077 1060 1106 Monito
1076 1078 1111 1106 ad
1121 1078 1241 1107 eamdem
1257 1079 1442 1118 probavimus.
1458 1079 1489 1106 In
1505 1089 1535 1107 ea
1550 1089 1612 1107 vcro

869 1133 922 1151 non
937 1134 1049 1162 parvam
1067 1124 1144 1153 nobis
1157 1124 1349 1153 difficultatem
1367 1124 1443 1153 affert
1458 1124 1485 1152 in
1501 1134 1611 1152 enume-

869 1168 962 1197 randis
976 1170 1124 1209 majoribus
1137 1170 1328 1199 festivitatibus
1338 1193 1345 1206 ‚
1360 1181 1426 1208 quas
1442 1170 1492 1198 sub
1506 1170 1612 1198 initium

869 1215 962 1254 primae
983 1216 1010 1244 in
1024 1217 1195 1245 Pentecosten
1217 1216 1337 1245 homiliae
1360 1217 1398 1245 sic
1411 1223 1609 1244 commemorat.

870 1261 988 1290 Primam
1013 1261 1079 1290 dicit
1102 1262 1299 1301 Epiphaniam,
1326 1261 1470 1290 secundam
1492 1261 1591 1290 Pascha
1605 1284 1611 1294 ,

871 1306 975 1335 tertiam
993 1308 1171 1335 Pentecosten.
1193 1307 1332 1343 Qureritur
1347 1317 1410 1335 vero
1428 1317 1476 1335 cur
1491 1306 1612 1335 Natalem

871 1352 972 1380 Christi
986 1352 1058 1381 diem
1081 1353 1219 1388 omiserit,
1234 1363 1315 1391 quem
1336 1353 1391 1392 ipse
1403 1353 1440 1381 325
1456 1352 1612 1381 Decembris

871 1398 998 1427 celebrari
1008 1400 1067 1438 jam
1079 1399 1169 1432 dixit,
1185 1399 1246 1427 etin
1261 1409 1313 1437 quo
1322 1421 1329 1433 ,
1344 1405 1374 1427 ut
1387 1409 1468 1438 supra
1477 1398 1612 1435 diximus,

871 1444 1024 1473 concionem
1038 1445 1143 1474 habuit.
1161 1445 1221 1473 Dici
1233 1446 1301 1473 forte
1323 1444 1424 1483 possit,
1439 1444 1500 1482 quia
1514 1445 1613 1472 festum

870 1490 973 1519 Natalis
987 1490 1087 1519 Christi
1099 1501 1113 1518 a
1130 1491 1297 1530 paucissimis
1310 1490 1386 1518 annis
1408 1489 1556 1518 Antiochiae
1573 1500 1613 1518 ce-

870 1537 1024 1566 lebrabatur
1033 1537 1077 1566 dic
1090 1540 1127 1567 Ξῖ)
1140 1538 1311 1573 Decembris,
1326 1548 1386 1565 cum
1397 1545 1471 1565 antea
1483 1548 1536 1565 una
1547 1537 1613 1576 Epi-

872 1584 977 1622 phaniae
999 1584 1152 1613 solemnitas
1163 1607 1170 1620 ‚
1185 1584 1229 1613 die
1244 1591 1319 1613 sexta
1334 1584 1453 1614 Januarii
1477 1591 1502 1612 et
1523 1584 1613 1612 Natali

873 1630 972 1658 Christi
986 1653 993 1667 ‚
1011 1637 1036 1658 et
1050 1641 1191 1669 magorum
1205 1630 1355 1659 adorationi
1368 1653 1376 1665 ,
1403 1637 1427 1658 et
1447 1629 1546 1658 Christi
1562 1630 1613 1658 ba·-

871 1675 969 1714 ptismo
983 1675 1109 1715 deputata
1119 1683 1186 1705 esset
1200 1699 1207 1712 ,
1220 1676 1264 1704 hic
1275 1676 1423 1705 secundum
1441 1683 1557 1704 veterem
1569 1687 1614 1704 so-

870 1722 1019 1750 lemnitates
1031 1722 1190 1750 numerandi
1201 1722 1419 1751 consuetudinem
1429 1733 1443 1750 a
1455 1722 1616 1761 Chrysosto-

872 1779 916 1797 mo
942 1769 1124 1808 Epiphaniam
1154 1770 1296 1798 memorari
1310 1792 1317 1805 ,
1342 1769 1465 1807 diemque
1490 1769 1614 1798 Natalem

872 1815 964 1844 taceri.
986 1815 1037 1843 Hic
1055 1815 1183 1843 nimirum
1198 1822 1318 1855 receptus
1339 1815 1372 1843 ab
1387 1826 1444 1844 aevo
1462 1814 1613 1843 recensendi

872 1871 929 1889 mos
942 1860 1021 1890 fuisse
1033 1861 1141 1889 videtur
1152 1861 1225 1900 apud
1235 1861 1416 1890 Antiocheuos
1426 1883 1433 1896 ,
1447 1867 1475 1888 ut
1485 1867 1536 1888 tres
1548 1861 1614 1889 insi-

872 1907 976 1945 gniores
987 1908 1164 1936 solemnitates
1177 1907 1304 1942 dicerent,
1313 1907 1503 1946 Epiphaniam,
1512 1906 1615 1935 Pascha

875 1961 899 1982 ct
915 1955 1085 1982 Pentecosten
1098 1964 1106 1983 ε
1119 1953 1238 1981 Natalem
1251 1963 1314 1981 vero
1326 1952 1436 1981 Domini
1451 1952 1521 1981 diem
1532 1975 1539 1987 ,
1551 1952 1614 1990 quia

872 2012 957 2040 nuper
973 2000 1098 2028 inductus
1117 2000 1219 2034 suerat,
1237 2006 1266 2027 ut
1285 1999 1342 2038 jam
1365 1998 1500 2034 vidimus,
1522 1998 1548 2026 in
1563 1998 1613 2026 hoc

872 2057 982 2074 numero
1001 2045 1121 2074 nondum
1142 2051 1268 2083 ponerent
1282 2067 1289 2081 ‚
1305 2044 1368 2082 quia
1382 2051 1458 2072 antea
1471 2054 1532 2072 cum
1543 2043 1613 2083 Epi-

871 2093 970 2132 phania
983 2091 1177 2121 celebrabatur.

911 2139 1033 2169 Secunda
1052 2138 1132 2167 etiam
1150 2138 1183 2166 de
1206 2138 1358 2166 Pentecoste
1378 2138 1490 2166 homilia
1511 2138 1613 2167 nullam

871 2198 926 2226 prae
941 2197 968 2214 sc
982 2187 1031 2214 fert
1045 2184 1171 2224 temporis
1186 2191 1285 2212 notam.
1302 2185 1332 2212 In
1348 2184 1397 2213 hac
1411 2195 1490 2224 porro
1517 2185 1613 2213 Pente-

872 2241 960 2261 costen
986 2238 1065 2260 vocat
1087 2231 1294 2270 Chrysostomus
1315 2231 1496 2270 metropolim
1518 2232 1612 2269 festo-

871 2291 935 2308 rmn
948 2302 955 2315 ‚
972 2278 1035 2316 quia
1050 2277 1190 2311 videlicet,
1207 2284 1238 2305 ut
1257 2276 1356 2305 ibidem
1373 2277 1479 2316 adjicit,
1494 2277 1612 2306 fructum

872 2325 918 2353 illa
930 2324 1080 2353 Dominicce
1092 2323 1276 2363 promissionis
1286 2323 1370 2351 affert.
1382 2323 1441 2351 Non
1455 2334 1539 2362 pauca
1551 2334 1612 2352 con-

872 2378 912 2399 tra
928 2368 1183 2399 Pneumatomachos
1198 2368 1319 2403 disserit,
1333 2369 1379 2406 qui
1395 2368 1515 2407 Spiritus
1526 2369 1610 2398 sancti

872 2417 1034 2456 majestatem
1055 2426 1085 2444 ac
1102 2415 1272 2444 divinitatem
1286 2414 1449 2454 impetebant
1463 2427 1470 2443 :
1489 2426 1520 2444 ac
1539 2423 1612 2455 post-

873 2474 953 2501 quam
966 2462 999 2491 de
1013 2461 1144 2490 fructibus
1155 2461 1272 2500 Spiritus
1288 2461 1371 2489 sancti
1388 2462 1473 2490 multa
1484 2462 1609 2501 protulit,

872 2510 952 2537 (inem
965 2507 1072 2537 dicendi
1087 2507 1162 2536 facit.

913 2554 1060 2583 Antiochiae
1070 2554 1134 2582 item
1149 2553 1250 2582 incerto
1267 2563 1336 2582 anno
1351 2553 1502 2582 concionem
1518 2553 1614 2583 habuit

875 2602 906 2630 tle
931 2602 958 2631 S.
981 2600 1086 2637 Pelagia
1112 2607 1229 2639 martyre
1255 2600 1418 2629 Antiochcna
1435 2623 1442 2637 ,
1468 2611 1527 2638 quae
1552 2611 1611 2629 cum

1662 989 1764 1010 Homilim

1623 1020 1644 1039 iu
1657 1020 1764 1040 Penteco-

1623 1055 1679 1072 steJ.

1623 1085 1761 1115 T·2-r-456·

1644 2559 1766 2581 Coactum-3

1624 2590 1679 2612 alix.

1625 2621 1644 2641 Τ
1659 2628 1669 2642 -2
1685 2630 1689 2648 ι
1702 2621 1764 2643 .ῧ3”ι.
