1905 2947
517 253 558 273 Dti
583 251 813 274 scutt‘t'onissss
839 250 947 273 RERUM
971 250 1218 273 ctttu'soffl‘mtt.
1596 253 1654 275 ,Xlsxi

94 315 152 351 τόν,
166 313 358 353 Metaphrastcs
368 313 423 346 ἔτος
437 313 534 345 ἐντελές
552 325 557 340 :
574 313 621 351 qui
631 323 716 341 annus
730 312 831 350 integer
844 311 974 340 mensium
984 321 1087 340 necesse
1095 319 1133 341 est
1146 313 1226 341 fuerit
1238 314 1284 349 17,
1295 323 1356 341 cuin
1372 319 1481 351 uterque
1492 312 1536 341 die
1547 314 1584 341 «15
1596 314 1652 341 No-

94 362 211 390 vembris
226 361 336 390 rediisse
351 361 480 390 scribat.»

136 408 290 448 «Expedite
298 419 427 437 annorum
441 408 624 448 Chrysostomi
633 407 946 447 ἐπιλογισμῷ,ςοτ]ιιίῐι11·,
955 414 984 435 ut
996 407 1029 436 de
1041 408 1230 447 subrogatione
1240 408 1384 445 Arsacii,et
1397 408 1560 436 successione
1574 408 1654 437 Attici

94 455 278 493 Eudoxiaeque
291 457 419 493 Augustae
433 461 518 482 morte
527 465 608 493 pauca
625 454 796 493 adjiciamus.
814 454 845 481 In
858 453 970 482 „Ioannis
986 453 1082 482 iterum
1106 453 1212 493 expulsi
1228 453 1315 482 locum
1332 454 1494 492 subrogatur
1510 455 1653 487 Arsaeius,

93 502 187 541 ὀλίγων
203 503 356 531 διελθουσῶν
368 504 484 541 ἡμερῶν,
497 501 583 540 inquit
598 502 720 530 Socrates
732 501 780 529 lib.
793 502 820 537 6,
834 511 858 528 c.
875 501 922 530 19.
941 501 1055 530 Annales
1066 502 1165 536 Graeci,
1182 500 1245 529 editi
1266 512 1350 540 nuper
1364 512 1378 529 a
1393 501 1508 540 Joseplio
1521 501 1656 540 Scaliger-o

94 559 147 577 una
162 559 222 577 cum
238 549 366 584 Eusebio,
374 548 512 577 Arsacinm
525 559 580 577 esse
595 549 694 577 factum
707 548 862 588 episcopum
876 548 991 575 reserum
1006 550 1031 576 ἐν
1046 553 1098 580 τοῖς
1113 547 1289 583 Ἀποστόλοις,
1302 548 1402 587 templo
1419 558 1457 576 sc.
1474 547 1580 587 Sophia:
1600 559 1656 576 ere—

95 603 175 631 mato,
183 596 246 634 μηνὶ
257 595 298 624 στ’
307 597 410 635 Aous-sq,
421 596 472 636 πρὸ
480 595 756 631 ΚαλανδῶνἸουλίων,
764 595 815 623 hoe
827 601 865 622 est
876 594 915 622 Ξὸ
922 596 955 623 Ju
961 594 1006 630 nii,
1017 602 1092 623 sexto
1105 595 1283 634 postJoanuis
1294 595 1476 634 expulsionem
1486 594 1540 622 die.
1551 595 1658 623 Obiisse

96 642 238 671 Arsacium
255 653 324 671 anno
339 642 458 680 sequenti
474 642 541 669 eirca
558 643 589 669 11
604 641 856 676 Nox-e111b1-is‚Coss.
874 640 1002 668 Stilicone
1019 641 1115 669 iterum
1140 648 1165 669 et
1181 641 1334 676 Anthemio,
1347 642 1396 670 hoe
1406 648 1444 670 est
1460 651 1528 669 anno
1546 641 1656 669 Domini

95 689 166 725 404,
178 695 271 716 auctor
283 695 320 716 est
332 689 453 717 Socrates
465 688 551 725 lib.6,
561 699 584 716 c.
595 689 642 717 ΞΟ.
651 689 728 717 Yixit
740 688 822 726 igitur
832 687 956 715 ‚xi-sarius
969 687 994 714 in
1006 688 1161 726 episcopatu
1176 698 1275 715 annum
1293 699 1386 721 unum,
1398 699 1500 716 menses
1510 688 1600 723 4,dies
1612 688 1658 716 16.

100 735 239 763 Palladius
253 742 278 762 et
289 735 336 763 alii
346 745 397 762 non
412 734 502 774 plures
517 735 668 763 attribuunt
678 736 713 763 14
729 734 878 762 mensibus:
891 733 1056 772 Nicephorus
1072 734 1228 762 patriarcha
1243 734 1388 762 biennium.
1398 735 1459 763 Post
1473 735 1574 763 Arsacii
1587 745 1659 763 1u0r⁴

97 789 162 818 tem,
175 792 234 820 quae
247 781 354 817 indixi,
367 781 465 809 accidit
476 782 486 808 *l
500 783 507 809 l
522 781 683 810 Novembris
698 782 768 817 405,
780 779 1113 820 περισπούδαστον,111(1111ῑ
1127 781 1257 814 Socrates,
1276 782 1382 813 πολλοῖς
1391 782 1583 819 γινομένης-τῆς
1600 782 1659 808 ἐπι-

101 831 212 863 exo-iffi,
228 829 272 858 καὶ
294 830 391 857 πολλοῦ
406 829 594 867 διαδραμόντος
615 828 725 868 χρόνου,
740 828 859 856 succedit
874 827 993 861 Atticus,
1011 829 1218 867 τετραμηνιαίου
1237 828 1427 867 παρῳχηκότος
1446 828 1553 866 χρόνου,
1573 827 1660 865 inquit

104 876 248 915 Georgius,
264 877 315 905 hoc
330 877 430 905 sactum
448 888 454 904 t
477 883 503 904 ut
520 877 546 904 iu
562 886 680 904 mensem
697 876 827 904 Martium
844 885 913 903 anuo
931 875 1001 908 406.
1018 877 1091 904 Coss.
1115 875 1232 904 Arcadio
1247 876 1266 904 6
1280 882 1304 904 ct
1322 875 1420 910 Probo,
1439 885 1542 903 neeesse
1557 875 1591 903 sit
1608 877 1658 903 Ai-

99 924 145 953 tici
160 924 320 953 creationem
333 923 460 954 incidere.
477 925 569 952 Restat
582 924 701 952 maxima
717 923 835 951 omnium
849 922 960 960 quaestio
971 921 1006 950 de
1018 930 1103 951 morte
1118 922 1251 951 Endoxiae
1266 924 1390 961 Augustae
1410 936 1414 950 :
1432 923 1458 951 in
1473 923 1549 961 cujus
1564 929 1660 950 notan—

103 971 138 1000 do
156 979 276 1012 tempore
287 972 445 1000 recentiores
459 972 493 999 ab
507 972 632 1000 omnibns
652 972 677 999 iu
691 971 858 1007 universum,
873 971 919 1009 qui
941 971 1034 999 mortis
1052 971 1109 1009 ejus
1123 970 1221 1000 diserte
1233 971 1565 1005 meminerunt,veteribus
1578 970 1662 1000 disce-

101 1019 180 1048 dunt.
203 1020 325 1048 Socrates
336 1019 385 1048 lib.
401 1021 432 1053 ὁ,
447 1030 469 1048 e.
484 1020 532 1055 19,
547 1019 681 1058 ingentem
696 1019 853 1058 grandinem
863 1041 870 1054 ‚
887 1020 922 1052 εἷς
938 1019 1018 1047 τύπον
1031 1018 1108 1047 λίθων
1125 1019 1265 1057 (μεγέθους
1281 1019 1382 1058 καρύων
1394 1041 1400 1055 ,
1410 1018 1498 1056 inquit
1516 1018 1662 1047 Annalium

101 1067 259 1095 Graecorum
275 1070 377 1102 auctor)
393 1067 462 1095 circa
476 1068 515 1095 50
524 1067 690 1106 Septembris
705 1066 950 1103 cecidissc‚codem‚
961 1077 1013 1104 quo
1026 1068 1143 1095 ,loannes
1157 1066 1250 1105 pulsus
1263 1073 1312 1102 est,
1327 1077 1404 1100 anno,
1418 1066 1442 1094 in
1457 1065 1596 1094 consulatu
1608 1067 1662 1095 Ho-

100 1113 169 1142 norii
181 1113 200 1143 6
214 1121 238 1142 et
255 1113 418 1149 Aristaeneti,
431 1114 541 1149 scribit,
558 1113 610 1142 hoc
624 1120 661 1142 est
674 1124 743 1142 anno
759 1113 869 1141 Domini
885 1114 956 1148 404,
969 1120 993 1141 ct
1006 1119 1100 1150 quarto
1114 1119 1174 1152 post
1189 1113 1232 1142 die
1247 1113 1343 1142 obiisse
1364 1112 1530 1142 Endoxiarn.
1548 1112 1664 1141 Annales

101 1160 188 1190 Graeci
202 1160 289 1200 pridie
300 1161 389 1188 Nonas
402 1159 528 1188 Octobris
541 1159 651 1195 obiisse,
662 1167 687 1188 et
702 1161 721 1188 4
735 1159 799 1187 Idus
815 1159 940 1188 Octobris
961 1159 987 1187 in
1003 1159 1118 1187 Basilica
1130 1160 1179 1188 SS.
1198 1160 1399 1198 Apostolorum,
1414 1160 1545 1198 sepultam
1568 1158 1663 1187 iisdem

102 1208 176 1236 Coss.
191 1208 310 1236 Honorio
322 1215 348 1236 ct
362 1208 532 1243 Aristameto,
544 1214 700 1236 memorant.
716 1206 891 1235 Marcellinus
905 1207 1014 1239 Comes,
1030 1206 1121 1234 iisdem
1136 1207 1220 1241 Coss„
1236 1207 1332 1245 inquit,
1346 1206 1484 1241 Eudoxia,
1501 1217 1570 1235 uxor
1581 1208 1665 1234 Arca-

101 1255 150 1290 dii,
162 1254 228 1282 obiit
243 1266 249 1281 ε
267 1256 381 1293 Prosper
393 1253 579 1292 Aquitanicus,
598 1254 693 1282 iisdem
709 1253 802 1281 itidem
817 1254 891 1282 Coss.
905 1253 1042 1285 Eudoxia,
1058 1253 1156 1292 inquit,
1169 1264 1238 1282 uxor
1253 1253 1371 1287 Arcadii,
1386 1252 1457 1281 diem
1473 1253 1577 1281 elausit.
1593 1253 1664 1281 Con-

104 1307 144 1328 tra
163 1301 232 1328 hanc
252 1307 372 1329 veterum
390 1294 551 1339 scriptorum
567 1300 727 1339 phalangem
746 1299 813 1338 quid
831 1300 908 1328 saciet
928 1299 1033 1327 infirma
1047 1300 1223 1328 recentiorum
1242 1311 1351 1337 mai-1155
1370 1301 1414 1338 qui
1438 1310 1528 1328 omnes
1549 1309 1600 1328 uno
1619 1310 1663 1327 ore

101 1347 197 1376 Joanni
213 1354 302 1375 nostro
319 1357 376 1375 cam
391 1347 559 1385 superstitem
574 1347 653 1374 fuisse
668 1354 719 1375 tres
736 1357 846 1381 inenseS,
856 1348 905 1376 lioc
921 1354 959 1375 est
974 1347 1042 1375 eirca
1059 1346 1179 1374 medium
1191 1346 1359 1381 Decembris,
1371 1357 1440 1375 anno
1455 1347 1524 1382 407,
1538 1346 1580 1374 vel
1593 1346 1663 1374 circa

103 1393 221 1421 medium
239 1394 316 1422 Febr.
331 1404 400 1422 anuo
414 1394 483 1428 408,
498 1393 641 1422 decessisse
655 1401 785 1422 testantur
796 1394 808 1422 Ξ)
819 1405 899 1432 quain
912 1394 992 1421 etiam
1007 1393 1160 1432 opinionem
1175 1404 1224 1431 ego
1240 1401 1267 1421 ut
1283 1394 1368 1432 magis
1383 1394 1550 1432 probabilem
1565 1394 1664 1432 ample-

103 1448 172 1469 ctor.
182 1442 276 1470 Causae
292 1447 363 1477 sunt,
376 1440 495 1479 primum
505 1440 576 1478 quod
588 1441 648 1468 illas
659 1440 848 1480 ἀπανθρωπίας
863 1447 888 1469 et
899 1441 1078 1469 immanitates
1091 1448 1182 1468 contra
1198 1440 1335 1480 episcopos
1352 1441 1450 1479 legatos
1463 1440 1496 1468 ab
1510 1441 1664 1473 Occidente,

103 1494 192 1515 contra
202 1488 331 1516 Joannem
339 1493 459 1515 nostrum
469 1487 502 1515 ad
517 1494 628 1515 mortem
641 1498 724 1525 usque
734 1488 821 1527 ipsam
832 1494 923 1516 contra
937 1498 1029 1515 omnes
1039 1487 1187 1526 episeopus,
1196 1487 1314 1519 clericos,
1324 1494 1347 1515 et
1364 1487 1430 1515 alios
1443 1487 1559 1525 partium
1576 1488 1662 1517 Joan-

103 1534 154 1569 nis,
168 1544 221 1562 non
239 1534 272 1562 ab
286 1533 339 1562 alio
362 1534 491 1572 profectas
504 1534 576 1562 fonte
588 1540 691 1573 putem,
703 1544 783 1571 quain
796 1534 830 1562 ab
850 1533 1015 1572 implacabili
1029 1533 1258 1572 impotentissimae
1273 1533 1377 1561 semina}
1392 1533 1480 1562 furore
1493 1546 1498 1562 2
1512 1544 1572 1562 cum
1593 1534 1664 1561 alio-

103 1581 167 1619 quin
183 1580 314 1609 Arcadius
329 1581 386 1619 ipse
401 1579 530 1619 simplicis
549 1579 629 1608 fuerit
641 1587 665 1608 et
680 1580 753 1608 mitis
768 1580 912 1619 ingenii,et
924 1586 1059 1608 tantorum
1080 1579 1134 1607 fere
1155 1579 1288 1608 malorum
1299 1580 1423 1618 ignarus3
1437 1590 1520 1618 neque
1534 1580 1662 1609 credibile

104 1627 139 1655 sit
153 1634 256 1655 tantum
269 1626 395 1655 habuisse
408 1626 535 1665 ponderis
550 1625 622 1665 apud
637 1626 747 1663 milites,
764 1625 887 1655 custodes
901 1633 1028 1665 portuum
1041 1648 1048 1661 ‚
1064 1632 1090 1653 ct
1103 1632 1211 1654 caeteros
1225 1625 1331 1665 imperii
1347 1626 1495 1660 ministros,
1508 1627 1662 1666 episcopos,

104 1674 273 1712 reliquosque
284 1674 395 1702 ,Ioannis
410 1673 548 1709 inimiGOS,
561 1673 612 1702 nisi
629 1674 760 1702 Eudoxiae
776 1674 880 1702 seminae
902 1684 983 1712 supra
1005 1683 1100 1702 sexum
1114 1673 1217 1709 nemeis,
1232 1680 1257 1701 et
1267 1673 1363 1701 marito
1378 1673 1555 1710 dominantis,
1566 1675 1663 1714 opibus

104 1722 196 1758 fultos,
208 1721 349 1750 autoritate
362 1721 488 1750 munitos.
497 1720 551 1750 Sed
563 1721 635 1759 quod
648 1732 690 1749 me
703 1721 743 1750 vel
757 1721 874 1750 maxime
886 1727 985 1755 movet,
995 1727 1023 1748 ut
1038 1731 1085 1759 pro
1099 1720 1301 1753 recentioribus,
1312 1720 1383 1759 quod
1396 1721 1574 1750 invitissimus
1584 1722 1664 1756 facio,

105 1775 196 1797 contra
212 1776 312 1797 veteres
324 1769 507 1807 pronuntiem,
520 1768 587 1797 illud
602 1776 641 1797 est
658 1781 664 1797 z
679 1769 753 1807 qnod
766 1770 880 1799 Joannes
892 1776 992 1805 noster,
1008 1779 1086 1806 quem
1103 1768 1124 1796 si
1140 1775 1239 1796 veteres
1253 1779 1406 1806 sequamur,
1420 1775 1504 1797 totum
1517 1769 1662 1798 triennium

103 1816 222 1856 oportuit
236 1816 318 1845 fuisse
332 1817 498 1855 superstitem
512 1816 655 1850 lindesia»,
673 1817 700 1845 in
717 1823 754 1845 tot
770 1816 890 1856 epistolis
909 1816 942 1844 ad
956 1815 1120 1855 pontilicem,
1138 1816 1171 1843 ad
1189 1817 1339 1854 episcopos,
1359 1815 1393 1844 ad
1411 1816 1477 1844 alios
1495 1817 1604 1853 amicos,
1619 1828 1665 1856 per

105 1863 250 1892 triennium
261 1863 368 1902 scriptis
382 1873 513 1902 nusquam
529 1863 677 1892 meminerit
691 1864 784 1892 mortis
800 1863 944 1899 Eudoxias,
958 1873 1037 1900 quam
1050 1862 1144 1890 morbo
1157 1862 1286 1891 diuturno
1299 1870 1323 1891 et
1338 1863 1489 1899 cruciabili,
1503 1863 1574 1891 addo
1585 1864 1665 1893 etiam

103 1910 188 1947 t‘oedo,
204 1911 314 1950 periisse
328 1910 438 1939 tradunt
452 1910 507 1939 z'de
521 1918 591 1939 tanta
603 1918 691 1940 ettam
707 1911 805 1950 insigni
818 1912 866 1940 Dei
880 1911 999 1939 vindicta
1017 1920 1067 1937 non
1081 1910 1225 1945 taciturus;
1239 1910 1359 1948 quinimo
1373 1911 1407 1938 ad
1426 1921 1498 1949 spem
1512 1918 1608 1939 certam
1624 1923 1666 1940 re-

104 1956 191 1992 ditus,
205 1964 251 1985 aut
263 1957 385 1985 meliores
399 1958 509 1986 fortuuae
523 1969 553 1986 eo
564 1958 624 1997 ipso
636 1958 804 1997 arrigendus.
821 1957 960 1987 Palladius
974 1967 1096 1995 quoque,
1110 1957 1219 1985 illorum
1231 1964 1379 1996 temporum
1395 1957 1518 1995 aequalis,
1533 1967 1592 1985 cum
1608 1968 1664 1996 poe-

105 2014 152 2032 nas
167 2005 306 2040 θεηλάτους
330 2004 364 2032 de
385 2004 500 2033 inimicis
518 2005 628 2035 Joannis
650 2006 739 2034 statim
761 2013 865 2034 sumtas
889 2005 1028 2044 sigillatim
1047 2010 1194 2038 recenseat,
1209 2004 1242 2033 de
1257 2003 1381 2033 Eudoxia
1397 2003 1466 2041 silet,
1484 2014 1563 2042 quam
1579 2005 1666 2034 ferunt

104 2051 198 2080 morbo
209 2051 291 2087 foedo,
303 2058 328 2079 et
339 2058 398 2090 post
407 2061 515 2089 magnos
528 2052 661 2080 cruciatus
676 2053 798 2081 obiisse.»

146 2110 159 2125 (ι
175 2098 324 2127 Constituta
346 2098 448 2136 itaque,
465 2105 594 2136 quantum
610 2109 623 2127 a
639 2100 715 2128 nobis
737 2100 796 2128 fieri
817 2100 917 2138 potuit,
933 2106 1084 2138 temporum
1098 2099 1207 2135 ratione,
1221 2098 1252 2126 ad
1270 2098 1342 2138 ipsos
1356 2098 1513 2128 accedamus
1527 2105 1663 2128 auctores:

104 2156 220 2184 quorum
232 2146 310 2174 facile
324 2145 446 2185 princeps
461 2146 616 2184 Palladius,
631 2157 676 2175 seu
692 2147 813 2186 quisquis
833 2154 870 2176 cst
887 2147 961 2175 illius
982 2147 1083 2185 dialogi
1097 2152 1200 2179 auctor,
1211 2146 1258 2184 qui
1277 2146 1334 2184 ejus
1357 2146 1441 2175 fertur
1458 2147 1599 2174 nomine.»
1616 2147 1666 2176 Hie

105 2193 224 2222 Savilius
244 2192 312 2221 duas
330 2194 490 2231 quaestiones
510 2201 613 2229 movet,
631 2194 729 2232 quibus
749 2195 885 2223 solvendis
907 2205 934 2223 se
956 2204 1065 2233 prorsus
1089 2194 1217 2233 imparem
1243 2203 1298 2221 csse
1323 2193 1397 2221 (licit.
1414 2193 1502 2221 Prima
1520 2201 1560 2222 est
1573 2193 1606 2221 de
1617 2205 1666 2222 au-

104 2247 177 2268 ctore
190 2239 265 2268 illius
279 2239 396 2278 dialogi,
415 2247 504 2268 utrum
521 2239 592 2268 idem
611 2241 645 2268 sit
664 2251 696 2269 an
713 2241 837 2269 diversus
850 2252 864 2269 a
879 2240 1019 2275 Palladio,
1032 2239 1224 2279 Helenopoleos
1240 2239 1378 2279 episcopo,
1396 2239 1587 2268 Lausiacorum
1606 2242 1666 2269 scri-

105 2293 180 2325 ptore
193 2299 198 2314 :
211 2287 334 2316 eumdem
348 2298 405 2316 esse
419 2287 530 2326 quidem
543 2287 656 2316 suadere
674 2294 700 2316 et
716 2288 825 2316 titulum
845 2288 932 2327 ipsum
948 2287 1063 2323 dialogi,
1075 2294 1099 2315 et
1117 2286 1189 2325 quod
1206 2286 1344 2315 Palladius
1355 2286 1495 2325 dialogista
1510 2298 1537 2316 se
1551 2287 1577 2315 in
1591 2289 1665 2316 Asia-

103 2334 155 2362 tica
171 2335 384 2373 peregrinatione
395 2341 554 2374 perpetuum
565 2335 689 2364 comitem
704 2336 801 2365 Joanni
812 2335 956 2364 adhaesisse
969 2335 1128 2374 profiteatur
1139 2346 1144 2361 :
1161 2333 1232 2372 quod
1245 2333 1278 2362 de
1292 2333 1415 2362 Palladio
1430 2334 1558 2363 Lausiaco
1570 2345 1665 2364 verum

105 2391 161 2410 esse
174 2392 264 2410 omnes
276 2381 368 2411 sciant.
382 2381 414 2410 ld
430 2392 550 2420 quoque,
568 2382 639 2420 quod
660 2383 801 2421 dialogista
816 2383 938 2411 canitiem
956 2392 1032 2411 suam
1049 2381 1192 2421 przedieet,
1210 2381 1311 2420 optime
1322 2391 1384 2409 sane
1399 2382 1425 2410 in
1442 2381 1602 2410 Lansiacum
1619 2394 1666 2410 ca-

103 2427 181 2462 dere,
194 2428 241 2466 qui
255 2429 359 2466 aliquot
376 2439 458 2457 annos
474 2437 532 2468 post
548 2430 660 2458 Romam
677 2437 784 2469 captam
802 2430 910 2459 vixerit.
928 2431 1028 2459 Verum
1044 2430 1149 2458 obstare
1164 2429 1198 2457 ab
1212 2428 1294 2457 altera
1313 2435 1405 2467 parte,
1421 2428 1495 2466 quod
1509 2436 1562 2457 tam
1577 2430 1665 2458 Theo<

104 2473 186 2502 dorus
197 2484 277 2511 quam
290 2473 346 2512 ipse
357 2474 494 2503 Palladius
508 2475 534 2503 in
550 2474 657 2513 dialogo
671 2474 704 2503 de
719 2475 765 2503 illo
778 2475 968 2514 Helenopoleos
979 2475 1103 2514 episcopo
1117 2475 1141 2503 iu
1155 2474 1230 2503 tertia
1245 2484 1355 2513 persona
1371 2474 1524 2512 loquantur.
1535 2475 1667 2504 Alterum<

106 2531 158 2559 que
181 2520 274 2559 objicit
300 2520 418 2549 Savilius
439 2522 597 2561 scrupulum
612 2533 626 2550 e
644 2522 777 2550 mentione
793 2522 892 2550 Zosimi
916 2522 1050 2561 pontilicis
1067 2522 1194 2557 ductum,
1208 2520 1343 2549 sublatum
1357 2521 1427 2559 jam,
1444 2527 1472 2549 nt
1487 2521 1605 2550 vidimus
1619 2533 1666 2550 su-

106 2578 166 2607 pra,
182 2578 196 2594 a
215 2567 330 2605 Bigotio.
350 2567 520 2603 Secundum,
537 2569 624 2607 inquit
642 2569 776 2607 Savilius,
792 2580 847 2598 esse
876 2570 1002 2608 ἀπόρημα
1016 2569 1149 2608 quomodo
1177 2569 1234 2597 fieri
1260 2568 1393 2607 potuerit,
1409 2575 1437 2596 ut
1458 2568 1526 2596 intra
1547 2569 1665 2597 triduum

107 2614 236 2650 (Pallad.
250 2614 323 2643 Dial.
348 2626 375 2653 p.
391 2615 425 2652 4,
444 2615 483 2651 E,
500 2617 598 2644 Mouts.
613 2620 622 2651 ἥ
639 2623 697 2655 post
713 2624 833 2656 acceptas
846 2617 991 2656 Theophili
1011 2617 1116 2652 literas,
1129 2616 1228 2654 quibus
1247 2615 1292 2644 ille
1306 2615 1475 2653 significabat
1491 2616 1568 2654 Papa:
1585 2617 1667 2645 lnno-

109 2662 193 2690 centio
212 2663 340 2692 Joannem
361 2673 374 2691 a
396 2674 422 2691 sc
443 2663 523 2692 fuisse
544 2663 710 2703 depositum,
726 2665 776 2693 11111ἱ
797 2665 908 2695 Joannis
926 2665 1024 2699 litei-ac,
1040 2674 1154 2702 quarum
1170 2663 1276 2692 initium
1297 2663 1341 2690 καὶ
1358 2663 1408 2702 πρὸ
1425 2665 1474 2691 τῶν
1490 2663 1665 2701 γραμμάτιον,
