1910 2907
695 207 736 229 DE
764 208 1008 232 Citm‘SOSTOMO
1037 211 1208 233 OttATOttlz.
1649 207 1715 238 21²3

176 272 279 304 partem
291 266 419 295 orationis
429 267 550 302 abstulit,
564 266 643 296 modo
652 268 741 297 brevis
751 277 916 308 argumento-

176 322 237 340 rum
252 313 374 341 tractatio
397 313 529 352 ingentem
549 321 608 353 post
621 325 649 343 se
664 315 746 344 trahit
758 317 919 346 sermocina—

174 358 283 387 tionem.
302 359 333 388 In
348 360 431 399 priori
441 358 453 376 ¹¹
468 371 571 399 genere,
591 371 652 389 cum
666 361 738 390 dicta
754 363 918 391 Litterarum

173 415 311 434 sacrarum
322 406 502 445 explicantur,
519 407 633 436 elocutio
650 407 784 436 interdum
798 416 917 438 nontam

172 453 258 479 tenuis
273 459 297 480 ct
312 453 418 481 subtilis
429 460 481 489 est,
498 453 568 491 quod
582 454 676 482 merito
690 455 858 493 probaretur,
871 456 917 484 sed

171 496 252 531 lenta,
267 498 373 537 supina,
395 499 543 537 negligens,
563 499 700 528 fastidium
715 511 730 528 a
747 501 914 539 repetitioni-

171 542 222 571 bus
232 543 362 572 adserens.
374 545 404 573 In
419 545 501 573 altero
523 556 616 583 genere
635 546 734 585 serpitis
752 545 830 574 nimis
842 557 914 584 quae-

170 588 220 616 sita
233 596 271 617 est
287 589 411 625 elocutio,
429 591 561 619 continuis
583 602 613 619 ac
628 591 806 620 dissimilibus
822 599 913 620 trans—

171 634 316 663 lationibus
329 637 434 670 referta,
449 637 562 666 floribus
582 637 674 666 multis
691 645 716 666 et
734 638 912 667 discoloribus

169 680 254 709 obsita
267 704 275 716 ,
293 682 327 710 ad
352 683 552 711 ostentationem
574 690 599 711 et
613 683 720 712 aurium
746 684 910 723 voluptatem

169 728 326 767 composita,
351 730 420 757 mole
434 729 568 764 laborans,
588 730 677 758 inflata
688 753 694 764 ‚
708 737 811 758 tumens
823 737 858 764 et,
882 739 912 760 ut

168 773 254 813 ipsius
272 775 363 803 verbis
378 783 456 811 utar,
475 776 604 815 βρύουσα,
624 776 762 815 βρίθουσα,
789 779 909 813 κομῶσαι,

167 823 314 860 σφριγῶσα.
334 821 468 860 Epistulas
483 822 668 861 Chrysostomi
683 821 783 850 nemini
812 832 909 860 magno

167 877 246 906 opere
258 867 511 903 commendaverim,
527 868 576 896 nisi
592 868 635 902 iis,
652 868 697 905 qui
710 867 846 896 historiam
863 878 908 896 ex-

167 914 221 941 silii
235 915 292 942 eius
306 915 418 952 cupiunt
431 924 596 952 cognoscere.
612 915 706 942 Paucae
717 936 724 950 ‚
740 924 829 951 eaeque
844 913 907 941 lon-

166 960 252 998 giores
271 959 304 988 ad
322 959 525 1000 Olympiadem,
541 961 610 988 inter
624 960 741 998 reliquas
755 959 907 995 excellunt3

165 1005 213 1033 sed
233 1005 366 1034 excedunt
384 1005 559 1044 epistolarum
580 1005 701 1033 modum.
731 1005 871 1043 Pleraeque
884 1012 909 1034 et

165 1051 301 1079 sententiis
331 1057 356 1079 et
379 1050 468 1080 verbis
497 1057 559 1079 suut
588 1052 658 1079 inter
681 1061 708 1079 se
731 1050 843 1079 similes.
869 1052 909 1080 Τὸ

164 1098 271 1133 ἠθικόν,
291 1097 364 1136 quod
383 1097 509 1137 epistolas
531 1098 676 1126 familiares
690 1097 814 1137 inprimis
837 1108 908 1126 com·

196 1209 211 1228 1⁴
230 1209 272 1240 Iis,
283 1209 326 1241 qui
338 1208 451 1233 nondum
468 1207 563 1233 adsueti
576 1215 634 1233 suut
645 1208 753 1233 orationi
766 1209 920 1242 Chrysosto-

163 1249 237 1279 mi,si
255 1254 338 1272 tamen
353 1247 479 1279 exegetica
496 1249 546 1280 ejus
559 1249 584 1272 in
598 1249 629 1272 N.
638 1249 829 1272 Testamentum
843 1248 923 1280 legere

163 1288 250 1316 velint,
260 1294 348 1311 auctor
362 1289 418 1316 sim,
433 1293 460 1311 ut
475 1296 488 1311 a
504 1288 686 1311 commentario
699 1289 724 1311 in
738 1287 877 1318 Epistolam
890 1286 923 1311 ad

161 1327 264 1351 Galatas
282 1326 413 1358 incipiant,
430 1326 546 1351 desinant
560 1326 584 1350 in
600 1328 783 1351 commentario
795 1328 819 1351 in
833 1328 922 1357 Actus,

161 1367 204 1398 qui
223 1372 259 1390 est
279 1367 391 1390 omnium
412 1365 522 1390 infimus.
544 1366 633 1390 Minori
647 1366 747 1398 quidem
770 1375 829 1390 cura
852 1375 923 1390 com-

161 1406 312 1429 mentarium
333 1406 357 1428 iu
371 1404 510 1436 Epistolam
522 1404 555 1428 ad
566 1405 669 1429 Galatas
682 1405 838 1429 elaboratum
859 1405 922 1430 dicit

160 1443 381 1473 Montefatconius‚
390 1444 433 1468 sed
445 1453 504 1468 cura
515 1445 630 1476 profecto
641 1450 678 1469 est
690 1444 786 1474 eadem,
802 1451 827 1469 et
838 1446 921 1470 oratio

160 1482 240 1507 multo
253 1489 289 1507 est
299 1485 406 1515 pressior
419 1489 444 1508 et
456 1483 611 1508 adstrictior.
622 1485 653 1508 In
671 1484 878 1516 interpretatione
889 1485 919 1509 V.

158 1523 313 1547 Testamenti
333 1522 378 1547 sibi
393 1529 430 1548 est
442 1522 587 1548 dissimilior
599 1543 605 1554 ,
619 1524 725 1556 Origene
743 1529 827 1548 tamen
839 1523 919 1548 multo

975 271 1095 309 mendat,
1111 272 1138 301 in
1154 273 1196 302 his
1218 274 1316 313 partim
1329 275 1446 303 cernitur
1460 275 1485 303 in
1499 277 1562 304 solis
1577 278 1716 307 vocubulis

974 318 1150 358 formulisque
1164 320 1332 359 vulgaribus,
1347 321 1454 360 partim,
1470 329 1498 350 ut
1512 322 1605 351 fictum
1621 331 1645 352 et
1658 331 1714 353 stu-

973 364 1019 393 dio
1038 366 1179 404 quaesitum
1189 389 1195 401 ‚
1212 366 1347 406 displicet.
1363 367 1417 396 Sed
1432 367 1490 396 haec
1502 368 1535 396 de
1549 368 1624 397 vitiis
1636 370 1693 408 ejus
1703 393 1712 407 ,

973 422 1031 449 qua:
1056 413 1159 451 magnis
1182 413 1327 441 virtutibus
1354 414 1380 442 in
1407 414 1519 452 singulis
1542 415 1593 443 sere
1615 416 1713 444 oratio-

972 459 1053 487 nibus
1076 466 1238 498 compensat.
1264 459 1346 488 Modo
1369 461 1439 489 enim
1467 461 1602 489 subtiliter
1627 461 1714 495 docet,

971 503 1051 532 modo
1072 505 1200 533 acerrime
1228 513 1340 544 pugnat,
1371 506 1452 534 modo
1476 507 1583 546 proprie
1610 514 1634 535 et
1659 508 1712 536 ele-

970 557 1064 587 ganter
1078 573 1085 585 ‚
1114 552 1194 579 modo
1220 551 1326 589 copiose
1350 559 1375 580 et
1401 560 1493 581 ornate
1519 553 1584 581 dicit
1598 576 1606 590 ,
1632 553 1712 582 modo

969 597 1090 624 acumine
1106 603 1131 624 et
1151 596 1256 634 ingenio
1269 597 1392 634 delectat,
1411 598 1490 627 modo
1509 599 1620 627 fulmine
1634 606 1659 628 et
1671 607 1711 628 to-

969 641 1042 670 nitru
1056 642 1193 672 terreum
1207 643 1261 671 baec
1275 643 1404 679 imorum,
1416 655 1483 681 quos
1495 645 1612 673 oratione
1623 646 1711 684 expri-

967 688 1026 724 mit,
1040 688 1174 723 honestas,
1191 688 1381 717 sententiarum
1397 689 1516 728 gravitas
1539 697 1562 718 et
1581 691 1710 719 sublimi-

967 741 1017 770 tas,
1028 734 1142 769 animus,
1155 734 1295 770 vitiorum,
1312 735 1491 774 voluptatum,
1506 746 1595 764 rerum
1608 737 1710 765 huma-

966 790 1061 808 narum
1076 786 1231 814 contemtor,
1245 780 1304 818 pius
1325 787 1350 808 et
1364 780 1499 819 religionis
1511 783 1639 811 acerrime
1654 790 1709 812 stu-

966 825 1069 854 diosus.
1084 827 1122 853 Ac
1137 825 1266 864 profecto,
1285 826 1306 853 si
1330 826 1442 855 Athenis
1467 834 1514 855 aut
1529 828 1632 863 Romae,
1647 839 1710 857 mo·-

966 872 1049 900 destis
1068 871 1208 900 homiuum
1229 879 1255 900 et
1276 872 1430 911 compositis
1456 873 1579 902 moribus
1596 881 1621 902 et
1641 874 1710 903 inter

965 917 1101 946 auditores
1124 928 1218 955 graves
1228 929 1351 956 veraeque
1365 918 1521 956 eloquentiae
1536 920 1710 950 aestimatores

966 970 992 992 et
1010 962 1115 1002 judices
1137 963 1261 998 dixisset,
1282 963 1452 992 simillimum
1473 975 1534 993 eum
1552 965 1710 995 haberemus

965 1010 1086 1040 AEschini
1101 1017 1126 1038 et
1137 1011 1269 1047 Ciceroni,
1280 1017 1339 1050 post
1351 1021 1417 1049 quos
1431 1011 1559 1040 secundas
1574 1013 1642 1042 ferre
1656 1020 1710 1042 ter-

965 1057 1049 1085 tiasve
1076 1056 1128 1096 ipsi
1154 1057 1294 1086 honestum
1314 1064 1362 1086 est.

947 1209 1074 1240 superior,
1093 1210 1192 1233 tametsi
1206 1209 1255 1241 hic,
1270 1211 1353 1235 nescio
1377 1216 1461 1235 utrum
1474 1211 1558 1236 dicam
1577 1211 1708 1242 Hefflaice,

948 1257 980 1272 nn
993 1248 1127 1280 Hebraica,
1141 1250 1253 1280 apprime
1261 1249 1364 1274 caluisse
1374 1251 1500 1274 credatur.
1510 1250 1633 1283 Equidem
1642 1257 1709 1275 certe

948 1295 978 1311 ex
990 1288 1061 1311 istius
1082 1287 1183 1319 scriptis
1196 1287 1243 1311 lioc
1261 1287 1356 1313 discere
1370 1297 1421 1313 non
1434 1290 1520 1320 potui,
1535 1298 1581 1314 nec
1595 1289 1708 1314 Huetius.

982 1327 989 1345 i
1006 1327 1050 1350 Uti
1060 1328 1125 1351 enim
1139 1328 1203 1351 iuter
1216 1334 1329 1352 oratores
1341 1328 1451 1358 Graecos,
1473 1336 1523 1352 uon
1540 1328 1708 1357 Christianos,

947 1366 1014 1390 civili
1026 1368 1119 1391 xii-tute
1132 1367 1333 1391 commendanda
1347 1376 1421 1392 nemo
1438 1367 1567 1393 honestate
1580 1367 1710 1392 antecellit.

946 1406 1085 1430 Isocratem
1101 1418 1104 1431 1
1120 1407 1152 1430 ita
1165 1407 1228 1439 Chr)
1237 1412 1376 1437 sos-tomus,
1390 1412 1447 1438 post
1459 1406 1588 1430 Christum
1606 1413 1631 1431 et
1643 1408 1709 1439 Apo-

946 1444 1042 1475 stolos,
1060 1444 1091 1469 de
1105 1445 1198 1469 virtute
1216 1445 1359 1470 Christiana
1387 1445 1487 1476 dicens,
1501 1447 1625 1471 neminem
1643 1447 1708 1470 inter

946 1483 1102 1509 Christianos
1117 1485 1227 1516 Graecos,
1241 1494 1271 1509 ne
1284 1484 1368 1510 dicam
1381 1486 1446 1510 iuter
1456 1485 1570 1517 Latinos,
1584 1486 1707 1518 gravitate

945 1524 1097 1555 superiorem
1111 1530 1154 1548 aut
1165 1523 1272 1549 similem
1284 1522 1368 1548 habet.
