1950 2922
268 189 335 224 206
749 198 778 221 s.
807 196 948 221 scamus
975 196 1204 220 cthSOSTOMt
1231 197 1330 229 vim,

306 262 446 293 Theodoto
460 262 540 292 etiam
556 262 668 291 diacono
691 259 847 288 fidelissimo
870 269 918 287 suo
934 259 1003 287 scri-

110 323 182 352 Epm,
211 324 250 352 57,
268 312 330 351 psit,
343 318 482 350 postquam
494 311 516 338 is
533 309 657 338 Arabisso
670 308 872 343 discesserat,se
886 306 1005 335 absentia

264 357 348 396 ipsius
363 357 478 385 maxime
493 355 608 393 torqueri
620 354 768 386 declarans,
787 359 823 380 tot
839 362 933 391 nempe
945 362 1004 380 ma-

263 403 296 431 lis
319 403 534 440 circumseptum.
553 399 682 435 Queritur
697 399 777 427 etiam
800 410 826 427 se
850 399 1006 436 infrequen-

263 449 316 477 tins
328 449 416 476 literas
429 448 462 475 ab
478 447 523 475 illo
536 446 650 474 directas
663 445 902 484 accipere3fatetur
918 451 1004 473 tamen

264 494 411 523 tabellariis
433 493 588 521 interclusas
609 502 664 520 esse
690 492 767 519 vias:
784 498 859 529 rogat
878 501 941 529 ergo
953 513 960 525 ‚
984 491 1005 518 si

265 539 413 579 pauciores,
429 538 561 576 longiores
574 537 666 565 saltem
681 537 806 575 epistolas
822 536 917 564 mittat.
929 537 957 564 ln
967 547 1009 564 se-

267 585 357 623 quenti
372 591 461 612 autem
476 584 515 613 68
530 594 557 612 se
570 583 637 611 duas
651 584 708 622 ejus
730 582 855 621 epistolas
876 582 1010 620 accepisse

267 631 304 659 ait
319 641 380 659 cum
395 630 495 669 ingenti
509 630 612 664 laetitia,
626 636 650 657 et
660 636 695 669 >ut
717 629 867 667 frequenter
881 628 908 656 id
930 628 1009 656 faciat

147 674 255 696 Armeniae
268 677 430 705 cohortatur.
442 676 509 704 Hinc
524 682 621 714 quanta
637 682 721 704 essent
740 674 869 703 Armeniae
879 674 947 702 mala
961 674 1010 702 (lc-

113 706 170 758 zida
188 714 256 734 qum-
268 722 371 751 scribit.
389 722 432 751 lbi
448 729 512 750 tunc
534 721 626 751 videre
648 728 706 749 erat
726 727 848 749 cruentos
863 727 1008 756 torrentes,

269 768 429 797 cadaverum
444 768 550 807 agmina
562 790 570 802 ,
587 767 681 796 domos
703 767 759 795 solo
783 774 918 805 aequatas,
932 767 1011 795 urbes

269 825 385 844 eversas.
402 815 459 843 Sub
474 815 530 842 haec
544 821 632 842 autem
648 813 804 843 Theodotus
823 824 930 851 quoque
943 824 1009 842 con-

269 868 377 899 questus
393 867 442 895 est,
456 860 529 898 quod
544 861 681 899 pauciores
701 860 757 899 ipsc
772 859 957 898 Chrysostomi
972 859 1010 887 li-

270 913 338 935 teras
347 906 486 946 acciperet.
498 906 646 945 Respondit
660 907 705 934 ille
715 906 741 934 in
753 906 832 944 epist.
847 907 914 941 137,
924 906 1012 934 Tlieo-

270 952 364 981 dotum
380 952 490 981 totidem
505 953 594 980 literas
606 975 613 986 ‚
630 963 682 980 una
697 952 785 980 minus
799 962 814 980 a
826 962 853 979 se
867 951 1009 990 accepisse,

269 1006 334 1037 quot
346 999 404 1037 ipse
420 1006 564 1038 acceperat.
580 1000 620 1026 De
634 1006 726 1027 caetero
743 998 865 1026 hortatur
887 1004 915 1025 ut
930 1008 1011 1035 quam

271 1045 415 1084 saepissime
429 1045 525 1084 poterit
536 1044 571 1073 ad
586 1055 612 1072 se
625 1045 724 1073 scribat
735 1056 741 1079 ;
753 1044 775 1072 si
789 1051 878 1072 autern
891 1043 934 1071 vel
950 1043 1011 1071 anni

271 1098 412 1130 tempestas
424 1091 465 1119 vel
480 1092 634 1119 Isaurorum
648 1091 768 1119 incursus
781 1090 809 1118 id
830 1090 1010 1129 prohibeant,

272 1148 333 1166 cum
348 1138 404 1176 ejus
419 1138 524 1165 animus
539 1137 589 1165 sibi
607 1137 760 1176 exploratus
777 1136 821 1170 sit,
832 1136 895 1164 hinc
907 1147 933 1164 se
949 1147 1013 1164 am-

272 1184 346 1224 plam
362 1183 484 1212 diuturni
501 1183 600 1211 silentii
623 1182 829 1211 consolationem
842 1189 1013 1220 accepturum

272 1240 337 1258 esse.

315 1276 450 1304 Plurimas
465 1285 571 1313 quoque
585 1274 661 1308 alias,
676 1274 795 1302 Arabissi
807 1274 926 1303 inclusus
937 1297 944 1309 ‚
959 1274 1015 1312 epi-

274 1322 353 1350 stolas
367 1322 490 1361 scripsit,
507 1322 534 1349 in
546 1321 626 1359 queis
641 1320 676 1348 ad
696 1320 817 1348 diversos
830 1320 922 1348 eadem
936 1320 1017 1348 ferme

274 1375 389 1396 recenset
404 1391 411 1405 ‚
429 1379 456 1396 se
471 1378 565 1406 nempe
581 1366 713 1394 inclusum
730 1366 769 1394 ibi
784 1376 890 1394 manere
904 1376 965 1394 cum
978 1377 1017 1394 re-

225 1432 261 1450 273
277 1414 459 1453 gritudinibus
488 1413 655 1448 conflictari,
670 1413 776 1441 Isauros
801 1413 890 1441 omnia
915 1413 1017 1441 circum

275 1459 551 1500 depopulari‚oppida
561 1482 568 1494 ,
584 1459 658 1488 vicos
671 1465 696 1486 et
711 1469 818 1498 campos
832 1459 947 1487 humano
961 1469 1019 1486 san-

275 1507 356 1545 guine
367 1513 504 1534 cruentare
515 1528 522 1540 ,
539 1505 595 1534 vias
611 1505 766 1533 interclusas
778 1515 833 1532 esse
843 1527 849 1539 ‚
865 1505 902 1532 ita
913 1511 942 1532 ut
953 1504 1001 1532 lite

275 1564 318 1582 ras
332 1553 375 1581 vel
390 1553 495 1580 mittere
515 1552 554 1580 vel
572 1551 689 1590 recipere
705 1551 840 1579 rarissime
852 1551 946 1589 possit.
963 1550 1017 1579 Ubi

276 1599 426 1628 consideres
445 1598 527 1626 velim
543 1620 549 1633 ,
565 1608 646 1635 quam
672 1596 786 1626 nefando
807 1597 869 1625 odio
884 1603 909 1625 et
932 1597 1018 1625 livore

277 1645 383 1673 inimici
399 1645 455 1683 ejus
478 1643 552 1672 ducti
569 1644 666 1671 suerint
684 1655 690 1671 :
709 1654 792 1681 neque
807 1644 877 1671 enirn
892 1643 956 1671 satis
968 1643 1020 1671 ha-

277 1690 357 1719 buere
370 1691 447 1718 illum
461 1701 492 1718 ex
505 1689 566 1717 sede
580 1700 627 1717 sua
642 1689 785 1728 depulisse,
798 1689 843 1717 sed
856 1690 881 1717 in
904 1689 961 1717 loca
974 1690 1019 1717 illa

277 1737 392 1773 deserta,
410 1736 609 1765 incursionibus
624 1736 799 1764 barbarorum
815 1736 960 1771 funestata,
972 1736 1021 1764 ab·

280 1784 343 1812 duci
360 1793 498 1813 curavere.
512 1784 570 1811 Imo
584 1792 648 1810 vero
659 1803 665 1815 ‚
686 1783 747 1819 quia
764 1782 830 1810 tanti
846 1782 899 1810 viri
913 1782 981 1810 fama
997 1789 1021 1810 et

281 1830 455 1858 sanctimonia
478 1829 632 1857 innumeros
658 1828 687 1855 in
712 1828 768 1856 loca
793 1827 838 1856 illa
860 1828 1022 1866 tamproeul

280 1876 365 1915 posita
382 1875 550 1909 attrahebat,
570 1875 595 1902 in
619 1880 769 1909 extremm,
785 1881 814 1901 ut
834 1884 896 1902 mox
917 1874 1022 1902 videbi-

281 1933 358 1958 mus,
373 1921 481 1961 imperii
502 1921 569 1950 fines
594 1920 672 1948 illum
688 1927 777 1958 postea
792 1919 930 1948 amandari
947 1931 1022 1948 cura-

281 1979 350 1998 vere.
366 1968 493 1996 Arabisso
515 1974 604 1995 autem
627 1966 763 1995 Cucusum
785 1966 894 1995 rediisse
915 1973 1023 2006 putatur

282 2026 351 2044 anno
365 2016 435 2044 406.

322 2062 391 2089 Cum
411 2070 490 2099 porro
511 2059 588 2087 sciret
610 2058 818 2098 Clirysostomus
840 2058 1024 2087 Occidentales

281 2108 419 2146 episcopos
433 2117 446 2134 a
468 2106 590 2145 partibus
607 2106 661 2133 suis
682 2112 768 2139 stare,
786 2112 811 2133 et
832 2115 860 2133 ea
875 2116 933 2143 quae
955 2106 1024 2133 Con-

282 2153 451 2192 stantinopoli
468 2152 534 2180 etin
552 2152 709 2190 expulsione
730 2162 776 2179 sua
797 2159 821 2180 et
841 2158 930 2190 postea
954 2159 1026 2189 gesta

281 2199 385 2226 fuerant
418 2198 586 2226 veliementer
614 2198 768 2236 improbare
778 2220 785 2231 ‚
810 2198 934 2236 epistolas
961 2199 1027 2226 bene

283 2245 381 2273 inultas
407 2244 440 2272 ad
464 2244 569 2272 eosdem
596 2245 733 2283 episcopos
760 2243 848 2277 misit,
869 2251 893 2272 et
918 2244 1026 2282 quidem

284 2302 330 2330 per
341 2291 486 2319 Evetliium
504 2290 788 2329 presbyterum,quem
804 2290 830 2317 in
843 2290 1029 2318 occidentales

284 2343 373 2376 partes
386 2336 467 2364 misit.
484 2337 552 2371 Qum
570 2338 625 2364 132
643 2336 815 2373 inscribitur,
833 2336 865 2364 ad
892 2337 1030 2375 episcopos

285 2383 367 2410 missa
382 2382 559 2420 significatur,
577 2392 622 2409 nec
636 2383 662 2409 in
679 2382 757 2410 titulo
774 2382 960 2411 Occidentales
976 2394 1029 2411 nic—

287 2436 435 2457 morantur.
450 2428 502 2455 Sed
515 2438 529 2454 a
547 2428 680 2466 principio
695 2428 729 2456 ad
746 2428 932 2456 Occidentales
948 2428 1030 2466 dirigi

143 2485 275 2515 ‹jiffyffiao-
289 2474 423 2502 indicatur
443 2474 485 2501 his
501 2474 607 2502 verbis:
629 2486 642 2499 «
667 2474 699 2501 Et
724 2475 850 2512 privatim
877 2475 990 2512 singulis
1007 2482 1031 2503 et

133 2524 183 2567 ‘¹32³'
197 2517 277 2567 “ldlsg‘ffi
291 2520 435 2549 universim
445 2520 568 2548 omnibus
580 2520 677 2557 gratias
692 2520 768 2548 vobis
780 2520 883 2548 deferre
895 2521 1032 2556 debemus,

135 2555 255 2606 ἱὲἷκῖῗ,’[ζῖ
292 2578 343 2596 non
368 2578 415 2595 nos
431 2566 579 2601 duntaxat,
597 2566 643 2594 scd
667 2566 745 2594 eliani
771 2578 862 2595 omnes
886 2568 1034 2596 Orientales

134 2609 207 2660 ¹¹:¹¹¹'¹·¹³
225 2612 278 2631 ΠΜ·
294 2614 426 2653 episcopi,
440 2613 608 2643 diversarum
626 2612 734 2641 urbium
749 2612 854 2649 clerici,
870 2624 899 2642 ac
910 2614 969 2642 laici
985 2625 1035 2642 ra-

1059 258 1099 286 rio
1116 259 1196 287 modo
1216 259 1288 298 pulsi
1301 259 1397 298 ‚quod
1412 267 1520 299 paterna
1543 260 1646 289 viscera
1666 259 1798 290 exhiben-

1057 311 1106 338 tes,
1121 305 1207 333 vicem
1219 313 1335 334 nostram
1347 305 1480 341 doluistis,
1495 306 1647 344 fortiterque
1661 307 1797 336 stetistis.»

1058 351 1239 389 Hortatusque
1255 351 1315 380 illos
1344 358 1371 379 ut
1397 351 1424 379 in
1442 351 1536 390 creptis
1548 352 1698 390 persistant.
1714 354 1744 381 In
1760 363 1800 381 se-

1059 397 1203 434 quentibus
1215 408 1321 435 quoque
1332 397 1451 436 epistolis
1465 397 1499 425 ad
1512 397 1617 425 eosdem
1642 398 1730 427 missis
1741 400 1799 428 155

1059 449 1084 471 et
1102 444 1166 478 154,
1189 450 1217 471 ut
1238 443 1356 471 eamdem
1373 454 1476 481 semper
1492 443 1517 471 in
1539 454 1567 472 re
1587 451 1706 483 suscepta
1721 445 1800 473 sorti-

1059 488 1179 517 tudinem
1201 489 1345 518 exhibeant
1369 490 1505 524 obsecrat,
1526 497 1551 518 et
1572 491 1801 529 perturbationem

1060 535 1133 563 illam
1142 558 1148 570 ,
1159 546 1217 573 quae
1234 535 1382 564 Orientalcs
1403 535 1535 564 Ecclesias
1547 536 1698 572 invaserat,
1709 537 1802 566 sedare

1062 589 1199 611 conentur.

1102 629 1174 657 Inter
1196 627 1333 667 episcopos
1351 635 1439 656 autem
1455 627 1515 656 illos
1526 651 1532 663 ,
1548 628 1593 667 qui
1618 628 1803 667 Chrysostomi

1062 681 1150 713 partes
1169 673 1287 713 amplexi
1312 674 1432 711 fuerant,
1454 674 1587 703 eminebat
1611 675 1802 711 Chromatius,

1062 720 1203 759 episcopus
1218 720 1412 757 Aquileiensis,
1429 720 1474 758 qui
1499 721 1563 749 tuba
1581 721 1696 756 clarius,
1718 721 1807 759 inquit

1062 767 1178 795 ,Ioannes
1193 772 1289 801 noster⁷
1304 776 1353 804 pro
1368 776 1445 793 causa
1466 766 1552 805 ipsuis
1566 773 1590 794 et
1605 774 1696 795 eontra
1708 767 1806 795 adver-

1062 812 1147 840 sarios
1170 823 1230 840 suos
1255 811 1433 839 declamabat.
1457 811 1544 850 Hujus
1565 819 1707 852 conspectu
1728 819 1807 851 atque

1063 868 1206 896 congressu
1238 858 1290 886 srui
1316 857 1473 897 peroptabat
1499 858 1708 897 Chrysostomus
1731 870 1738 894 ;
1761 859 1808 888 sed

1063 904 1126 941 quia
1144 903 1212 932 illud
1235 903 1361 942 temporis
1385 904 1501 933 conditio
1524 915 1576 933 non
1599 905 1713 941 ferebat,
1732 905 1808 935 Eve-

1063 949 1151 978 thium
1168 949 1367 988 presbyterum,
1385 949 1432 988 qui
1448 950 1499 978 sihi
1515 961 1530 978 a
1544 951 1627 979 latere
1642 961 1745 990 semper
1759 957 1810 979 sta-

1064 996 1122 1032 bat,
1132 996 1164 1024 ad
1179 996 1256 1024 illum
1271 995 1352 1030 misit,
1368 1006 1479 1035 precans
1495 1003 1524 1024 ut
1538 996 1653 1035 benigne
1665 997 1809 1036 exciperet,

1066 1053 1096 1070 ae
1119 1041 1239 1070 redeunti
1267 1042 1356 1069 literas
1383 1042 1459 1070 daret
1486 1043 1538 1070 sibi
1561 1042 1727 1080 afferendas5
1751 1050 1809 1071 tum

1067 1088 1161 1123 etiam,
1177 1087 1197 1116 si
1212 1088 1363 1116 tabellarios
1379 1088 1494 1116 nancisci
1509 1095 1606 1127 posset,
1618 1089 1651 1116 de
1665 1089 1749 1117 salute
1763 1100 1810 1118 sua

1067 1134 1205 1163 certiorem
1229 1145 1256 1163 se
1282 1135 1386 1163 faceret.
1411 1135 1462 1163 Hie
1487 1146 1548 1163 vero
1578 1136 1750 1164 Chromatius
1776 1136 1811 1165 ad

1068 1182 1196 1210 Joannem
1209 1187 1328 1208 nostrum
1346 1180 1463 1219 scripsit,
1480 1188 1509 1208 ut
1524 1188 1653 1209 memorat
1672 1181 1811 1211 Palladius

1070 1227 1097 1254 in
1112 1227 1176 1255 Vita
1195 1226 1396 1265 Cliiysostomi,
1412 1238 1437 1265 p.
1458 1229 1504 1255 51.
1520 1227 1608 1266 Hujus
1620 1227 1698 1255 etiam
1714 1228 1812 1257 mentio

1069 1273 1184 1302 habetur
1205 1273 1231 1301 in
1254 1273 1332 1312 epist.
1355 1274 1503 1302 Innocentii
1524 1275 1557 1303 ad
1580 1275 1812 1314 Clirysostomum.

1073 1320 1150 1348 Hunc
1166 1331 1272 1358 quoque
1292 1320 1479 1348 Chromatium
1506 1321 1701 1359 Aquileiensem
1723 1321 1813 1350 liono-

1072 1367 1146 1395 rissce
1164 1373 1353 1394 commemorat
1370 1366 1551 1406 Hieronymus
1566 1367 1720 1406 praefatione
1736 1367 1762 1395 in
1778 1367 1814 1395 li-

1071 1413 1151 1441 brum
1168 1413 1391 1451 Paralipomenon
1402 1419 1427 1441 et
1444 1413 1469 1440 in
1484 1413 1594 1451 epistola
1607 1414 1654 1441 66.

1113 1459 1253 1498 Episcopis
1267 1458 1347 1487 etiam
1370 1458 1604 1494 Occidentalibus⁷
1617 1459 1663 1496 qui
1684 1459 1718 1487 ad
1734 1461 1816 1488 Area-

1072 1504 1146 1533 dium
1165 1505 1234 1544 Imp.
1251 1505 1365 1533 Concilii
1380 1505 1535 1533 oecumenici
1557 1505 1710 1544 postulandi
1737 1517 1815 1534 causa

1073 1552 1227 1585 veniebant,
1247 1562 1294 1590 per
1311 1551 1461 1580 Evetliiurn
1483 1552 1670 1590 presbyterum
1692 1552 1817 1591 epistolas

1074 1597 1145 1626 misit
1169 1598 1241 1633 156,
1257 1598 1314 1625 157
1325 1620 1332 1631 ,
1351 1597 1424 1633 158,
1441 1597 1499 1625 159
1510 1620 1516 1630 ,
1534 1597 1629 1625 iisdem
1646 1608 1711 1636 pene
1728 1598 1818 1626 verbis

1076 1649 1214 1681 conceptas
1225 1665 1232 1678 ‚
1247 1642 1431 1671 fortitudinem
1448 1642 1576 1678 laudans,
1594 1654 1773 1682 precansque,
1789 1650 1819 1672 ut

1075 1688 1204 1717 constanti
1227 1688 1316 1716 animo
1338 1688 1364 1716 in
1390 1699 1416 1716 re
1442 1695 1495 1716 tam
1511 1688 1576 1716 bene
1591 1695 1675 1727 coepta
1692 1700 1819 1727 perseve-

1075 1742 1143 1764 rent.
1168 1733 1209 1762 Ad
1227 1734 1283 1762 hrec
1300 1745 1360 1762 vero
1379 1735 1518 1773 epistolam
1544 1735 1650 1774 scripsit
1671 1735 1727 1764 <160
1748 1737 1821 1775 Epi-

1075 1792 1176 1820 scopo,
1193 1785 1241 1819 qui
1255 1783 1291 1809 ab
1309 1781 1465 1809 Occidente
1478 1787 1611 1815 venerat,
1624 1781 1659 1809 ita
1676 1782 1820 1811 concinna-

1077 1835 1145 1862 tam,
1162 1835 1191 1856 ut
1212 1834 1299 1866 posset
1320 1827 1432 1865 singulis
1453 1827 1674 1856 Occidentalibus
1689 1828 1821 1868 episcopis

1077 1874 1175 1903 offerri.
1193 1873 1361 1912 Presbyteris
1378 1873 1457 1902 etiam
1473 1874 1611 1909 Romanis,
1628 1874 1673 1912 qui
1690 1885 1751 1903 cum
1766 1875 1823 1914 epi-

1077 1921 1162 1959 scopis
1185 1920 1212 1948 in
1237 1920 1374 1947 Orientem
1401 1926 1542 1953 venerant,
1565 1919 1656 1948 literas
1679 1920 1753 1948 misit
1778 1931 1821 1960 ep.

1079 1967 1130 1994 161
1146 1988 1153 2001 ,
1176 1976 1222 2004 per
1247 1964 1371 1993 eumdem
1402 1965 1548 1993 Evethium
1574 1965 1734 1994 afferendas.
1767 1966 1823 2002 Qui

1081 2013 1210 2041 lssvethius
1244 2013 1325 2041 etiam
1350 2013 1511 2052 peculiarem
1539 2013 1678 2051 epistolam
1708 2015 1764 2042 109
1789 2014 1823 2042 ad

1081 2059 1213 2098 Anysium
1223 2082 1230 2095 ,
1246 2059 1512 2087 Thessalonicensem
1527 2059 1681 2098 episcopum
1693 2082 1700 2093 ,
1715 2060 1822 2097 attulit,

1081 2106 1257 2143 similiterque
1280 2105 1390 2133 alteram
1414 2105 1469 2133 163
1489 2104 1523 2132 ad
1550 2105 1684 2144 Anysium
1704 2113 1824 2135 caeteros·

1080 2163 1132 2189 que
1143 2162 1233 2180 omnes
1252 2150 1416 2179 Maeedoniae
1431 2150 1569 2189 episcopos
1581 2173 1587 2185 ‚
1603 2162 1718 2189 quorum
1735 2152 1825 2180 uude-

1081 2199 1133 2226 cim
1149 2200 1339 2231 nominantur;
1357 2203 1381 2224 et
1393 2207 1449 2224 eam
1466 2196 1647 2235 insuper-,quae
1662 2197 1719 2235 164
1732 2198 1826 2227 inscri-

1081 2244 1172 2280 bitur⁷
1193 2243 1227 2271 acl
1250 2242 1433 2271 Alexandrum
1462 2243 1583 2271 Corinthi
1608 2243 1778 2283 episcopum,
1793 2244 1827 2273 de

1083 2302 1135 2328 quo
1151 2289 1235 2318 amice
1249 2291 1377 2327 queritur,
1389 2288 1460 2327 quod
1475 2289 1526 2317 sibi
1542 2289 1632 2318 literas
1654 2290 1742 2318 nullas
1763 2291 1827 2318 mit-

1085 2343 1131 2364 tat.

1125 2381 1263 2420 Episcopis
1276 2380 1354 2408 etiam
1368 2380 1421 2408 illis
1434 2380 1629 2415 Orientalibus,
1645 2381 1692 2419 qui
1706 2381 1746 2409 sui
1762 2392 1824 2410 cau-

1085 2440 1110 2456 sa
1131 2430 1241 2456 Romam
1255 2438 1281 2455 se
1295 2427 1475 2461 contulerant,
1494 2434 1518 2455 et
1534 2438 1594 2455 cum
1612 2427 1828 2456 Occidentalibus

1086 2475 1217 2514 episcopis
1241 2474 1274 2502 ad
1291 2473 1482 2512 Imperatorem
1500 2473 1645 2501 arcadium
1663 2474 1829 2511 migrabant,

1087 2522 1212 2560 epistolas
1235 2521 1307 2548 misit
1324 2521 1379 2549 165
1392 2543 1398 2554 ,
1417 2519 1491 2553 166,
1509 2527 1533 2548 et
1558 2521 1633 2548 107:
1650 2531 1716 2558 quas
1740 2520 1827 2548 eidem

1090 2567 1205 2596 Eretliio
1222 2567 1377 2606 presbytero
1403 2566 1468 2604 ipsis
1491 2565 1632 2594 tradendas
1650 2566 1827 2604 consignavit,

1090 2613 1245 2642 Gaudentio
1259 2623 1374 2650 quoque,
1384 2611 1513 2640 Brixiano
1527 2612 1661 2650 episcopo,
1682 2622 1760 2650 quem
1773 2612 1828 2651 jam
