1884 2922
705 202 806 225 INDEX
837 203 961 225 RERUM.

97 264 171 292 Bona
195 274 242 303 pro
259 263 337 292 malis
361 262 504 294 ieddenda.
524 270 570 293 XI.
588 267 652 292 652.
671 274 696 292 F.
714 263 797 293 Bonis

56 307 207 336 ulciscenda
222 308 300 336 mala.
316 316 362 337 IX.
379 312 445 338 612.
472 319 498 336 A.
524 318 547 335 n.
574 306 638 335 Haec.
660 308 745 346 major
758 315 796 336 est

55 351 240 391 philosophia,
255 363 305 380 non
323 352 412 381 solum
431 352 501 380 mala
525 351 603 379 malis
625 361 676 379 non
699 362 795 390 repen-

53 395 130 430 dere,
157 396 204 424 sed
229 396 310 427 hona.
335 404 382 425 XI.
414 401 480 425 576.
505 408 530 425 c.
551 397 615 425 Haec
640 405 703 425 vera
729 396 795 425 ultio

53 447 101 468 est.
120 442 164 468 lb.

91 483 198 512 Bonum
209 494 337 522 magnum
347 484 435 513 virtus
449 491 497 513 est.
516 492 562 514 IX.
574 488 640 514 445.
650 496 675 513 A.
689 485 794 513 Bonum

52 526 120 565 quid
140 528 203 556 est?
225 527 384 557 obedientia.
409 529 514 557 Malum
533 528 599 566 quid
622 528 683 556 est?
704 529 794 558 inobe-

51 570 162 600 diemia.
181 573 302 611 Utraque
315 583 411 601 nomen
423 572 497 601 dedit
511 572 600 600 arbori
615 572 731 601 scientiae
744 572 793 601 bo-

51 615 78 643 ni
93 622 116 643 el
130 616 206 644 mali.
221 624 266 645 IV.
281 622 346 646 784.
365 627 392 645 E.
407 629 432 645 A.
451 628 476 645 Β.
493 617 566 645 Bona
590 616 740 645 obedientia
754 617 792 645 si-

51 658 160 696 quidem
175 670 207 688 ex
223 660 366 689 dilectione
380 660 476 690 oritur.
495 662 539 689 lb.
556 672 581 688 A.
595 661 700 689 Bonum
713 667 793 698 atque

51 702 154 731 malum
174 714 209 731 ex
222 704 361 732 voluntate
384 704 434 732 Dei
457 703 622 742 penduntur.
640 711 661 734 I.
680 708 746 732 753.
762 715 789 733 c.

51 745 126 774 Bona
146 753 172 775 et
191 747 262 775 mala
275 757 326 775 non
339 757 373 775 ex
386 753 482 775 natura
499 753 570 781 sum,
583 745 630 775 sed
643 757 677 775 ex
691 747 792 776 volun-

51 795 105 818 tate
125 797 149 819 et
166 791 277 820 arbitrio
293 798 396 819 tantum
410 790 535 830 pendent.
554 798 601 820 lx.
619 796 683 820 721.
700 802 724 819 n.
737 792 792 820 Bo-

51 843 116 862 num
134 834 295 873 quandoque
315 835 468 870 malum,et
484 835 602 864 vicissim
622 835 725 864 malum
743 835 792 863 ali-

51 878 160 915 quando
179 879 280 907 bonum
302 885 387 918 potest
408 889 473 908 esse.
488 886 546 909 VII.
562 884 626 908 263.
644 890 670 907 E.
684 881 790 908 Bonum

51 931 102 950 non
119 929 204 961 potest
223 923 269 951 bic
283 933 339 952 esse
358 923 414 951 sine
434 923 514 951 malo.
529 930 576 952 [Χ.
596 928 660 952 285.
673 934 698 951 n.
714 923 789 952 Bona

50 966 122 994 enim
145 977 179 995 ex
203 966 281 995 malis
306 968 363 995 Deo
391 973 500 995 auctore
520 966 718 1005 splendescunt.
741 968 787 998 Ib.

50 1009 124 1038 Bona
144 1010 190 1048 qui
221 1010 273 1039 sibi
301 1011 427 1050 proponit
454 1012 559 1050 operari
573 1033 581 1048 ,
600 1011 685 1039 multa
711 1011 790 1040 debet

48 1054 202 1092 prospicere
214 1054 324 1091 damna,
335 1055 466 1094 pericula,
474 1062 583 1092 mortes,
594 1065 679 1093 neque
688 1055 789 1084 turbari

48 1097 71 1125 si
94 1098 225 1128 accidant.
252 1107 287 1128 II.
305 1104 350 1128 20.
371 1111 398 1130 c.
415 1100 521 1128 Bonum
536 1110 664 1138 magnum
680 1106 717 1128 est
732 1100 790 1139 ipsa

48 1141 169 1170 afflictio.
191 1150 237 1172 IX.
262 1148 326 1172 229.
351 1155 376 1171 n.
401 1143 538 1172 Bonorum
563 1143 684 1172 omnium
706 1150 791 1171 mater

48 1185 198 1216 humilitas.
210 1194 258 1217 IX.
274 1193 338 1216 471.
351 1199 377 1218 c.
391 1198 419 1216 n.
435 1188 540 1216 Bonum
559 1198 610 1216 non
624 1188 727 1222 secisse,
739 1187 790 1216 hoc

48 1236 87 1257 est
101 1229 194 1258 secisse
209 1230 321 1260 malurn.
342 1239 387 1261 XI·
405 1236 467 1260 134.
482 1244 507 1260 Α.
528 1232 632 1260 Bonum
647 1241 699 1259 non
712 1242 790 1270 agere

49 1272 160 1311 perinde
175 1284 206 1302 ac
221 1274 322 1302 malum
344 1281 497 1314 perpetrare
525 1275 632 1303 crimini
653 1274 735 1304 datur
761 1276 788 1305 in

49 1323 164 1355 utroque
178 1318 412 1348 Testamento.v1.
425 1324 470 1347 18.
484 1319 557 1348 Bona
571 1329 650 1358 opera
661 1327 788 1358 quantam

45 1361 243 1399 jucunditatem
253 1363 341 1392 cordis
349 1363 463 1402 pariant.
476 1371 521 1392 IV.
534 1368 598 1393 848.
614 1364 689 1392 Bona
699 1374 787 1403 opera,

48 1405 97 1433 etsi
111 1405 280 1444 imperfecta,
294 1406 328 1435 ab
340 1406 520 1435 imbecillibus
534 1413 622 1435 tamen
637 1407 787 1446 suscipien-

48 1448 80 1476 da
91 1459 122 1477 ac
135 1449 250 1478 fovenda
266 1457 338 1478 sunt.
355 1457 412 1479 VII.
429 1455 494 1479 866.
510 1461 539 1481 1).
554 1462 582 1480 Ε.

85 1493 154 1521 Boni
169 1504 216 1521 cnr
231 1504 292 1523 cum
307 1494 385 1523 malis
402 1495 539 1534 permixti.
554 1503 589 1524 II.
606 1500 671 1524 316.
688 1506 717 1524 1).
735 1496 788 1524 130-

46 1545 144 1565 norum
153 1537 264 1565 societas
277 1548 382 1577 semper
392 1538 474 1567 bona.
490 1546 536 1567 IX.
550 1540 786 1568 370.13.B0norum

46 1580 130 1617 gratia
153 1580 225 1609 Deus
249 1581 333 1609 malos
358 1581 408 1610 fert
431 1581 572 1621 patienter.
589 1590 647 1612 VII.
672 1589 735 1612 181.
755 1594 783 1612 E.

46 1623 128 1652 Bonis
148 1625 228 1663 longa
247 1624 355 1654 videtur
372 1626 428 1654 vita
442 1637 573 1665 praesens,
594 1628 672 1656 malis
697 1634 786 1656 autem

45 1666 147 1695 brevis.
166 1675 198 1696 v.
211 1672 277 1696 399.
293 1680 319 1696 A.
338 1669 428 1697 Bonus
444 1669 487 1698 vir
501 1671 570 1698 nibil
587 1671 651 1699 mali
666 1671 721 1710 pati
738 1681 786 1710 po-

46 1716 106 1739 test.
123 1717 181 1739 VII.
203 1716 268 1740 862.
293 1723 318 1740 c.
339 1712 407 1740 Boni
429 1723 477 1741 cur
497 1713 651 1752 affligantur
673 1725 725 1744 non
748 1721 787 1744 est

45 1754 231 1792 quaerendum.
260 1762 281 1784 I.
309 1760 372 1784 213.
387 1767 414 1784 E.
438 1756 520 1785 Bonis
543 1757 623 1786 etiam
647 1758 786 1788 humiliari

46 1804 126 1836 atque
141 1799 277 1828 incurvari
290 1799 407 1829 salutare
420 1807 468 1829 est.
484 1809 504 1830 I.
527 1807 590 1831 195.
607 1813 636 1831 D.
652 1803 719 1832 Boni
734 1814 786 1832 non

47 1849 136 1871 carent
148 1843 283 1882 peccatis;
295 1854 352 1882 quae
364 1844 452 1873 abolet
466 1845 586 1874 afflictio.
604 1852 784 1878 I.909.n.c.n.

46 1886 114 1915 Boni
135 1887 162 1916 in
187 1888 386 1925 tentationibus,
403 1889 525 1919 meliores
538 1890 618 1926 fiunt,
634 1897 662 1919 ut
685 1902 781 1921 aurum

90 2162 166 2189 Cfficr
191 2162 245 2190 nati
264 2161 356 2190 oculos
375 2161 499 2190 Christus
519 2172 580 2190 cum
603 2162 660 2190 luto
680 2163 788 2191 creavit.

50 2212 71 2232 I.
93 2209 158 2233 653.
183 2216 208 2234 c.
231 2216 258 2234 D.
281 2210 343 2234 654.
366 2213 434 2235 ΠΗ.
454 2210 515 2234 376.
538 2217 563 2233 1¹..
588 2217 614 2235 c.
632 2207 700 2246 Ejus
723 2207 789 2235 fidos

47 2254 155 2286 quanta.
169 2255 240 2277 VIII.
256 2253 319 2277 377.
335 2260 363 2279 D.
376 2253 440 2278 378.
453 2261 480 2278 E..
494 2254 557 2278 380.
574 2261 600 2277 Β.
614 2261 642 2279 n.
658 2256 785 2280 suntin.

49 2297 113 2321 396.
137 2303 164 2320 c.
187 2292 278 2321 Caecus
302 2299 379 2322 natus
405 2294 431 2322 in
457 2293 656 2332 discipulorum
677 2295 789 2323 chorum

48 2336 166 2365 adscitus
181 2343 229 2364 est.
249 2343 318 2365 VIII.
342 2341 405 2366 395.
424 2348 450 2366 Ε.
466 2351 492 2367 Α,

91 2381 182 2409 Caecos
203 2390 259 2409 esse
275 2380 380 2410 Judaeis
395 2382 490 2410 melius
505 2393 560 2410 esse
574 2382 689 2411 ostendit
707 2383 790 2411 Chri-

49 2431 116 2453 stus.
130 2431 201 2452 VIII.
217 2429 280 2453 396.
301 2435 328 2452 Α.
343 2429 408 2453 397.
429 2437 452 2454 n.
469 2436 496 2454 c.
513 2426 582 2454 (larci
598 2437 613 2454 a
628 2426 788 2464 quibusdam

49 2468 254 2507 appellabantur
266 2469 475 2502 πολυὲλέποντες
486 2492 492 2506 ,
510 2471 631 2498 mullum
643 2471 787 2499 videntes.

52 2519 84 2541 Y.
103 2517 165 2540 175.
180 2525 206 2541 Λ.

92 2556 192 2585 Cffinizs
209 2557 378 2595 quandonam
396 2557 526 2595 legitima.
546 2566 564 2587 I.
582 2564 624 2587 47.
640 2569 665 2587 D.
685 2563 745 2587 452.
763 2571 787 2587 h.

60 2605 117 2628 ὶζὶῐὶ,
146 2613 164 2627 x.
179 2601 229 2628 Pro
245 2601 299 2628 Deo
323 2602 387 2629 suem
404 2601 548 2639 anquando
560 2603 689 2639 justifiam
704 2603 787 2631 asscit-

1532 195 1596 241 ¹05

853 264 962 303 deponit
973 265 1087 293 scoriam
1103 264 1130 294 in
1144 265 1214 303 igne.
1231 272 1274 294 VI.
1294 269 1338 294 57.
1353 276 1381 294 D.
1398 265 1475 301 Boni,
1488 266 1556 295 sicut
1571 275 1595 296 et

853 308 929 343 mali,
945 309 1146 338 consuetudinis
1169 319 1293 347 magnam
1317 309 1375 338 vim
1405 310 1591 349 experiuntur.

854 359 900 380 XI.
917 357 983 381 753.
1001 366 1027 381 A.
1042 353 1109 382 Boni
1125 353 1177 382 viri
1192 353 1276 392 gloria
1291 360 1330 382 est
1344 353 1442 382 habere
1463 365 1531 392 quos
1549 365 1595 383 or-

852 403 896 424 net
911 397 967 425 suis
985 397 1131 427 beneficiis.
1145 405 1191 428 XI.
1212 403 1275 427 605.
1291 409 1315 426 Β.
1329 399 1414 426 Bona
1425 400 1484 427 tria
1499 401 1595 437 prima

852 447 921 468 sunt
931 452 941 468 :
953 442 1427 482 eleemosyna,cratio‚jejum'nm.
1438 450 1482 471 VI.
1493 447 1557 471 813.
1568 454 1591 472 n.

853 484 891 512 Et
899 485 1011 523 triplici
1023 486 1167 514 malorum
1183 488 1271 524 capiti
1286 487 1589 524 opponunt11r.1b..2.n.

850 527 967 556 Bonum
984 540 1084 558 verum
1102 530 1177 558 nihil
1196 532 1238 558 sic
1259 531 1342 567 pellit
1366 537 1399 559 ut
1422 531 1593 560 simulatum

850 571 967 600 bonum.
981 579 1025 601 vl.
1039 577 1104 601 827.
1127 584 1156 603 D.
1178 574 1255 601 Boni
1270 583 1377 611 parum
1395 581 1530 611 operalio·
1543 576 1594 612 qui

849 624 969 645 mortem.
987 620 1078 646 timec.
1094 625 1139 647 VI.
1157 623 1220 647 846.
1237 630 1262 646 Α.

888 660 1012 689 Boi-<ins
1030 661 1081 689 Dei
1102 661 1129 689 in
1153 671 1252 689 omnes
1267 668 1300 692 V,
1316 666 1381 690 567.
1401 673 1426 691 n.
1442 662 1592 691 Bonilatem

848 702 1002 732 universam
1018 703 1146 732 virtutem
1156 710 1235 732 vocat
1248 705 1403 742 Apostolus.
1422 713 1466 735 lx.
1482 711 1546 735 802.
1563 720 1588 735 A.

888 746 1019 784 Βουλιμία
1036 746 1093 775 lues
1115 747 1143 775 in
1168 746 1326 785 corporibus
1348 749 1516 785 gravissima,
1530 760 1592 778 cum

847 790 907 827 quis
926 790 1024 818 famem
1045 791 1113 819 cibis
1133 789 1227 818 sedare
1245 799 1297 817 non
1316 797 1410 828 potest.
1423 799 1469 820 XI.
1481 797 1545 821 758.
1563 805 1589 824 A.

846 834 1056 871 Βουλιμιῶντες,
1066 833 1192 862 famelici.
1204 840 1250 861 XI.
1266 837 1329 861 593.
1342 845 1369 862 Α.

886 878 1008 906 Βιηεοῆῑ
1025 888 1071 906 seu
1093 876 1256 916 anaxyrides
1273 876 1308 905 ad
1328 888 1479 907 mensarum
1495 879 1591 908 luxum

845 920 982 950 adhibitae.
1000 929 1047 951 XI.
1063 926 1128 950 376.
1146 932 1174 950 E.

886 964 1034 994 Bruc‘rms
1049 975 1143 993 aureas
1156 965 1225 992 inter
1238 970 1330 993 eaelera
1342 965 1424 994 luxus
1436 974 1591 996 ornamenta

847 1008 1146 1048 Constantinopolitanis
1157 1008 1302 1048 exprobrat
1318 1009 1536 1049 Chrysostoruus.
1556 1018 1590 1041 V.

847 1058 913 1084 627.
930 1066 958 1084 D.

887 1099 1002 1127 Bmsoxi
1027 1099 1120 1127 scribit
1144 1099 1363 1138 Chrysostomus.
1389 1107 1436 1128 111.
1457 1106 1522 1131 852.
1544 1101 1591 1130 Ei-

845 1142 906 1171 dem
922 1143 1035 1171 alteram
1053 1143 1148 1171 scribit
1165 1144 1318 1181 epistolam.
1338 1150 1384 1173 III.
1405 1149 1469 1173 880.
1487 1156 1512 1174 n.
1532 1146 1591 1175 Bri-

846 1187 918 1214 sonis
932 1197 994 1225 erga
1009 1187 1231 1225 Cbrysostomum
1247 1197 1332 1217 amor.
1349 1194 1395 1215 ΙΙΙ.
1414 1193 1478 1217 852.
1498 1199 1528 1219 Β.

886 1231 1135 1259 ermmcmcm
1159 1231 1309 1260 insularum
1330 1231 1399 1259 inter
1421 1240 1526 1261 cameras
1541 1243 1590 1262 or-

846 1275 886 1303 bis
909 1275 1031 1304 nationes
1047 1275 1155 1303 mentio.
1173 1283 1196 1304 1.
1213 1280 1277 1305 559.
1295 1286 1320 1304 e.
1342 1275 1502 1305 Britannum
1517 1278 1590 1305 insu-

845 1318 877 1346 1ae
892 1318 949 1347 vim
965 1318 1042 1347 verbi
1056 1325 1212 1352 senserunt,
1225 1325 1251 1347 et
1265 1317 1323 1347 illic
1340 1317 1467 1348 Ecclesiae
1482 1320 1590 1349 fuerunt

844 1369 946 1391 erectae.
960 1369 981 1391 1.
1001 1367 1068 1392 702.
1081 1373 1104 1390 B.

884 1406 1028 1434 Bmun'm
1050 1408 1100 1445 qui
1119 1406 1257 1435 humanis
1277 1408 1472 1436 vescebantur
1497 1411 1590 1436 carni-

844 1451 907 1485 bus,
921 1460 997 1478 nunc
1006 1452 1128 1489 jejuniis
1142 1451 1278 1488 reficiunt
1293 1454 1423 1479 animam
1435 1461 1526 1479 suam.
1539 1458 1586 1480 III.

844 1499 909 1523 957.
926 1496 962 1523 V.
978 1502 1079 1524 notam.
1107 1496 1196 1523 ,Nunc
1219 1496 1298 1533 apud
1321 1505 1369 1524 eos
1391 1497 1522 1524 invenire
1547 1503 1589 1524 est

844 1539 938 1567 illud.-
953 1540 984 1567 In
997 1539 1131 1578 principio
1150 1546 1206 1568 erat
1218 1539 1350 1577 verbum3
1366 1546 1393 1568 et
1408 1541 1502 1568 vitam
1521 1549 1589 1578 pro·-

845 1584 927 1612 ham.
942 1583 985 1611 lb.

884 1627 1003 1656 Bvcoml
1030 1626 1088 1655 sive
1115 1627 1170 1655 Odi
1202 1626 1377 1655 instrumenta
1403 1626 1588 1655 tractabantur

843 1671 869 1699 in
885 1670 974 1699 eboris
994 1681 1061 1709 qnos
1079 1671 1195 1700 ducebat
1219 1671 1320 1700 David.
1336 1678 1369 1701 V.
1387 1675 1451 1699 649.
1466 1683 1491 1699 Α.
1507 1671 1547 1699 Ib.
1565 1681 1589 1698 Β.

883 1716 1011 1744 Bumm
1037 1715 1137 1744 habent
1161 1716 1278 1744 colorem
1308 1715 1419 1753 quidam
1442 1715 1562 1743 haeretici
1577 1737 1585 1750 ,

844 1759 1002 1788 modestiam
1015 1759 1178 1788 affectantes.
1192 1766 1238 1787 IV.
1253 1764 1318 1788 752.
1336 1771 1359 1788 13.
1377 1761 1409 1787 V.
1425 1766 1533 1787 notam.

883 1804 955 1843 Byzo
971 1810 996 1832 et
1017 1803 1133 1832 Romulo
1155 1803 1292 1832 monacbis
1312 1803 1405 1831 scribit
1425 1803 1585 1841 Chrysosto—

844 1859 912 1877 mus.
934 1856 977 1877 III.
995 1852 1059 1876 751.
1074 1847 1184 1876 Pietatis
1203 1848 1273 1876 fama
1288 1847 1436 1887 conspicui.
1454 1848 1495 1876 lb.

881 2168 944 2192 864.
958 2175 985 2192 E.
1001 2175 1030 2191 A.
1055 2168 1119 2192 865.
1137 2174 1161 2192 c.
1177 2164 1265 2192 Czrdis
1279 2170 1363 2192 mater
1379 2164 1492 2194 int-idid.
1512 2173 1580 2196 VIII.

881 2213 908 2236 7.
928 2219 953 2237 Δ.
970 2207 1062 2236 Caedes
1084 2207 1111 2235 in
1132 2207 1313 2246 hippodromo
1334 2208 1410 2237 facta.
1437 2216 1495 2238 XII.
1520 2215 1582 2240 529.

891 2262 916 2279 c.
939 2250 1030 2279 Caedes
1051 2251 1259 2289 Imperatorum.
1280 2259 1327 2281 XI.
1345 2256 1409 2280 364.
1429 2264 1452 2281 F.
1471 2257 1534 2282 365.
1556 2266 1579 2284 n.

887 2295 1033 2323 Cffiuzsms
1045 2295 1121 2333 regni
1134 2294 1289 2334 descriptio.
1308 2302 1363 2324 VII.
1379 2300 1423 2324 22.
1437 2307 1462 2324 B.
1478 2301 1542 2326 623.
1556 2310 1580 2328 c.

843 2343 906 2367 624.
925 2349 952 2368 1).
969 2349 995 2367 E.
1015 2339 1127 2378 Propter
1138 2339 1208 2368 illud
1223 2339 1311 2368 omnia
1328 2340 1497 2370 incommoda
1517 2342 1580 2370 sub-

842 2382 939 2410 eunda.
953 2390 972 2411 I.
988 2387 1050 2411 162.
1068 2394 1094 2410 A.
1112 2387 1176 2411 163.
1190 2394 1214 2412 B.
1234 2390 1292 2412 vn.
1311 2388 1374 2413 624.
1391 2395 1418 2414 Α.

883 2425 1001 2454 Caelestis
1012 2425 1088 2454 urbis
1102 2425 1257 2466 descriptio.
1270 2433 1328 2456 VII.
1348 2431 1393 2456 20.
1410 2438 1434 2455 n.
1452 2438 1479 2456 c.
1495 2428 1581 2457 Caele-

842 2469 889 2498 stis
909 2469 1006 2499 domus
1020 2492 1027 2506 ,
1048 2469 1122 2498 Iocus
1137 2480 1221 2509 purus
1237 2480 1252 2498 a
1268 2469 1345 2499 vitio.
1364 2477 1397 2498 V.
1417 2475 1480 2500 360.
1499 2483 1526 2502 c.
1545 2473 1582 2502 Et

843 2514 876 2541 ab
894 2513 967 2542 omni
988 2513 1107 2541 molestia
1130 2513 1222 2542 animi.
1244 2521 1263 2542 I.
1285 2518 1349 2543 604.
1367 2514 1488 2544 Caelestes
1510 2516 1581 2546 cives

843 2557 962 2596 quinam.
983 2565 1001 2587 I.
1017 2563 1081 2586 604.
1098 2570 1122 2587 Δ.
1136 2568 1199 2598 sqq.
1215 2565 1272 2587 VII.
1287 2563 1331 2587 20.
1346 2570 1371 2587 A.
1388 2559 1505 2588 Czelestis
1517 2560 1580 2589 vita:

846 2602 968 2631 felicitas.
997 2610 1004 2631 1
1036 2607 1088 2631 604
1121 2613 1148 2630 n.
1172 2613 1198 2632 t.
1223 2615 1247 2632 A.
1276 2610 1318 2631 lv.
1339 2607 1401 2631 S'c'o.
1428 2604 1579 2633 Cwlcstinm

846 2171 866 2193 1.

843 2212 877 2236 24

843 2261 868 2279 13.
