1910 2907
672 181 760 203 NUNC
789 181 920 204 PutMUM

134 254 194 272 sum
207 254 307 272 secum:
321 243 382 281 quia
396 254 458 272 vero
474 243 546 272 nulla
560 253 619 282 spes
631 250 687 271 erat
700 243 727 271 id
744 243 802 271 fieri
817 254 875 271 um-

133 300 214 327 quam
232 300 326 328 posse,
349 289 471 318 hortatur
486 290 564 317 illum
585 296 613 317 ut
634 290 808 328 epistolarum
822 290 876 317 sre—

131 336 240 373 quentia
260 346 430 374 congressum
446 335 601 374 hujusmodi
621 343 781 374 compenset.
806 336 874 364 nas-

130 392 189 410 sum
202 383 290 417 1510),
305 393 384 420 quem
397 382 627 420 Constantinopoli
644 381 761 409 amicum
775 382 874 409 habue-

129 434 190 463 rat,
219 428 312 456 leniter
335 428 459 467 objurgat
471 450 478 463 ,
504 427 575 465 quod
594 438 656 455 cum
678 426 744 455 adeo
768 427 874 455 vicinus

129 480 211 509 essct,
230 485 262 502 ne
278 474 367 502 literas
381 474 490 511 quidem
507 473 559 501 sibi
577 473 681 501 mittere
703 472 870 510 dignaretur.

131 520 313 558 Porphyrium
327 530 404 555 vcro,
428 530 507 557 quem
522 519 605 547 Rhosi
623 519 778 557 episcopum
793 519 874 546 fuisse

130 566 198 594 nihil
208 568 265 605 jam
278 567 445 601 dubitamus,
463 577 511 605 pro
523 577 596 594 more
610 566 644 593 ad
656 566 745 594 literas
759 566 811 593 sibi
825 567 874 593 frc-

133 619 244 650 quenter
259 612 400 640 mittendas
415 613 578 641 cohortatur.
596 612 644 639 llis
659 611 798 651 jungenda
812 612 874 650 epi—

134 659 201 687 stola
221 660 281 696 (30)
297 659 330 686 ad
352 659 489 687 lleortium
504 658 658 697 episcopum
674 680 681 693 ,
705 659 781 696 cujus
799 657 874 685 sedes

129 714 180 732 non
193 705 286 743 procul
299 705 403 733 Cucuso
416 711 479 732 erat.
497 705 521 732 15
533 704 688 731 infirmit-‘tte
703 703 822 741 corporis
835 703 874 731 la-

83 758 118 777 161
130 749 241 778 borabat
256 762 261 776 :
276 757 367 788 atquc,
391 757 420 778 ut
442 760 475 778 ex
491 749 677 788 Ghrysostomi
699 748 778 776 dictis
795 749 873 787 argui

129 795 256 829 videtur,
281 796 407 824 Heortius
421 795 522 823 amicus
540 795 655 822 scribere
677 794 728 822 sibi
749 794 870 831 solebat,

129 840 201 877 quod
216 847 302 868 tamen
319 840 431 868 adversa
446 839 598 868 valetudine
610 839 753 873 laboraret,
771 849 822 867 non
836 839 871 867 ab

128 886 176 914 illo
188 886 328 915 didicerat.
347 888 467 916 «Verum
480 887 572 924 quia,»
584 885 671 922 inquit
684 885 739 921 ille,
762 897 776 911 «
789 885 872 913 tabel-

128 932 256 961 lariorum
272 933 381 961 fortasse
397 932 508 971 penuria
522 942 574 960 non
589 931 694 965 scribis,
712 930 771 958 ideo
787 930 872 958 homi-

128 988 183 1012 nes,
200 979 244 1016 qui
259 978 293 1006 ad
308 985 331 1006 te
345 979 548 1017 proficiscantur
565 984 659 1005 nactus
669 999 676 1012 ,
691 976 777 1004 literis
792 983 817 1004 te
831 977 871 1004 la-

127 1034 214 1059 cesso,
226 1034 290 1062 rogo
302 1031 326 1052 et
338 1024 456 1059 obsecro,
469 1030 498 1051 ut
511 1023 614 1061 quoties
626 1022 737 1050 facultas
749 1021 870 1058 dabitur,

126 1070 204 1098 nobis
221 1081 301 1108 quam
315 1069 461 1109 saepissime
475 1069 589 1104 scribas,
611 1075 635 1096 et
653 1079 704 1106 qua
717 1067 870 1096 valetudine

126 1115 162 1144 sis
175 1126 302 1154 exponas.
317 1117 489 1153 Quamquam
501 1115 572 1143 enim
588 1115 615 1143 in
632 1114 811 1143 desertissime
826 1125 869 1142 or-

126 1161 169 1190 bis
186 1162 247 1190 loco
262 1162 415 1190 habitamus
427 1185 434 1197 ,
456 1172 487 1189 ac
499 1160 656 1200 praedonum
669 1167 748 1188 >metu
763 1160 869 1188 obside-

127 1218 199 1243 mur,
216 1208 364 1246 multasque
379 1208 405 1235 in
420 1215 473 1236 tam
486 1214 558 1235 vasta
574 1206 720 1235 solitudine
735 1206 870 1234 calamita-

127 1260 164 1281 tes
179 1255 345 1292 perpetimur
355 1276 362 1287 ,
377 1260 463 1280 tamen
478 1253 500 1280 si
516 1253 665 1289 frequentes
681 1262 694 1278 a
709 1258 749 1286 te,
770 1253 813 1280 cui
828 1262 870 1279 ca-

126 1300 225 1328 rissimi
237 1310 339 1333 sumus,
354 1299 445 1327 literas
459 1298 633 1337 accipiamus,
648 1308 706 1335 quae
719 1307 766 1325 nos
779 1297 812 1325 de
826 1304 869 1325 tua

126 1345 280 1374 valetudine
297 1346 420 1373 certiores
443 1344 554 1379 saciant,
578 1344 710 1381 ingentem
732 1343 810 1376 hinc,
832 1350 870 1371 tot

126 1392 187 1420 licet
199 1391 324 1420 aerumnis
337 1391 465 1430 oppressi,
478 1390 685 1418 consolationem
697 1388 868 1427 accipiemus.

127 1438 233 1473 Quanta
246 1437 317 1466 enim
335 1437 453 1465 caritatis
474 1436 515 1464 vis
534 1436 567 1464 sit
586 1435 755 1473 exploratum
770 1434 868 1472 habes,

125 1483 251 1522 quodque
265 1493 316 1511 non
334 1483 481 1511 amicorum
493 1481 634 1509 dumtaxat
649 1481 804 1519 praesentia,
823 1481 870 1509 sed

126 1529 207 1558 etiam
223 1529 305 1557 literae
319 1529 412 1567 ingens
425 1528 550 1557 solatium
566 1527 705 1555 afferant.»

167 1575 335 1615 Hesychium
360 1585 466 1612 quoque
487 1574 539 1602 sibi
564 1573 777 1606 amicissimum,
796 1571 869 1601 vici-

125 1633 192 1651 num
207 1622 317 1657 habuit;
333 1622 366 1649 ita
386 1628 430 1656 ut,
447 1621 469 1649 si
493 1621 598 1648 licitum
617 1620 668 1658 ipsi
689 1619 800 1655 fuisset,
825 1619 868 1647 in-

128 1668 187 1706 quit
204 1667 230 1695 in
243 1667 352 1707 epistola
368 1668 406 1695 7-1-
417 1689 424 1701 ,
441 1677 524 1704 neque
534 1667 690 1694 Isaurorum
705 1673 791 1694 metus
803 1687 810 1701 ,
828 1675 871 1693 ne-

128 1724 180 1751 que
199 1713 317 1752 corporis
342 1712 514 1741 imbecillitas
536 1711 680 1751 prohibere
700 1711 867 1750 potuissent,

130 1760 275 1797 quominus
290 1758 378 1797 ipsum
393 1758 493 1793 adiret3
509 1768 593 1795 neque
609 1765 697 1786 tamen
712 1758 746 1786 ob
761 1758 868 1786 Isauro—

127 1815 189 1833 rum
203 1812 304 1834 metum
318 1804 352 1832 ab
368 1804 415 1833 illo
431 1805 497 1843 petit
509 1811 537 1832 ut
552 1805 689 1832 cucusum
703 1804 808 1840 veniat,
822 1804 868 1832 scd

128 1856 158 1878 ut
173 1861 253 1888 quam
273 1850 437 1888 frequentius
451 1851 547 1888 poterit
568 1850 602 1878 ad
615 1861 642 1878 se
660 1851 750 1879 literas
766 1851 865 1879 mittat.

128 1895 279 1934 Hesychius
294 1906 357 1925 vero
374 1896 458 1924 literis
476 1896 510 1924 ab
532 1897 634 1925 Joanne
652 1896 745 1935 petiit,
769 1903 797 1924 ut
817 1896 867 1924 sibi

128 1941 292 1980 ignosceret,
308 1941 381 1979 quod
395 1951 447 1970 non
462 1941 581 1976 venerit,
599 1942 661 1979 quia
677 1952 774 1981 nempe
793 1953 869 1970 mor-

99 1981 164 2016 *sbo
178 1987 326 2016 laborabat.
343 1986 495 2026 Respondet
510 1987 717 2027 Chrysostomus
730 1991 739 2023 <
751 1998 793 2027 ep.
806 1990 846 2017 94
861 1990 868 2025 )

128 2032 272 2071 laudatque
292 2043 367 2068 cum,
382 2032 455 2070 quod
474 2043 503 2060 ea
522 2032 556 2060 de
576 2043 655 2061 eausa
672 2043 724 2061 non
745 2034 867 2062 venerit:

128 2078 190 2107 licet
212 2079 282 2107 enim
304 2085 359 2107 tam
378 2089 470 2107 carum
495 2085 575 2117 caput
599 2079 748 2107 exosculari
772 2086 868 2116 aveat,

130 2125 195 2154 satis
211 2124 262 2153 sibi
277 2125 333 2153 sore
348 2125 402 2159 ait,
417 2124 437 2153 si
451 2124 580 2162 quamdiu
597 2124 653 2153 sive
665 2135 713 2164 per
727 2125 869 2163 :egritudi-

129 2181 206 2205 nem,
227 2171 284 2198 sive
297 2181 343 2209 per
357 2170 419 2198 anni
433 2177 616 2210 tempestatem
639 2171 666 2199 id
690 2181 741 2199 non
763 2171 870 2207 licebit,

128 2216 210 2244 literae
231 2216 300 2244 ultro
319 2217 437 2254 citroque
458 2218 607 2245 mittantur.
627 2217 683 2245 lloc
706 2218 794 2256 ipsum
818 2218 870 2246 sere

130 2262 170 2290 illi
185 2262 279 2300 repetit
293 2263 320 2290 in
332 2263 442 2301 epistola
456 2264 512 2291 176
527 2275 532 2289 :
546 2263 592 2291 ubi
608 2263 710 2291 itineris
723 2263 871 2291 difficulta-

130 2315 182 2336 tem
200 2318 260 2335 cum
279 2308 397 2346 corporis
416 2308 600 2336 imbecillitate
618 2309 772 2347 conjungit,
789 2320 820 2336 ae
833 2309 871 2336 si-

131 2353 258 2391 gnificare
270 2353 376 2381 videtur
388 2364 415 2381 se
428 2354 471 2382 vel
482 2354 568 2382 hieme
581 2356 637 2393 jam
651 2355 871 2393 appropinquan-

132 2405 157 2426 te
169 2420 176 2434 ,
193 2399 236 2427 vel
250 2399 277 2427 in
294 2399 350 2437 ipsa
372 2400 477 2438 hyemis
494 2407 647 2438 tempestate
659 2401 707 2429 has
721 2401 826 2429 dedisse
840 2401 872 2428 li-

134 2451 212 2472 teras.

175 2492 243 2519 Cum
258 2491 433 2518 Tillemontio
448 2491 590 2530 opinamur
605 2492 689 2520 alium
705 2492 871 2531 Hesychium

133 2547 189 2566 esse
211 2537 306 2571 illum,
325 2548 403 2574 quem
429 2537 608 2565 venerandum
631 2545 656 2566 et
673 2538 871 2567 nobilissimum

102 2592 108 2598 ·
135 2583 216 2618 dicit,
233 2594 248 2611 a
262 2593 315 2620 quo
330 2593 357 2611 50
371 2583 487 2611 multum
501 2583 584 2612 amari
600 2594 633 2612 ex
645 2584 699 2612 sola
714 2585 784 2613 fama
800 2584 871 2613 didi-

948 181 965 203 A
973 181 1144 204 DORNATA.
1611 187 1668 220 191

929 250 1000 272 cerat
1011 266 1018 280 ,
1035 254 1050 272 a
1073 254 1126 282 quo
1140 243 1257 282 postulat
1273 246 1282 280 (
1295 244 1352 272 108
1365 244 1373 280 )
1386 267 1395 279 ,
1411 250 1440 272 ut
1454 246 1605 283 frequentes
1619 247 1673 275 sibi

930 290 1020 318 lucras
1046 291 1132 318 mittat
1146 301 1154 327 3
1178 290 1205 318 id
1225 290 1367 329 ipsumque
1392 291 1488 330 repetit
1510 292 1536 319 iu
1561 292 1671 330 epistola

930 338 998 364 225
1017 337 1144 374 Idemque
1168 337 1306 365 literarum
1336 338 1498 366 consortium
1522 338 1638 376 postulat
1656 349 1670 367 a

930 382 1097 410 Candidiano
1109 385 1165 423 jam
1180 383 1244 411 olim
1258 383 1343 412 amico
1358 394 1415 420 suo,
1431 384 1476 422 qui
1494 384 1599 413 Cucuso
1611 396 1672 424 pro-

930 428 972 455 cul
986 428 1113 466 degebat.

970 474 1142 501 Antiochiam
1159 485 1264 511 quoquc
1281 497 1288 511 ,
1306 475 1350 503 nbi
1368 475 1393 503 in
1410 486 1506 513 magna
1529 475 1671 504 existima—

929 519 999 547 tione
1014 526 1084 555 erat,
1103 519 1254 547 innumeras
1271 531 1335 559 pene
1346 521 1469 559 epistolas
1484 521 1556 549 misit
1574 523 1650 550 exsul
1664 535 1670 550 τ

930 575 1046 601 quarum
1062 565 1152 592 multa=
1172 566 1292 604 periere,
1309 567 1438 605 plurimas
1458 578 1562 606 quoque
1583 579 1617 597 ex
1640 569 1672 597 115

932 621 990 647 quae
1003 619 1143 650 supersunt
1159 622 1210 639 non
1231 613 1353 640 novimus
1370 620 1459 641 utrum
1476 613 1510 641 ad
1527 615 1673 643 Antioche-

934 667 982 685 nos
999 664 1116 695 spectent
1130 680 1137 692 ‚
1153 658 1214 695 quia
1229 658 1375 696 saepissime
1390 670 1441 687 non
1457 666 1548 693 notat,
1565 671 1611 688 nec
1626 660 1673 689 dat

934 703 1022 731 locum
1047 704 1239 732 internoscendi
1253 726 1260 738 ‚
1280 715 1332 742 quo
1348 705 1373 733 in
1389 705 1447 733 loco
1465 706 1584 734 habitent
1605 708 1623 735 ii
1638 707 1673 736 ad

932 759 999 786 quos
1017 749 1107 777 literas
1122 749 1233 787 dirigit3
1250 750 1395 778 verisimile
1409 758 1498 779 autem
1521 760 1559 780 est
1581 753 1672 791 pluri-

930 806 986 823 mas
1010 806 1043 823 ex
1061 795 1132 830 illis,
1149 806 1208 833 qua²
1226 796 1378 834 hujusmodi
1395 803 1484 824 notam
1498 808 1549 825 nou
1568 798 1669 833 serunt,

931 841 965 869 ad
979 841 1157 869 Antiochenos
1172 841 1264 869 missas
1279 841 1370 870 fuisse.
1387 843 1459 870 Inter
1474 854 1517 870 cos
1527 865 1534 879 ,
1554 844 1600 880 qui
1617 846 1672 871 An-

931 887 1036 916 tiochiae
1050 887 1124 915 sedes
1136 887 1287 923 habebant,
1303 888 1421 916 amicitia
1433 888 1473 916 illi
1489 889 1673 927 conjunctissi-

928 933 964 961 mi
981 939 1054 961 erant
1070 932 1220 960 Marcianus
1235 940 1259 961 et
1280 934 1453 961 Marcellinus
1476 934 1588 970 fratres,
1605 946 1671 973 quo-

931 989 989 1006 rum
1004 985 1153 1017 postremus
1167 979 1193 1006 in
1207 978 1314 1007 duobus
1328 980 1393 1008 Mss.
1412 979 1602 1008 Marcellianus
1620 991 1670 1009 vo—

934 1031 1019 1053 catur.
1039 1025 1094 1052 Hos
1108 1035 1171 1053 vero
1187 1025 1308 1053 obsecrat
1328 1025 1355 1053 in
1380 1025 1490 1064 epistola
1512 1027 1585 1061 129,
1601 1033 1630 1054 ut
1644 1037 1671 1055 se

932 1072 1084 1109 frequenter
1104 1071 1138 1099 de
1160 1071 1313 1099 valetudine
1335 1082 1381 1099 sua
1405 1072 1543 1100 certiorem
1560 1072 1668 1101 faciant.

931 1117 1102 1146 Theodotum
1114 1128 1176 1145 vero
1186 1117 1329 1145 diaconum
1345 1126 1449 1151 monet,
1462 1125 1492 1146 nt
1514 1119 1669 1147 Marcellia-

931 1173 996 1191 num
1014 1170 1038 1191 ct
1054 1163 1178 1197 fratrem,
1194 1164 1236 1191 τὸν
1257 1164 1318 1202 περὶ
1339 1165 1538 1202 Μαρκελλιανόν
1550 1186 1558 1198 ,
1570 1176 1670 1194 conve—

930 1208 986 1236 niat
996 1231 1004 1243 ,
1020 1215 1043 1237 et
1055 1208 1127 1247 apud
1142 1220 1185 1237 eos
1200 1209 1229 1237 id
1243 1216 1317 1247 agat,
1332 1217 1359 1237 ut
1373 1211 1595 1249 Chrysostomum
1607 1223 1670 1250 pur-

930 1260 990 1290 gent
1007 1253 1079 1291 apud
1095 1254 1242 1281 Carteriam
1255 1276 1262 1289 ,
1279 1265 1338 1291 quae
1351 1254 1384 1282 tle
1397 1255 1587 1294 Chrysostomo
1605 1266 1669 1293 que-

932 1298 1054 1333 rebatur,
1069 1299 1140 1336 qnod
1156 1298 1191 1327 ad
1209 1310 1267 1327 eam
1290 1310 1340 1327 non
1355 1301 1500 1328 scriberet:
1516 1312 1568 1338 qua
1588 1302 1621 1329 de
1641 1313 1669 1331 re

928 1344 1260 1373 inferius.Marcellianum
1275 1356 1337 1373 vero
1344 1353 1369 1373 et
1383 1346 1491 1374 fratrem
1508 1346 1551 1374 hic
1563 1349 1668 1385 εὐγενε-

931 1390 1056 1425 στάτους,
1072 1390 1264 1424 nobilissimos,
1281 1399 1366 1419 vocat.
1380 1392 1494 1430 Scripsit
1509 1393 1588 1421 ctiam
1612 1394 1667 1422 illis

929 1435 1067 1473 epistolam
1082 1437 1140 1463 am
1154 1458 1161 1472 ,
1175 1443 1199 1463 et
1211 1436 1331 1474 queritur
1346 1437 1417 1474 quod
1429 1437 1538 1472 sileant,
1551 1439 1667 1467 11001110-

928 1491 972 1509 ras
985 1481 1037 1509 sibi
1051 1481 1156 1510 mittant
1168 1504 1175 1517 ,
1194 1492 1240 1509 nee
1254 1489 1389 1521 acceptam
1405 1482 1456 1510 sibi
1472 1493 1527 1511 csse
1541 1483 1607 1511 dicit
1618 1495 1667 1512 ex-

928 1528 1089 1555 cusationem
1099 1550 1105 1562 ,
1121 1538 1200 1565 quam
1218 1537 1264 1566 per
1279 1528 1464 1556 Constantium
1480 1529 1666 1567 presbyterum

927 1573 1064 1602 miserant,
1088 1574 1191 1602 Verum
1213 1580 1354 1611 antequam
1376 1573 1416 1601 illi
1438 1573 1506 1602 hanc
1527 1575 1667 1612 epistolam

929 1619 1191 1658 aeciperent,eorum
1205 1619 1260 1658 ipse
1273 1619 1361 1647 literas
1372 1619 1473 1658 accepit
1483 1643 1489 1655 ,
1502 1621 1576 1657 queis
1588 1620 1668 1649 illum

930 1665 1048 1694 vicissim
1063 1664 1226 1693 lacessebant
1240 1664 1311 1702 quod
1327 1665 1377 1693 sibi
1394 1675 1444 1692 non
1459 1666 1596 1694 scriberet.
1611 1667 1665 1695 Re-

928 1710 1037 1749 spondit
1053 1710 1108 1738 11115
1124 1710 1331 1749 Chrysostomus
1342 1733 1349 1745 ,
1361 1717 1440 1748 atque
1452 1711 1523 1749 ipsos
1542 1722 1592 1739 nou
1611 1713 1668 1740 sine

926 1766 1003 1784 causa
1019 1767 1108 1795 parem
1131 1756 1325 1794 querimoniam
1344 1757 1440 1784 afferre
1458 1758 1607 1786 confitetur.
1624 1758 1667 1786 Ex

925 1801 1004 1829 dictis
1020 1812 1082 1830 vero
1097 1802 1154 1840 ejus
1170 1809 1272 1830 (ει-1111111·
1286 1802 1346 1829 illos
1358 1825 1364 1837 ‚
1380 1803 1430 1830 uisi
1447 1802 1606 1840 (egritudine
1619 1804 1667 1832 de-

928 1849 1074 1877 tinerentur
1085 1871 1092 1885 ,
1107 1849 1190 1888 ipsius
1204 1849 1312 1877 videndi
1326 1860 1403 1877 eausa
1417 1850 1551 1878 Cucusum
1567 1858 1667 1879 ventu-

926 1906 970 1924 ros
988 1896 1085 1930 fnisse,
1100 1896 1126 1923 id
1142 1895 1215 1933 quod
1229 1895 1275 1923 ille
1289 1896 1434 1924 admodum
1450 1904 1576 1935 exoptare
1588 1898 1666 1925 testi-

926 1942 1030 1970 ficatur.
1039 1942 1111 1970 Alias
1121 1942 1201 1969 etiam
1216 1941 1281 1980 ipsis
1290 1941 1362 1970 misit
1372 1942 1506 1980 epistolas,
1518 1944 1667 1981 110111ρο19,

925 1989 981 2023 65,
998 1988 1069 2022 100,
1090 1994 1114 2016 et
1142 1988 1213 2015 1529:
1230 1988 1256 2015 in
1278 1988 1339 2025 quis
1363 1988 1454 2016 eadem
1473 1988 1529 2026 ipsa
1552 1990 1664 2028 repetit,

926 2033 977 2062 sibi
991 2033 1119 2061 nimirum
1130 2033 1226 2071 set-pius
1238 2033 1371 2061 scribendi
1387 2033 1520 2062 licentiam
1533 2046 1546 2062 a
1562 2035 1665 2073 praedo-

928 2080 1007 2108 nibus
1038 2079 1137 2107 Isauris
1164 2079 1229 2117 eripi
1242 2101 1249 2114 ,
1272 2079 1462 2117 literarumque
1491 2080 1663 2118 frequentiam

930 2133 1056 2164 exoptare
1071 2135 1098 2153 se
1112 2125 1278 2153 testificatur.

964 2171 1101 2200 Marciano
1125 2172 1202 2199 etiam
1224 2171 1301 2198 alteri
1327 2171 1450 2200 Tribuno
1475 2171 1615 2210 epistolam
1639 2183 1666 2201 se

928 2218 1032 2246 misisse
1061 2223 1248 2244 commemorat
1269 2220 1278 2252 (
1296 2217 1370 2255 epist.
1397 2219 1449 2245 911
1473 2220 1482 2253 )
1498 2241 1505 2253 ,
1530 2229 1588 2255 quas²
1609 2219 1664 2257 jam

924 2263 1021 2290 amissa
1052 2269 1171 2301 putatur.
1186 2261 1238 2289 Sed
1265 2262 1291 2289 in
1317 2262 1427 2300 epistola
1448 2265 1505 2292 122
1531 2264 1565 2292 ad
1586 2264 1665 2292 illum

926 2309 1005 2337 missa
1037 2319 1204 2346 summopere
1231 2307 1323 2335 laudat
1346 2308 1424 2336 illum
1439 2331 1445 2343 ,
1473 2310 1545 2347 quod
1572 2310 1664 2349 pupil-

924 2354 1011 2382 lorum
1033 2354 1210 2392 patrocinium
1235 2353 1375 2392 suscipiat,
1399 2355 1541 2383 viduarum
1564 2367 1664 2384 moero-

925 2401 1277 2439 remleniat,paupertatem
1293 2400 1361 2428 leret
1382 2401 1539 2440 plebemque
1559 2402 1665 2431 nniver-

926 2458 981 2474 sam
995 2447 1143 2477 frumento,
1155 2446 1232 2480 vino,
1247 2446 1304 2474 oleo
1319 2446 1432 2484 aliisque
1446 2448 1570 2475 omnibus
1586 2448 1665 2477 rebus

925 2494 996 2528 alat,
1011 2504 1040 2521 ac
1053 2504 1100 2532 pro
1113 2503 1184 2521 more
1196 2499 1224 2520 ut
1236 2493 1285 2520 sibi
1300 2493 1448 2530 frequenter
1463 2493 1561 2520 scribat
1577 2493 1666 2521 horta-

928 2547 979 2567 tur.
995 2539 1152 2567 Marcellino
1168 2539 1248 2567 etiam
1263 2545 1292 2566 ut
1305 2539 1390 2566 amieo
1405 2539 1487 2566 veteri
1502 2539 1595 2566 scribit
1608 2539 1663 2576 cpi-

927 2585 1007 2614 510135
1020 2586 1052 2613 51
1073 2592 1098 2613 et
1113 2587 1181 2621 iss,
1200 2584 1291 2613 eadem
1307 2585 1360 2612 sere
1375 2584 1430 2623 ipsa
1447 2595 1505 2621 qua:
1522 2584 1546 2612 in
1563 2585 1663 2612 caeteris

1683 347 1753 375 Epist.
1765 345 1804 377 42.

1683 484 1821 506 Antiochiam

1683 518 1760 537 multas
1772 517 1823 536 lite-

1653 569 1657 573 ,
1683 555 1715 567 ras
1730 549 1805 568 mittit.
