1910 2907
0 2058 71 2085 philus

19 2089 72 2108 Ori-

617 194 707 217 ncnc
735 192 863 217 ptumum
891 193 1070 216 ADORNATA
1079 207 1087 216 .

121 259 235 290 Joannes
250 267 315 287 vero
332 263 438 296 accepta
458 256 578 294 lectaque
599 256 746 296 Theophili
766 255 823 295 epi-

82 306 163 339 stola,
177 315 234 333 eam
248 314 326 342 penes
338 314 365 332 se
374 302 501 331 servavit.
524 301 557 330 Et
571 302 634 339 quia
652 301 822 340 Theophilus

82 352 224 380 monachos
239 351 304 379 alios
314 350 365 378 sibi
378 349 499 377 addictos
511 348 759 387 Constantinopolin
772 347 824 375 mi·

82 404 150 425 serat
161 397 205 435 qui
219 407 278 424 suas
290 403 376 435 partes
385 401 528 429 tuerentur,
537 394 674 422 monachis
686 393 825 431 utriusque

83 443 167 481 partis
183 442 294 470 suadere
316 448 425 471 conatus
445 446 484 468 est
503 440 710 479 Chrysostomus
727 446 755 467 nt
775 449 825 478 pa-

83 499 140 516 cem
155 489 223 516 inter
234 499 260 516 se
276 488 383 517 inirent.
400 487 505 521 Quibus
521 486 620 515 auditis
636 486 675 514 illi
691 485 826 522 utrimque

83 534 168 572 magis
183 533 330 573 exasperati
347 540 426 567 sunt,
445 533 549 561 Fratres
567 531 677 570 quidem
697 530 782 568 Longi
797 537 827 558 ut

83 580 229 619 Theophili
246 579 388 618 tyrannide
405 579 538 618 oppressi;
553 578 599 606 alii
614 587 676 605 vero
692 576 825 611 dicebant,

83 637 111 655 se
125 627 224 664 absque
240 625 387 665 Theophili
403 635 530 653 consensu
546 632 570 653 et
581 625 659 663 jussu
674 623 826 651 facultatem

83 683 134 700 non
146 672 244 700 habere
256 671 378 700 ineundae
394 670 476 710 pacis.
491 671 567 699 Tunc
582 671 696 699 Joannes
715 668 826 707 hujusce

83 719 120 747 rei
136 729 228 747 curam
245 718 354 746 omnino
369 717 501 756 deposuit.

124 765 199 792 Tum
213 764 356 800 monachi,
372 764 416 801 qui
431 774 445 791 a
459 761 611 801 Theophilo
626 760 698 800 pulsi
711 760 825 795 fuerant,

82 810 188 839 libellos
209 810 335 849 prolixos
345 809 501 843 ediderunt,
522 808 597 846 queis
612 806 754 835 monachos
773 805 825 834 ad-

81 867 165 885 versae
191 856 274 896 partis
293 863 429 894 tamquam
452 854 656 883 calumniatores
680 851 826 891 propulsa-

82 903 166 941 bant3
190 910 280 932 contra
300 901 484 940 Theophilum
503 900 588 928 multa
603 899 747 933 dicebant,
765 908 824 935 quae

84 947 210 976 omnibus
224 954 285 975 nota
301 953 384 975 erant.
403 945 519 974 Libellos
534 950 620 972 autem
637 941 765 981 Augustis
780 941 826 969 ob-

84 993 218 1027 tulerunt,
240 992 447 1029 Eudoxiamque
462 990 661 1028 Imperatricem
682 988 824 1022 adierunt,

83 1047 147 1068 tunc
162 1040 188 1068 in
202 1040 332 1079 martyrio
344 1040 371 1068 S.
385 1039 493 1068 Joannis
505 1044 653 1066 versantem
667 1048 673 1063 z
688 1036 828 1075 ipsamque

82 1086 183 1125 precati
200 1093 261 1114 sunt
272 1109 278 1118 ,
299 1093 327 1114 ut
343 1084 534 1113 monachorum
553 1083 671 1112 adversae
688 1083 770 1121 partis
791 1082 827 1110 li-

83 1132 170 1161 bellus
189 1132 261 1172 apud
276 1133 415 1160 Praefectos
430 1131 642 1163 examinaretur;
657 1128 826 1167 Theophilus

83 1190 147 1208 vero
161 1179 203 1207 vel
220 1179 320 1207 invitus
333 1177 450 1213 adesset,
465 1177 548 1214 deque
563 1176 608 1204 illo
624 1185 712 1204 coram
726 1176 828 1203 Joanne

82 1224 258 1264 judicaretur.
272 1224 393 1252 Admissa
402 1223 587 1262 postulatione,
600 1221 756 1250 mandatum
765 1221 824 1257 suit,

85 1277 114 1298 ut
134 1270 303 1308 Theophilus
324 1270 416 1298 volens
431 1268 537 1303 nolens,
554 1267 691 1295 exhibitus
704 1277 752 1306 per
767 1267 827 1294 Ma-

84 1316 197 1353 gistrum
214 1326 302 1344 coram
315 1317 416 1345 Joanne
429 1315 574 1348 sisteretur,
592 1320 620 1341 ut
634 1323 740 1341 causam
756 1312 828 1340 dice-

84 1369 137 1397 ret;
155 1362 279 1390 monachi
297 1373 359 1390 vero
380 1361 498 1390 adversae
519 1360 602 1400 partis
622 1360 663 1388 vel
684 1359 828 1399 probarent

83 1419 112 1436 ea
136 1419 195 1446 quae
211 1408 340 1436 adversus
358 1415 462 1436 sanctos
482 1417 555 1436 senes
578 1406 760 1445 protulerant,
784 1406 827 1434 vel

83 1454 305 1482 calumniatorum
319 1464 409 1492 poenas
423 1453 554 1481 subirent.

123 1501 154 1528 In
176 1500 320 1528 monachos
335 1507 424 1528 autem
443 1510 458 1527 a
473 1498 625 1538 Theophilo
648 1498 741 1526 missos
756 1498 825 1537 leges

83 1545 192 1584 quidem
207 1546 357 1583 instabant,
374 1546 536 1583 illorumque
549 1555 625 1573 causa
647 1544 824 1572 examinanda

83 1603 148 1621 mox
167 1600 222 1620 erat
236 1604 242 1620 z
256 1593 295 1620 illi
312 1603 374 1620 vero
388 1599 513 1620 eventum
532 1591 611 1619 veriti
625 1614 631 1625 ‚
650 1601 706 1619 rem
721 1589 825 1618 differri

82 1645 177 1677 rogant
201 1649 285 1676 usque
299 1638 332 1666 ad
348 1638 495 1676 Theophili
509 1637 672 1671 adventum,
697 1637 743 1674 qui
764 1637 825 1665 illos

83 1685 275 1713 subornaverat
288 1692 312 1713 et
328 1684 433 1712 libellos
448 1683 606 1712 dictaverat.
625 1683 745 1711 Praefecti
763 1693 825 1711 vero

82 1731 143 1759 illos
156 1731 183 1759 in
198 1741 329 1759 carcerem
344 1731 513 1769 conjecerunt
532 1740 614 1768 usque
627 1729 662 1757 ad
678 1729 825 1768 Theophili

81 1776 243 1813 adventum,
261 1777 377 1805 nolentes
392 1777 418 1804 in
436 1776 481 1804 tali
497 1786 574 1804 causa
597 1775 677 1803 vades
692 1776 822 1814 accipere.

82 1823 186 1851 Horum
204 1823 314 1861 quidam
333 1822 360 1850 in
373 1833 487 1857 carcere,
502 1821 536 1850 ob
555 1821 701 1859 Theophili
719 1821 825 1849 venien-

81 1869 115 1896 tis
131 1869 282 1896 tarditatem
296 1869 343 1896 diu
359 1869 469 1903 morati,
491 1867 590 1895 mortui
607 1874 684 1903 sunt,
698 1867 743 1895 alii
760 1878 823 1897 vero

81 1921 142 1952 post
152 1913 299 1942 adventum
311 1913 472 1952 Theophili,
488 1915 515 1942 in
532 1920 662 1952 postrema
678 1913 825 1951 interroga-

82 1960 171 1994 tione,
197 1966 332 1997 tamquam
353 1959 572 1993 calumniatores,
595 1960 793 1987 proconnesum
808 1970 823 1988 a

79 2005 218 2045 judicibus
233 2006 394 2044 relegantur.

123 2054 224 2082 Interea
246 2052 436 2091 Theophilus,
461 2052 507 2090 qui
528 2052 587 2080 dira
610 2052 774 2083 moliebatur
794 2054 821 2082 in

32 2130 42 2134 ,
82 2101 222 2136 Joannem,
238 2098 271 2126 ad
286 2099 422 2137 episcopos
439 2098 538 2136 ubique
551 2109 642 2126 omnes
657 2098 774 2137 scripsit,
792 2099 824 2127 li-

82 2145 144 2174 bros
158 2144 281 2183 Origenis
295 2145 434 2181 incusans,
448 2145 600 2182 multosque
614 2145 648 2173 ad
665 2146 821 2174 sententiam

66 2208 70 2213 -
83 2202 158 2220 suam
174 2191 311 2230 pertraxit.
328 2191 479 2229 Putansque
491 2201 586 2229 magno
598 2191 648 2219 sibi
660 2192 824 2220 emolumen-

84 2244 110 2265 to
123 2237 189 2271 fore,
206 2238 226 2265 si
242 2236 426 2276 Epiphanium
436 2260 444 2271 ,
459 2237 603 2266 Salaminis
618 2237 646 2265 in
660 2238 750 2276 Cypro
765 2238 824 2277 epi-

82 2293 193 2322 scopum
202 2305 210 2319 ‚
226 2282 316 2311 virum
328 2282 525 2311 sanctissimum
537 2290 563 2311 ct
581 2283 771 2319 clarissimum,
786 2285 821 2312 ad

81 2339 142 2356 snas
155 2335 242 2367 partes
256 2328 362 2356 allicere
372 2336 468 2367 posset,
481 2340 510 2357 co
525 2340 619 2358 nervos
632 2329 769 2358 industriae
783 2338 824 2358 to-

81 2380 122 2402 tos
129 2373 263 2403 adhibuit.
277 2373 358 2401 Ittum
370 2384 432 2402 vero
445 2374 551 2412 pridem
560 2375 737 2408 incusaverat,
750 2376 823 2413 quod

82 2421 170 2449 Deum
185 2420 300 2447 humana
320 2420 405 2447 forma
420 2419 563 2458 praeditum
579 2431 633 2448 esse
648 2421 821 2459 opinaretur,

83 2477 142 2504 quae
163 2473 219 2493 erat
240 2465 347 2494 haeresis
370 2466 718 2504 Anthropomorphitarum.
746 2469 823 2496 Tunc

82 2524 157 2548 vero,
174 2513 195 2542 si
210 2513 277 2541 fides
291 2514 325 2541 sit
339 2513 441 2542 Socrati
454 2520 479 2541 et
491 2514 647 2548 Sozomeno,
664 2524 691 2542 se
705 2513 821 2554 idipsum

83 2569 111 2588 ea
132 2559 166 2588 de
180 2570 208 2588 re
227 2559 324 2588 sentire
346 2559 494 2594 simulavit,
513 2566 541 2587 ut
562 2559 746 2599 Epiphaniuin
768 2562 821 2590 sibi

83 2605 245 2634 conciliaret.
260 2606 324 2634 Erat
336 2605 406 2634 enim
419 2605 586 2644 Epiphanius
600 2606 642 2635 vir
653 2606 750 2645 pietate
763 2618 822 2636 con-

1562 178 1626 228 169

877 255 996 294 spicuns,
1013 255 1060 284 sed
1075 255 1120 293 qui
1139 265 1189 283 non
1205 265 1316 294 semper
1331 255 1454 283 tutiorem
1470 255 1625 283 meliorem-

877 313 929 340 que
948 308 1049 340 partem
1069 301 1273 340 amplecteretur
1301 301 1361 330 Jam
1376 300 1497 329 vidimus
1517 299 1543 328 in
1560 300 1625 329 Vita

880 347 1036 383 Athanasii,
1057 358 1137 385 quam
1152 358 1220 375 anno
1243 346 1319 376 1698
1333 346 1469 386 publicam
1492 346 1623 382 fecimus,

880 393 1063 432 Epiphaniam
1084 403 1143 421 cum
1158 392 1190 421 de
1205 392 1312 421 Meletio
1335 392 1404 430 agit,
1420 392 1466 430 qui
1488 391 1624 420 Meletiani
1668 396 1778 423 Epiphan.

879 439 1030 467 schismatis
1043 446 1135 467 auctor
1146 439 1207 473 fuit,
1220 439 1318 477 quique
1330 450 1345 466 a
1356 440 1383 468 5.
1398 439 1478 467 Petro
1491 445 1623 478 martyre,
1636 427 1717 447 ¹¹³¹&
1736 427 1775 449 ⁰8⁸

881 485 1062 513 Alexandrino
1078 486 1201 524 proesule,
1218 492 1241 514 et
1254 496 1267 513 a
1283 485 1394 524 Synodo
1408 485 1554 513 multorum
1570 495 1623 513 sce-

879 531 964 559 lerum
980 542 1058 559 causa
1077 531 1219 559 damnatus
1234 531 1423 570 depositusque
1442 531 1545 565 fuerat,
1562 530 1625 560 facti

881 575 1015 605 invidiam
1031 577 1110 605 Petro
1124 577 1235 616 martyri
1250 577 1334 615 magis
1349 587 1429 614 quam
1441 576 1549 605 Meletio
1563 586 1626 604 con-

879 622 947 650 scrre
961 633 967 650 ε
983 623 1018 650 ita
1039 630 1068 650 ut
1088 623 1176 662 palam
1193 624 1227 651 sit
1247 634 1307 651 cum
1329 623 1465 651 Meletiani
1484 622 1625 661 cujusdam

880 669 973 697 fraude
991 669 1044 697 tale
1062 676 1241 697 commentum
1263 669 1396 705 edidisse,
1420 670 1628 698 cui'mclamaut

881 724 943 742 cum
964 715 1109 743 Athanasio
1127 726 1219 743 omnes
1234 715 1413 744 Ecclesiastici
1429 716 1582 754 scriptores

921 761 989 788 Cum
1005 760 1083 788 sciret
1097 767 1184 788 autem
1203 760 1371 799 Theophilus
1386 761 1571 799 Epiphanium
1587 761 1626 790 li-

880 804 942 833 bros
955 806 1079 843 Origenis
1092 805 1219 839 aversari,
1236 806 1270 834 ad
1280 816 1339 834 eun]
1354 817 1460 844 quoque
1471 806 1561 835 literas
1573 807 1627 835 mi-

881 851 927 885 sit,
943 851 1018 889 queis
1032 852 1189 880 hortabatur
1202 851 1292 887 illum,
1310 859 1338 880 ut
1351 859 1375 880 et
1388 852 1444 891 ipse
1456 860 1546 881 contra
1561 853 1627 881 Ori-

881 897 955 935 genis
974 897 1057 926 libros
1071 898 1229 927 sententiam
1249 898 1338 926 ferret.
1353 898 1525 937 Epiphanius
1541 910 1605 928 vero
1618 917 1660 941 ,53
1680 917 1781 945 Epipha-

882 951 970 972 coacta
985 944 1147 983 Cypriorum
1161 944 1347 983 episcoporum
1362 944 1483 984 Synodo,
1501 945 1626 983 Origenis
1636 949 1684 968 ntus
1714 949 1782 983 libros

882 989 965 1018 libros
980 989 1033 1028 legi
1059 990 1200 1029 prohibuit
1215 1000 1221 1016 :
1235 989 1413 1029 epistolasque
1432 990 1504 1018 misit
1520 998 1575 1019 tum
1592 990 1626 1019 ad
1636 978 1736 1006 ΟΠΞ-ΨΜ
1750 979 1782 998 ¹²*

882 1035 1101 1075 aliosepiscopos,
1116 1042 1171 1064 tum
1182 1035 1216 1063 ad
1226 1035 1550 1075 Constantinopolitanum
1563 1047 1627 1075 prae-

883 1083 987 1119 sulem,
1010 1083 1077 1121 quid
1102 1094 1116 1111 a
1134 1083 1233 1121 Cypria
1250 1082 1360 1122 Synodo
1384 1090 1511 1112 statutum
1533 1084 1627 1113 fuisset

882 1127 1035 1165 declarans,
1059 1129 1254 1166 cohortansque
1268 1129 1344 1166 illos,
1362 1136 1390 1157 ut
1404 1129 1545 1168 Synodum
1561 1141 1625 1158 con-

1637 1011 1657 1036 gi
1666 1010 1779 1038 prohibet.

882 1182 1007 1203 vocarent
1021 1175 1167 1213 eademque
1178 1175 1359 1204 decernerent.
1376 1175 1545 1215 Theophilus
1559 1188 1626 1215 quo-

883 1231 934 1259 que
955 1232 1015 1249 cum
1031 1221 1167 1261 AEgyptiis
1185 1222 1317 1261 episcopis
1337 1222 1428 1250 eadem
1451 1230 1542 1251 contra
1558 1224 1624 1252 Ori-

883 1277 973 1305 gencm
988 1269 1137 1301 constituit,
1153 1268 1294 1306 literasque
1311 1269 1383 1297 misit
1398 1269 1432 1297 ad
1446 1270 1584 1308 episcopos
1601 1276 1626 1298 et

882 1313 916 1341 ad
931 1315 1077 1349 joannem,
1096 1321 1122 1342 ut
1143 1321 1166 1342 et
1180 1315 1220 1342 illi
1237 1315 1308 1353 paria
1325 1322 1488 1353 pra‘starent.
1510 1317 1625 1345 Joannes

883 1370 945 1389 vcro
961 1361 1018 1389 haec
1034 1372 1092 1399 quze
1109 1361 1161 1388 sibi
1176 1360 1398 1398 significabantur
1414 1361 1621 1400 parvipendens,
1633 1369 1669 1388 ‘1410

883 1417 963 1435 unam
978 1407 1133 1435 instituendi
1148 1414 1172 1435 et
1187 1408 1228 1445 pia
1243 1406 1363 1435 doctrina
1377 1407 1514 1436 imbuendi
1530 1408 1625 1447 populi

881 1453 933 1481 sibi
950 1453 1084 1481 commissi
1103 1464 1194 1481 curam
1214 1453 1337 1491 gerebat,
1361 1460 1385 1481 et
1400 1464 1428 1481 ca
1446 1454 1473 1482 in
1487 1465 1516 1482 re
1528 1454 1625 1482 admo-

881 1498 947 1527 dum
967 1500 1085 1527 ssorebat.
1102 1499 1229 1533 Insidias,
1245 1510 1311 1536 quas
1325 1499 1377 1527 sibi
1392 1500 1481 1538 parari
1503 1500 1625 1539 ignorare

881 1555 931 1573 non
948 1552 1066 1584 poterat,
1085 1553 1251 1573 contemnere
1265 1555 1292 1573 se
1311 1555 1387 1584 posse
1407 1546 1536 1585 putabat,
1558 1557 1624 1575 con-

880 1591 988 1619 scientia
1004 1591 1073 1619 nihil
1088 1591 1232 1620 adversum
1248 1591 1416 1620 testificante.

922 1637 1094 1666 Tilleinontio
1112 1637 1309 1676 adstipulamur
1329 1638 1375 1676 qui
1398 1645 1474 1677 putat
1493 1638 1624 1670 Homilias
1635 1645 1775 1675 T.5.p.5o!1-

879 1682 946 1711 duas
962 1683 988 1711 in
1004 1683 1071 1712 illud
1087 1683 1184 1712 Psalmi
1199 1684 1248 1717 48,
1265 1685 1311 1712 Ne
1323 1687 1451 1714 timueris
1465 1696 1531 1715 cum
1547 1687 1625 1716 dives

871 1729 1081 1770 sactus-suerit
1095 1731 1181 1758 homo
1194 1753 1201 1764 ,
1222 1737 1272 1759 etc.
1283 1753 1291 1767 ,
1316 1731 1366 1759 hoc
1382 1731 1487 1760 circiter
1507 1738 1625 1771 tempore

880 1776 985 1804 habitas
996 1777 1085 1806 fuisse.
1100 1777 1130 1805 ln
1144 1777 1230 1815 prima
1242 1787 1303 1806 vero
1314 1785 1456 1816 postquam
1464 1778 1624 1808 divitiarum

879 1823 1022 1851 vanitatem
1038 1822 1231 1861 descripserat,
1248 1823 1319 1851 dicta
1335 1834 1381 1851 sua
1396 1825 1526 1863 exemplis
1544 1836 1622 1854 com-

879 1869 993 1907 probare
1007 1868 1109 1897 nititur.
1126 1881 1140 1895 «
1155 1869 1244 1897 Nostis
1256 1879 1317 1904 vos,
1331 1882 1344 1895 »
1356 1870 1454 1908 inquit,
1473 1883 1486 1897 «
1499 1871 1622 1900 innume-

880 1925 907 1942 ra
929 1914 1051 1953 exempla
1066 1915 1094 1942 in
1114 1914 1164 1942 hac
1179 1915 1245 1943 urbe
1259 1915 1327 1943 circa
1343 1915 1557 1954 intempestivam
1572 1917 1625 1946 hu-

876 1961 997 2000 jusmodi
1013 1961 1169 1988 divitiarum
1183 1961 1317 1999 jacturam
1332 1972 1338 1989 ε
1353 1968 1377 1989 et
1397 1961 1530 1991 didicistis
1543 1986 1550 1999 ,
1576 1964 1622 1991 vi-

879 2013 956 2035 vente
967 2017 1114 2045 possessore
1127 2007 1315 2045 possessionem
1327 2007 1452 2046 periisse:
1463 2008 1621 2038 divitiarum

879 2053 949 2081 enim
966 2052 1026 2080 linis
1044 2059 1081 2080 est
1097 2053 1209 2081 mutatio
1224 2053 1250 2080 in
1264 2061 1456 2092 paupertatem.
1484 2055 1622 2095 Perpende

879 2100 961 2138 igitur
981 2110 1062 2137 quam
1083 2099 1172 2128 brevis
1191 2099 1224 2127 sit
1244 2100 1371 2138 temporis
1391 2101 1529 2139 possessio.
1553 2103 1622 2132 Nam

879 2155 1012 2184 possessor
1027 2144 1094 2173 vivit
1108 2151 1167 2183 post
1178 2145 1311 2183 jacturam
1327 2146 1512 2184 possessionis.
1536 2149 1623 2186 Atque

879 2191 981 2219 utinam
994 2190 1114 2229 periisset
1128 2191 1268 2229 possessio,
1282 2201 1365 2229 neque
1377 2191 1403 2219 in
1416 2193 1560 2231 perniciem
1573 2201 1624 2223 tra-

880 2237 963 2265 xisset
979 2236 1067 2274 ipsum
1083 2236 1276 2275 possessorem!
1302 2238 1360 2265 Non
1378 2239 1508 2267 erraveris
1524 2239 1619 2279 igitur,

879 2283 899 2311 si
911 2282 1013 2311 dixeris
1027 2281 1137 2311 divitias
1148 2293 1202 2311 esse
1212 2282 1388 2311 domesticum
1401 2284 1545 2322 ingratum,
1563 2297 1621 2314 san-

878 2329 1031 2367 guinarium
1047 2335 1071 2356 et
1084 2328 1259 2364 homicidam,
1275 2329 1461 2367 domesticum,
1478 2332 1524 2369 qui
1540 2332 1567 2360 in
1583 2343 1623 2361 re-

878 2376 1087 2405 munerationem
1104 2375 1166 2403 hero
1183 2385 1272 2403 necem
1288 2375 1375 2403 insert.
1393 2389 1405 2402 »
1420 2376 1474 2405 Ubi
1496 2377 1620 2418 Eutropii

877 2422 941 2450 olim
963 2429 1090 2461 potestate
1109 2428 1134 2449 et
1147 2421 1243 2460 opibus
1264 2421 1382 2450 florentis
1401 2423 1578 2453 calamitatem
1595 2432 1621 2453 et

876 2477 967 2496 necem
985 2477 1190 2496 commemorare
1213 2468 1321 2496 omnino
1340 2468 1468 2497 videntur
1487 2482 1493 2497 :
1520 2481 1621 2499 necnon

876 2514 992 2543 aliorum
1013 2514 1177 2550 multorum,
1200 2513 1247 2552 qui
1267 2525 1315 2553 per
1331 2514 1387 2542 haec
1409 2522 1527 2555 tempora
1549 2517 1621 2545 Con-

877 2561 1036 2600 tantinopoli
1057 2561 1170 2590 fortunae
1192 2560 1405 2590 vicissitudinem
1423 2562 1526 2601 experti
1546 2570 1616 2591 sunt.

878 2608 1011 2647 Quodque
1023 2608 1302 2648 animadvertendum,
1316 2609 1361 2638 hic
1375 2620 1440 2649 pene
1451 2610 1515 2648 ipsis
1530 2610 1618 2640 verbis
1631 2606 1771 2666 JL-{Iiffwh
