1950 2922
113 1230 175 1251 Auuo
195 1230 251 1259 387.

110 1273 248 1301 T.2.y.3r3‹{.

134 1325 217 1346 Concu)
229 1326 250 1344 in

110 1353 212 1383 Epipha-

111 1389 177 1411 rviam,
191 1392 210 1408 et

110 1419 165 1440 511·ae-

125 2615 188 2637 Anno
208 2614 252 2642 337

275 197 338 219 ¹20
744 199 773 222 S.

268 259 390 288 Christus
404 260 605 289 annuntiaretur
615 283 623 296 ,
636 271 730 300 parum
744 261 867 289 interesse
877 271 909 288 an
919 260 1005 288 haere-

268 305 319 334 tica
331 316 365 334 an
380 317 441 335 vera
457 307 582 345 dogmata
603 315 694 335 essent.
711 307 767 335 Hoc
785 307 882 335 erroris
898 315 1004 346 porten-

269 357 325 379 tum
342 352 450 391 depellit
465 353 685 391 chrysostomus,
702 352 879 391 pluribusque
893 353 1003 381 demon-

267 405 332 427 strat
348 409 400 426 non
422 409 478 426 eam
500 410 555 426 esse
574 398 650 426 Pauli
673 405 796 427 mentem.
818 399 872 427 Sed
892 410 925 427 ex
942 410 1003 427 vera

267 454 355 472 rerum
380 451 514 482 gestarum
536 444 645 472 historia
664 444 741 472 Pauli
762 445 918 473 sententiam
937 445 1006 473 hauc

266 499 321 517 esse
335 490 474 517 contii-mat
492 499 498 516 :
521 499 582 517 cum
596 489 676 519 Pauli
692 489 794 518 inimici
814 490 923 528 qnidam
944 501 1005 519 eum

267 534 385 562 vinculis
396 534 572 562 constrictum
584 542 735 570 cernerent,
756 543 785 564 ut
797 537 917 565 Neroneo
929 537 1014 573 magis

267 579 293 607 in
310 590 371 608 eum
386 588 591 619 exasperarent,
612 581 750 620 ipsiusque
765 582 909 621 perniciem
923 583 1005 611 moli-

266 631 373 661 rentur,
386 636 477 653 veram
491 636 636 664 sanamque
648 627 729 655 fidem
741 627 800 656 ideo
814 627 1005 667 praedicabant,

266 677 294 698 nt
314 678 392 700 aucto
413 672 609 711 discipulorum
627 683 738 702 numero
762 680 892 712 tyrannus
913 674 959 703 itte
979 675 1005 703 in

265 717 384 746 Paulum
395 719 493 748 catenis
509 726 635 747 onustum
646 720 730 758 magis
743 720 879 758 magisque
889 721 1003 749 saevirct.

265 762 321 791 Hae
341 774 404 792 vero
424 764 458 792 de
478 775 574 801 eausa,
598 765 634 793 ait
657 765 878 805 Chrysostomus‚
902 767 1005 796 Paulus

263 807 329 837 dicit
346 819 352 838 :
369 809 431 838 Sive
443 821 496 848 per
510 813 689 840 occasionem
698 834 706 847 ‚
718 814 775 840 sive
786 823 838 850 per·
850 815 1005 841 veritatem

266 855 398 885 Christus
410 859 602 885 annuntietur
612 879 620 893 ‚
636 866 663 886 et
675 859 705 885 in
719 858 772 886 hoc
781 859 903 897 gaudeo.
916 859 1004 887 Multa

263 901 372 938 praesert
391 902 448 930 haee
467 902 577 931 homilia
594 905 620 931 in
636 904 771 942 principio
790 904 823 933 de
838 905 1005 941 humilitate,

263 953 289 974 et
306 947 333 975 in
354 947 407 975 fine
429 948 463 976 de
483 949 598 977 utilitate
617 949 821 987 necessitateque
836 951 1004 989 precationis.

264 992 389 1021 Habitant
406 1000 494 1022 autem
512 995 593 1023 fuisse
613 1002 672 1034 post
684 995 755 1023 diem
769 996 890 1024 Natalem
904 997 1005 1026 Christi

263 1038 366 1066 ultimis
379 1039 535 1068 Decembris
545 1040 640 1069 diebus
650 1041 712 1069 anni
721 1043 791 1077 586,
802 1052 834 1069 ex
845 1042 909 1081 ipsis
921 1042 1007 1081 Chry-

263 1084 372 1112 sostomi
388 1085 477 1114 verbis
488 1086 624 1124 arguitur,
637 1094 667 1114 ut
679 1086 768 1116 videas
779 1087 805 1115 in
817 1088 921 1116 Monito
933 1089 966 1116 T.
978 1090 1006 1124 5,

263 1141 289 1168 p.
306 1132 364 1159 500
381 1141 387 1158 :
405 1132 451 1159 ubi
467 1143 538 1166 rem,
555 1132 576 1160 si
592 1143 643 1160 non
658 1133 767 1162 omnino
779 1141 896 1171 certam,
911 1134 1005 1163 admo-

262 1175 328 1204 dum
344 1176 519 1205 verisimilem
532 1179 811 1207 commonstravimus.

303 1225 333 1249 In
352 1221 396 1250 die
410 1230 498 1251 antem
523 1223 684 1262 Epiphaniae
700 1226 837 1262 sequenti,
852 1233 882 1254 ut
896 1226 1005 1255 omnino

264 1269 438 1308 probabiliter
452 1271 630 1307 existimatur,
645 1271 679 1300 de
693 1273 830 1311 Baptismo
841 1280 866 1301 et
880 1274 1004 1313 Epipha-

264 1315 306 1343 nia
319 1315 419 1344 Christi
436 1317 588 1345 concionem
604 1316 700 1345 habuit
716 1330 721 1344 :
737 1318 782 1346 uhi
798 1326 938 1357 postquam
953 1331 1005 1359 po·-

262 1360 358 1399 pulum
371 1361 405 1388 ad
420 1361 566 1390 Ecclesiam
582 1363 800 1400 frequentandam
816 1364 935 1394 hortatus
950 1373 1004 1403 est,

262 1406 295 1434 de
320 1406 423 1446 duplici
447 1407 590 1446 epiphania
612 1409 681 1447 agit;
705 1409 739 1438 de
763 1410 809 1439 itta
831 1422 925 1452 nempe
951 1424 1003 1451 qua

263 1452 348 1490 magis
369 1463 403 1480 ex
424 1453 525 1482 oriente
549 1455 719 1484 vcaientibus
743 1459 892 1495 apparuit,
918 1459 1004 1497 deque

262 1505 394 1536 postrema
403 1522 410 1535 ‚
424 1509 476 1537 qua
493 1500 519 1527 in
536 1502 763 1530 consummatione
773 1503 862 1531 saeculi
875 1514 935 1532 cum
946 1505 1003 1543 glo-

262 1544 302 1572 ria
323 1552 347 1573 et
363 1546 503 1584 splendore
518 1554 647 1575 venturus
666 1555 713 1576 est.
731 1548 896 1578 Miraculum
908 1550 1003 1579 deinde

262 1590 332 1619 eirca
349 1602 445 1629 aquam
460 1592 586 1631 baptismi
605 1594 740 1629 enuntiat;
759 1605 820 1623 nam
836 1606 896 1624 cum
910 1607 1002 1625 versus

262 1636 379 1665 mediam
395 1644 507 1671 noctem,
525 1648 584 1676 quae
603 1638 673 1667 diem
692 1639 851 1678 Epiphaniae
865 1643 1002 1681 praecede-

263 1682 319 1718 bat,
330 1682 427 1721 singuli
442 1683 475 1711 de
486 1694 553 1722 aqua
566 1684 611 1713 illa
622 1685 749 1724 baptismi
763 1686 862 1724 latices,
874 1688 981 1725 νάματα
993 1712 1000 1725 ,

263 1739 352 1757 secum
366 1736 544 1768 asportarent,
560 1741 628 1768 aqua
640 1731 686 1759 itta
701 1742 751 1760 non
765 1735 986 1773 corrumpebatur
996 1759 1003 1771 ,

265 1773 311 1802 sed
325 1774 427 1812 integro
443 1785 528 1811 anno,
543 1777 607 1814 quin
627 1783 651 1805 et
666 1777 773 1806 biennio
791 1786 816 1807 et
829 1780 943 1809 triennio
963 1782 1003 1809 in-

265 1827 390 1859 corrupta
416 1821 548 1850 manebat.
578 1823 660 1851 Docet
686 1823 783 1852 deinde
808 1825 874 1863 quid
900 1827 1006 1856 intersit

265 1865 429 1894 discriminis
445 1867 514 1895 iuter
531 1867 664 1906 baptisma
682 1870 853 1909 Judzeorum‚
874 1873 1006 1913 baptisma

267 1912 377 1941 Juannis
393 1919 417 1940 et
438 1912 570 1951 baptisma
592 1913 703 1942 Christi.
727 1916 796 1945 Hinc
811 1918 928 1955 explicat
942 1931 1007 1958 quo-

269 1958 348 1987 modo
362 1958 485 1987 Christus
500 1959 655 1998 impleverit
677 1971 782 1990 omnem
794 1963 944 2003 justitiam3
961 1966 1009 1994 de-

269 2015 342 2033 mum
358 2004 480 2032 hortatur
497 2006 640 2044 populum,
655 2014 685 2035 ut
695 2018 790 2046 magna
806 2020 867 2038 eum
882 2022 1006 2041 reveren—

268 2050 304 2079 tia
317 2050 351 2078 ad
365 2050 500 2080 tremenda
516 2053 642 2091 mysteria
651 2054 767 2083 accedat.

310 2097 469 2125 Concionem
482 2097 515 2127 de
529 2099 662 2137 Baptismo
674 2099 774 2129 Christi
785 2102 823 2131 sic
837 2113 913 2132 orsus
923 2105 1007 2134 fuerat

270 2142 475 2181 Chrysostomus
488 2154 494 2172 :
511 2156 524 2170 ι(
538 2145 637 2173 Omnes
651 2156 697 2174 vos
712 2148 739 2174 in
754 2147 844 2177 laetitia
857 2149 949 2188 hodie,
961 2162 1009 2190 ego

270 2200 334 2217 vero
347 2189 373 2216 in
389 2200 500 2218 moerore
509 2202 568 2219 sum
580 2192 661 2221 solus.
675 2194 742 2222 Nam
755 2205 814 2223 cum
827 2196 854 2224 in
866 2197 916 2226 hoe
926 2199 1009 2238 spiri—

271 2234 343 2262 tuale
358 2235 467 2272 pelagus
482 2237 572 2265 oculos
587 2249 658 2267 meos
673 2248 816 2278 converto,
834 2250 858 2271 et
870 2243 1011 2274 immensas

272 2280 398 2309 Ecclesiae
409 2281 518 2309 divitias
533 2284 707 2322 complector;
727 2297 756 2315 ac
770 2287 867 2317 deinde
878 2292 1011 2330 perpendo

274 2326 344 2359 sore,
359 2333 387 2354 ut
401 2337 461 2354 cnm
478 2329 594 2365 primum
611 2331 764 2361 solemnitas
777 2334 824 2362 ista
839 2337 1010 2373 praeterierit,

275 2372 420 2400 multitudo
432 2384 525 2402 rursus
539 2374 588 2402 ista
603 2376 701 2405 resiliat
716 2389 745 2406 ac
758 2379 892 2410 discedat:
908 2385 1012 2414 crucior

275 2424 299 2445 et
319 2418 401 2445 animi
423 2418 515 2447 dolore
535 2430 634 2457 angor,
652 2423 723 2459 quod
737 2447 743 2459 ,
763 2435 823 2454 cum
847 2434 899 2456 tam
915 2430 1013 2459 multos

275 2463 372 2491 liberos
385 2465 517 2502 pepererit
530 2466 648 2494 Ecclesia
658 2491 665 2503 ,
683 2478 732 2496 non
748 2470 802 2499 illis
817 2472 908 2502 itidem
919 2476 945 2503 in
961 2476 1013 2504 sin—

274 2509 344 2546 gulis
364 2509 493 2543 collectis,
505 2511 549 2538 scd
568 2512 592 2539 in
610 2513 683 2541 sestis
699 2515 866 2546 solummodo
885 2520 936 2548 frui
952 2533 1012 2560 pos-

274 2555 423 2589 sit.»Quod
436 2567 513 2594 porro
522 2557 654 2586 metuebat
666 2560 710 2587 ille
721 2560 764 2589 die
773 2565 890 2599 sequenti
901 2568 1011 2605 septima

259 2601 393 2635 >Jauuarii
406 2602 512 2630 accidit.
526 2602 595 2633 Cum
608 2604 677 2634 enini
689 2605 722 2634 de
736 2607 764 2636 S.
782 2609 899 2639 Luciano
910 2614 1012 2645 concio-

802 200 942 222 JOANNIS
968 199 1197 221 citttYsosTOMt
1225 199 1317 229 VITA,

1059 270 1118 289 nem
1132 261 1255 296 haberet,
1275 261 1332 300 jam
1349 270 1400 288 non
1416 259 1491 288 illam
1508 260 1602 299 populi
1622 259 1798 298 frequentiam

1058 306 1150 335 adesse
1163 306 1250 342 vidit,
1266 307 1312 334 sed
1328 306 1407 344 longe
1420 305 1533 334 rariores
1543 305 1693 342 auditores;
1704 317 1798 344 quam-

1058 354 1150 382 ohrem
1165 354 1202 382 sic
1217 353 1262 382 ille
1274 352 1379 381 orditur
1395 365 1402 381 ε
1422 365 1435 379 (ι
1450 352 1530 387 Quod
1542 352 1663 381 hesterno
1677 352 1721 381 die
1739 364 1799 391 per-
1811 358 1938 390 T.2.p.524

1059 400 1229 428 timescebam
1253 399 1357 436 evenit,
1382 405 1407 427 et
1428 398 1462 427 ad
1479 398 1601 426 effectum
1619 399 1675 437 jam
1695 399 1798 438 perdu-

1060 454 1131 475 ctum
1142 453 1195 482 est;
1210 457 1304 485 nempe
1314 445 1359 473 ubi
1369 445 1465 473 festum
1477 443 1615 483 praeteriit,
1626 444 1706 472 simul
1717 445 1796 473 etiam

1060 492 1204 521 multitudo
1219 492 1295 520 nobis
1310 490 1435 519 abscessit
1445 512 1452 526 ‚
1472 490 1611 527 minorque
1625 489 1701 518 nobis
1715 497 1798 519 coetus

1059 539 1143 567 sactus
1157 546 1204 567 est.
1219 551 1233 565 »
1245 538 1313 566 Hinc
1330 537 1388 565 lnce
1399 537 1499 565 clarius
1512 535 1712 564 commonstrari
1725 535 1800 564 vide-

1058 592 1103 613 tur
1117 585 1184 613 hanc
1198 585 1224 613 S.
1239 583 1348 613 Luciani
1361 582 1508 622 panegyrin
1523 581 1721 622 pronuntiatam
1734 582 1799 610 sois—

1057 641 1084 659 se
1094 630 1138 658 die
1147 629 1328 669 Epiphaniam
1343 629 1496 666 insequente
1505 635 1530 656 et
1542 627 1635 656 eodem
1650 638 1718 656 anno
1729 627 1797 656 587.

1057 677 1192 705 Lucianus
1214 682 1304 703 autem
1324 674 1463 713 presbyter
1490 673 1671 702 Antiochenus
1681 695 1688 709 ‚
1712 673 1798 711 inquit

1057 722 1265 761 Chrysostomus
1277 743 1284 757 ,
1298 721 1366 749 same
1377 727 1401 748 et
1414 719 1577 748 cruciatibus
1593 719 1686 747 multis
1697 719 1797 748 Christi

1056 777 1151 796 nomen
1165 767 1279 806 gloriose
1291 766 1424 794 confessus
1434 772 1481 794 est.
1493 765 1524 793 td
1536 765 1633 794 accidit
1644 776 1667 794 a*
1680 776 1713 794 no
1725 767 1777 795 511
1789 788 1796 802 ,

1056 813 1098 841 vel
1111 814 1169 842 512
1181 835 1188 847 ,
1204 813 1230 840 in
1244 811 1449 851 persequutione
1461 810 1614 839 Maximini.
1633 811 1795 850 Martyrolo-
1808 824 1843 843 105

1056 859 1130 897 gium
1152 860 1305 887 Romanum
1323 857 1361 886 ad
1382 857 1453 885 diem
1467 852 1485 885 ‘7
1502 856 1624 886 Januarii
1642 857 1670 886 S.
1685 857 1797 886 Lueiani

1056 905 1217 944 martyrium
1238 905 1388 932 annuntiat.
1412 903 1490 931 Hunc
1505 902 1596 931 Ariani
1611 913 1720 931 suarum
1735 913 1799 942 par-

1057 951 1126 979 tium
1140 952 1222 980 fuisse
1236 950 1446 985 mentiebantur,
1468 949 1594 987 quoniam
1605 959 1639 977 ex
1654 948 1798 988 discipulis

1055 998 1111 1036 ejus
1126 997 1236 1036 quidam
1251 1007 1278 1025 se
1294 997 1321 1024 in
1337 996 1496 1024 Arianorum
1511 1002 1594 1024 castra
1607 996 1772 1034 conjecerant
1787 1008 1794 1024 ε

1056 1045 1110 1072 imo
1124 1044 1180 1083 ipse
1192 1043 1271 1072 Arius
1288 1043 1403 1080 itemque
1419 1041 1554 1070 Eusebius
1572 1041 1796 1077 Nicomediensis,

1055 1089 1130 1119 itlius
1151 1096 1227 1118 sectae
1249 1088 1573 1128 primipilares,Luciani
1591 1088 1718 1127 discipuli
1739 1088 1798 1116 fue-

1056 1143 1113 1164 rant
1123 1159 1129 1171 ‚
1151 1143 1175 1164 et
1189 1146 1245 1164 sese
1260 1134 1464 1164 Collucianistas
1478 1134 1620 1162 vocabant.
1635 1135 1739 1163 Verum
1756 1134 1796 1162 illi

1055 1192 1070 1209 a
1085 1182 1197 1211 Luciani
1211 1181 1332 1210 doctrina
1344 1187 1369 1208 et
1383 1192 1397 1208 a
1411 1179 1540 1208 catholica
1555 1179 1610 1208 fide
1621 1179 1796 1208 desciverant.

1054 1227 1111 1255 Hac
1124 1227 1158 1256 de
1173 1238 1200 1256 re
1212 1237 1276 1256 vero
1297 1226 1366 1255 nihil
1379 1226 1406 1254 in
1422 1225 1605 1264 Chrysostomi
1618 1225 1748 1265 panegyri
1768 1225 1797 1255 S.

1056 1273 1168 1301 Luciani
1186 1274 1279 1302 fertur.

1097 1319 1152 1348 Hoc
1167 1319 1273 1347 ineunte
1289 1329 1358 1347 anno
1376 1318 1434 1348 58⁷
1453 1318 1623 1347 concionatus
1641 1325 1679 1347 est
1695 1319 1723 1348 S.
1744 1317 1796 1347 do-

1056 1372 1121 1394 ctor.
1141 1365 1184 1394 Ex
1197 1365 1314 1394 homiliis
1329 1375 1409 1403 porro
1423 1364 1489 1399 illis,
1506 1375 1572 1403 quas
1590 1371 1650 1393 ante
1665 1364 1795 1399 Quadra-

1055 1412 1183 1450 gesimam
1195 1411 1313 1450 ejusdem
1328 1410 1389 1438 anni
1406 1409 1439 1438 ad
1454 1411 1584 1449 populum
1599 1410 1705 1447 habuit,
1719 1410 1794 1439 illam

1054 1458 1194 1496 ponimus,
1213 1468 1272 1495 quae
1293 1457 1327 1485 de
1338 1457 1540 1487 Resurrectione
1559 1463 1727 1485 mortuorum
1748 1457 1794 1484 in-

1054 1504 1195 1538 scribitur,
1213 1504 1271 1542 ipso
1287 1503 1420 1531 indicante
1435 1502 1512 1530 nobis
1529 1502 1731 1541 Chrysostomo,
1746 1503 1794 1541 qui
1805 1513 1935 1543 Tap-42⁵

1053 1549 1091 1577 sic
1101 1550 1175 1578 illam
1193 1550 1298 1578 orditur
1315 1561 1321 1577 z
1339 1562 1353 1576 »
1371 1550 1412 1577 De
1426 1548 1488 1577 fidei
1502 1556 1597 1577 nostrae
1608 1548 1791 1587 dogmatibus,

1053 1595 1139 1634 deque
1153 1595 1238 1634 gloria
1258 1595 1397 1634 Unigeniti
1416 1594 1479 1622 Filii
1501 1595 1552 1623 Dei
1571 1601 1631 1623 ante
1651 1595 1724 1633 apud
1743 1606 1795 1624 vos

1053 1641 1244 1678 disseruimus,
1261 1642 1415 1670 obturantes
1430 1651 1522 1669 eorum
1539 1651 1597 1677 ora,
1613 1641 1659 1679 qui
1677 1641 1791 1679 gloriam

1053 1689 1092 1716 illi
1105 1688 1259 1723 detrahunt,
1275 1695 1300 1716 et
1313 1698 1327 1715 a
1339 1688 1467 1716 Genitore
1479 1698 1525 1715 suo
1538 1687 1654 1716 alienum
1669 1687 1791 1716 dicunt.»

1054 1734 1200 1762 Conciones
1222 1744 1286 1762 vero
1313 1740 1405 1761 contra
1425 1734 1581 1768 Anomoeos,
1608 1732 1655 1770 qui
1679 1733 1793 1771 gloriam

1055 1779 1195 1818 Unigeniti
1206 1779 1365 1807 labefactare
1380 1778 1521 1815 curabant,
1537 1778 1582 1806 hic
1594 1786 1794 1814 commemorat,

1055 1838 1121 1865 quas
1135 1827 1242 1855 ineunte
1254 1837 1322 1855 anno
1334 1827 1391 1856 587
1407 1825 1540 1861 absolvit,
1552 1833 1582 1854 ut
1597 1826 1623 1854 in
1640 1826 1745 1855 Monito
1761 1827 1795 1855 ad

1057 1873 1161 1902 easdem
1188 1873 1372 1912 probavimus.
1395 1871 1464 1900 Hinc
1492 1882 1556 1900 vero
1582 1872 1706 1911 arguitur
1728 1872 1797 1901 hanc

1059 1920 1211 1950 concionem
1226 1920 1276 1948 sub
1291 1919 1399 1948 initium
1411 1918 1473 1946 anni
1491 1919 1548 1946 587
1565 1918 1685 1947 habitam
1700 1919 1797 1955 fuisse,

1059 1976 1083 1997 et
1101 1968 1210 2006 quidem
1229 1975 1290 1996 ante
1305 1966 1556 2004 Quadragesimam,
1578 1977 1658 2004 quam
1673 1973 1755 1995 totam
1770 1967 1796 1995 in

1058 2014 1232 2054 deplorandis
1250 2013 1478 2042 Antiochenorum
1499 2019 1559 2050 post
1576 2023 1682 2040 eversas
1697 2019 1797 2041 statuas

1059 2061 1256 2089 calamitatibus
1272 2059 1428 2088 consumsit.

1100 2108 1217 2146 Hujusce
1233 2117 1312 2145 porro
1325 2105 1458 2133 concionis
1473 2112 1658 2142 argumentum
1674 2105 1700 2133 in
1713 2115 1797 2133 exor-

1058 2153 1103 2182 dio
1126 2153 1217 2181 statuit
1243 2153 1272 2181 S.
1296 2151 1397 2179 doctor.
1426 2151 1522 2189 Agitur
1549 2151 1583 2179 de
1608 2152 1800 2180 resurrectione

1062 2206 1245 2234 mortuorum,
1273 2198 1350 2236 cujus
1374 2197 1514 2225 veritatem
1542 2197 1641 2236 passim
1665 2198 1759 2226 asserit
1789 2210 1796 2226 z

1061 2253 1229 2275 mortuorum
1249 2251 1338 2273 autem
1361 2244 1579 2272 resurrectionem
1600 2244 1733 2273 innumeri
1752 2255 1800 2273 ne-

1063 2293 1162 2330 gabant
1178 2290 1364 2329 Chrysostomi
1381 2301 1447 2318 sevo.
1469 2291 1644 2328 Prosequitur
1660 2298 1750 2330 postea
1766 2291 1802 2319 de

1064 2336 1226 2366 instituenda
1247 2336 1391 2365 secundum
1412 2337 1498 2364 Deum
1515 2337 1585 2371 vita,
1601 2336 1634 2365 de
1653 2337 1800 2373 adeundis,

1064 2395 1192 2424 perpensa
1212 2383 1315 2423 praemii
1338 2382 1533 2421 magnitudine,
1552 2383 1689 2412 laboribus
1705 2395 1711 2411 z
1729 2393 1800 2411 non-

1066 2431 1167 2459 nnllam
1181 2430 1310 2458 bonorum
1324 2439 1433 2467 operum
1447 2428 1593 2457 mercedem
1611 2429 1690 2457 ctiam
1708 2429 1735 2457 in
1752 2429 1802 2457 bac

1065 2479 1118 2506 vita
1135 2477 1231 2510 tribui,
1247 2475 1324 2504 Pauli
1340 2475 1463 2514 exemplo
1479 2475 1619 2513 probatur.

1105 2523 1177 2549 luter
1195 2532 1238 2554 ea,
1261 2530 1320 2557 quae
1342 2519 1450 2549 Joannis
1475 2519 1659 2558 Clirysostomi
1684 2526 1802 2558 tempore

1065 2567 1237 2601 acciderunt,
1263 2565 1331 2594 nibil
1356 2565 1557 2593 memorabilius
1584 2565 1629 2592 itta
1656 2565 1801 2594 Antioche-

1065 2625 1161 2642 norom
1180 2613 1322 2649 seditione,
1341 2623 1390 2650 qua
1411 2611 1520 2650 dejectis
1539 2609 1684 2639 Theodosii
1708 2610 1800 2650 Impe-
