1910 2907
656 206 744 227 ncnc
771 205 900 229 PRIMUM
929 206 1127 231 ADORNATA.

120 278 133 294 a
158 277 266 295 munere
287 266 456 306 suscipiendo
476 273 621 304 averteret,
643 268 780 307 respoudit
795 268 855 302 illi,

120 313 157 340 rei
180 313 399 342 consultationem
424 313 500 353 aliud
522 313 549 342 in
572 321 678 353 tempus
701 314 857 342 mittendam

118 370 183 394 csse,
201 359 269 388 nihil
286 371 387 399 urgere,
398 360 467 389 nihil
479 367 639 400 praemature
649 361 781 400 agendum
795 372 858 390 esse.

118 405 179 439 Quo
189 406 325 435 tenderent
334 406 425 435 isthaec
433 417 484 435 nou
493 406 634 436 advertens
642 407 768 444 Basilius,
779 407 858 436 amici

118 452 261 480 consilium
276 453 417 492 amplexus
432 459 481 482 est.

159 497 215 526 Hac
235 499 293 537 pria
307 498 402 527 fraude
415 510 478 527 usus
494 506 533 528 est
547 501 672 535 Joannes,
687 507 712 528 et
726 500 788 538 quia
802 510 858 528 rem

118 555 211 583 urgere
232 555 283 573 non
299 545 455 584 ignorabat,
477 556 532 574 sese
547 546 703 574 occultavit.
728 545 805 574 Haud
821 546 858 574 ita

117 591 203 619 multo
226 591 316 630 elapso
340 598 477 630 tempore,
501 602 561 620 cum
586 591 607 619 is
625 591 671 629 qui
687 591 858 620 ordinaturus

117 643 173 664 erat
187 636 347 671 advenisset,
365 644 457 675 raptus
473 637 588 666 Basilius
603 637 749 666 adducitur
762 644 790 665 ut
803 637 857 676 epi-

115 692 212 720 scopus
224 682 401 711 ordinaretur.
412 685 533 721 Cumque
545 684 719 711 reluctaretur
731 683 784 715 ille,
795 683 856 721 qui-

115 726 177 755 dam
192 738 225 755 ex
247 727 421 766 praesentibus
436 728 458 756 ei
475 729 556 757 verba
571 728 718 765 dederunt,
734 728 856 757 claman-

114 779 166 807 tes,
188 772 337 801 absurdum
359 784 413 801 esse
426 796 432 806 ,
455 784 515 802 eum
535 774 581 812 qui
601 774 727 802 omnibus
746 774 857 802 ferocior

113 818 267 856 videbatur,
278 820 408 849 Joannem
423 820 601 858 designantes,
617 831 678 848 cum
691 830 787 859 magna
800 830 856 848 mo-

113 864 198 893 destia
209 866 318 894 Patrum
330 865 429 905 placito
439 867 635 906 obtemperasse
645 878 653 903 ;
668 866 746 894 illum
757 873 857 903 autem,

112 911 191 950 longe
214 911 414 951 prudentiorem
430 919 454 941 et
474 912 679 948 modestiorem,
702 912 812 941 ferocire
832 919 856 941 et

112 968 209 986 vanam
223 958 337 996 gloriam
352 965 484 997 appetere.
505 959 561 986 Hac
579 959 689 986 delusus
703 965 759 987 arte
780 958 854 987 ordi-

111 1010 188 1032 natus
204 1010 243 1032 est
260 1004 378 1033 Basilius
394 1004 534 1044 episcopus
549 1005 700 1044 Raphaneae
715 1005 742 1033 in
761 1006 853 1044 Syria,

112 1057 140 1078 ut
156 1050 331 1089 probabiliter
345 1051 479 1079 existimat
491 1052 632 1080 Baronius.

93 1134 98 1139 ι
153 1097 233 1127 Circa
248 1109 347 1127 annum
362 1109 437 1134 vero,
452 1110 505 1137 quo
523 1099 579 1128 hmo
595 1107 668 1138 gesta
685 1100 772 1135 fuere,
788 1100 856 1129 Her-

112 1144 213 1173 mantio
225 1151 250 1172 et
268 1145 444 1173 Tillemontio
459 1145 609 1184 adstipulor
619 1168 627 1181 ,
650 1146 697 1184 qui
713 1145 805 1175 eadem
819 1147 853 1175 ad

111 1200 212 1218 annum
227 1190 328 1218 Christi
343 1191 418 1227 572,
432 1191 475 1220 vel
489 1191 593 1220 circiter
608 1192 733 1228 referunt,
747 1199 855 1231 putant-

110 1247 162 1274 que
177 1246 230 1264 non
251 1236 321 1265 ultra
341 1247 441 1265 annum
455 1238 513 1265 574
530 1248 608 1276 posse
623 1238 736 1266 differri.
762 1239 853 1267 Unum

110 1289 149 1310 est
164 1282 238 1320 quod
252 1293 267 1310 a
283 1283 331 1310 tali
345 1283 521 1322 computandi
542 1284 643 1312 ratione
658 1290 776 1312 avertere
792 1295 854 1324 pos-

110 1328 155 1361 sit,
178 1327 250 1366 quod
270 1338 364 1367 nempe
385 1329 499 1358 Joannes
514 1335 577 1357 tunc
589 1330 646 1365 95,
667 1330 709 1358 vel
725 1329 760 1357 ad
780 1340 854 1358 sum-

110 1384 186 1401 mum
201 1375 239 1402 27
255 1380 357 1402 tantum
369 1385 500 1403 annorum
516 1382 598 1411 esset,
613 1382 637 1403 et
652 1375 768 1403 Basilius
785 1376 854 1414 ejus-

109 1419 172 1448 dem
184 1419 291 1448 circiter
302 1420 399 1457 fetatis,
415 1431 473 1458 quae
488 1420 521 1448 ad
534 1428 636 1449 tantum
652 1421 853 1461 suscipiendum

109 1476 207 1494 munus
222 1476 274 1494 non
294 1466 388 1495 idonea
403 1466 537 1495 videatur.
559 1467 613 1496 Sed
627 1468 688 1496 lieet
702 1474 779 1502 aetaS,
801 1479 853 1506 qua

109 1512 228 1551 episcopi
252 1512 428 1548 ordinantur,
445 1514 530 1552 major
545 1519 575 1541 ut
597 1513 744 1552 plurimum
762 1514 854 1552 requi-

110 1564 195 1595 ratur,
211 1568 262 1586 non
276 1558 372 1587 desunt
386 1559 508 1598 exempla
519 1570 610 1587 eorum
623 1559 740 1597 quiante
754 1562 791 1589 23
804 1570 854 1588 an-

111 1614 174 1632 uum
189 1604 307 1643 episcopi
323 1604 419 1633 adlecti
438 1612 463 1633 et
485 1605 621 1633 constituti
640 1613 719 1642 sunt,
740 1613 764 1634 et
783 1606 851 1635 alio—

110 1649 175 1687 quin
189 1649 246 1688 ipse
257 1650 373 1678 Basilius
383 1651 455 1689 apud
468 1651 691 1690 Chrysostomum
705 1653 742 1680 ait
758 1652 783 1681 in
798 1654 851 1682 cri-

109 1705 169 1723 men
191 1706 206 1723 a
221 1696 356 1724 nonnullis
372 1703 478 1725 vocatos
492 1697 574 1726 fuisse
588 1708 647 1734 eos,
665 1698 712 1737 qui
733 1709 760 1727 se
775 1699 852 1728 ordi·-

109 1748 235 1770 naverant
248 1765 255 1778 ,
278 1749 302 1770 et
317 1743 364 1780 qui
388 1744 517 1772 Joannem
532 1751 561 1772 ut
580 1744 737 1784 episcopum
759 1756 850 1775 conse-

109 1794 213 1816 crarent
232 1788 333 1816 frustra
345 1788 519 1827 quaesierant3
539 1797 631 1829 utpote
645 1790 691 1829 qui
704 1798 741 1819 tot
758 1792 850 1821 tantis-

109 1843 161 1870 que
175 1833 275 1863 relictis
288 1834 366 1872 viris,
385 1835 523 1874 μειράκια,
542 1835 600 1865 heri
614 1846 645 1864 ac
656 1836 850 1867 nudiustertius

109 1881 137 1908 in
154 1880 328 1908 saecularibus
339 1880 411 1909 curis
424 1881 568 1919 volutatos,
592 1889 620 1910 ut
639 1883 672 1911 ad
692 1883 772 1912 breve
785 1891 850 1912 tem-

111 1936 161 1964 pus
178 1926 320 1964 supercilia
336 1927 531 1964 contraherent,
548 1928 636 1966 pullas
651 1936 735 1958 vestes
754 1930 851 1958 indue-

111 1978 186 2008 rent,
205 1972 350 2011 vultusque
364 1972 500 2001 tristitiam
517 1973 690 2010 simularent,
710 1975 851 2014 derepente

111 2017 144 2045 ad
159 2024 263 2046 tantum
280 2018 409 2047 honorem
424 2018 606 2057 adduxerint,
627 2028 756 2058 quantum
777 2033 808 2050 ne
824 2022 850 2051 in

111 2063 211 2092 somnis
223 2063 331 2102 quidem
343 2065 447 2103 assequi
458 2066 634 2104 speravissent
648 2079 653 2094 2
665 2078 717 2105 quo
729 2068 852 2106 arguitur

111 2108 258 2138 admodum
273 2110 384 2148 juvenes
406 2117 470 2139 tunc
484 2111 565 2140 fuisse
583 2113 712 2142 ,loannem
732 2121 756 2142 et
776 2114 851 2143 Basi-

112 2155 178 2183 lium
195 2157 252 2194 ejus
271 2157 494 2196 condiscipulum.

0 2226 61 2246 ,ww
75 2225 101 2245 dp
153 2201 198 2230 Sic
222 2202 249 2230 in
274 2202 429 2242 episcopum
454 2210 590 2243 coaptatus
618 2205 734 2234 Basilius
761 2207 850 2236 statim

0 2249 46 2277 erit.
59 2260 101 2276 ili.
114 2247 243 2276 Joannem
257 2248 329 2284 adit,
347 2256 373 2277 et
387 2251 504 2287 graviter
519 2261 579 2279 cum
593 2251 639 2280 illo
659 2254 850 2291 conqueritur,

114 2293 186 2331 quod
199 2294 293 2323 fraude
315 2305 361 2323 sua
382 2296 417 2324 ad
440 2303 543 2326 tautum
565 2308 630 2326 onus
652 2299 851 2338 suscipiendum

114 2345 219 2367 [metus
238 2340 327 2368 fuerit.
343 2342 415 2369 Tum
434 2343 562 2379 Joannes,
582 2351 611 2372 ut
629 2355 682 2372 sese
702 2351 849 2383 purgaret,

112 2385 210 2414 fatetur
232 2396 322 2414 revera
344 2397 410 2416 onus
431 2398 486 2416 esse
506 2389 616 2427 grande,
639 2390 680 2418 cui
703 2390 808 2419 serendo
826 2401 851 2418 se

113 2431 243 2470 imparem
256 2441 310 2459 esse
322 2432 414 2461 multis
428 2433 461 2462 de
480 2435 574 2470 causis¹
592 2446 657 2473 quas
674 2435 772 2464 ibidem
789 2447 852 2475 pro—

112 2478 176 2513 fert,
194 2477 306 2516 probare
321 2478 430 2514 uitium-3
448 2479 493 2508 sed
507 2487 719 2519 quantacumque
740 2481 773 2509 sit
792 2482 849 2520 epi—

113 2530 236 2562 scopatus
251 2531 319 2552 recte
336 2525 443 2561 gerendi
458 2525 614 2561 difficultas,
630 2534 751 2565 oportere
763 2534 849 2556 tamen

112 2570 185 2597 viros
199 2570 272 2608 eligi,
294 2571 339 2608 qui
355 2570 383 2599 id
400 2571 516 2600 muneris
534 2573 716 2611 susciperent,
738 2585 849 2613 cumque

112 2615 157 2644 ille
180 2616 309 2645 Basilium
325 2617 387 2646 huic
412 2618 564 2648 exercenda*
586 2618 709 2658 dignitati
732 2622 848 2650 maxime

3 1127 24 1138 ιυ
46 1118 88 1146 372

1587 212 1652 248 107

915 268 1040 298 idoneum
1054 270 1246 307 arbitraretur,
1261 271 1328 300 nihil
1342 272 1440 301 mirum
1450 295 1457 309 ,
1470 273 1490 301 si
1506 273 1541 302 ad
1556 273 1583 302 id
1596 274 1656 302 ofli-

915 316 949 344 cii
968 317 1057 356 ipsum
1071 316 1172 356 deligi,
1189 325 1318 356 quantum
1333 319 1371 347 sas
1386 319 1437 347 sibi
1457 326 1514 348 erat
1524 342 1531 356 ,
1546 331 1658 349 curave-

914 362 958 390 rit.
977 362 1061 391 Totus
1076 373 1139 391 vero
1163 363 1265 401 dialogi
1288 375 1361 393 more
1382 375 1469 393 sermo
1492 365 1656 401 contexitur,

915 407 963 435 ubi
982 414 1036 436 tam
1051 408 1177 447 praeclare
1191 409 1224 438 de
1240 410 1407 439 sacerdotum
1428 411 1576 449 dignitate,
1598 412 1657 439 osli-

914 453 965 488 cio,
986 454 1142 483 muneribus
1162 455 1283 484 edisserit
1308 450 1515 496 Clu-ys'ostomus
1528 479 1536 494 7
1560 464 1589 486 ut
1609 457 1658 486 vix

915 510 1006 540 parem
1021 500 1070 528 hac
1084 500 1117 529 de
1131 512 1159 530 re
1171 512 1319 530 sermonem
1332 502 1434 531 alicubi
1449 503 1574 542 reperias.

955 546 1031 574 Circa
1045 553 1161 585 tempus,
1179 558 1232 585 quo
1250 548 1299 576 hos
1318 559 1450 578 sermones
1463 548 1548 577 edidit
1565 549 1655 588 Chry-

915 598 1060 627 sostomus,
1077 603 1128 620 non
1143 603 1196 621 una
1211 600 1249 622 est
1265 594 1425 632 scriptorum
1439 595 1580 631 sententia,
1606 606 1656 623 ne-

914 649 965 676 que
978 638 1105 666 audiendi
1121 646 1182 666 sunt
1193 640 1240 677 qui
1256 639 1350 668 volunt
1363 651 1393 668 eo
1407 641 1465 680 ipso
1479 641 1581 679 dialogi
1595 651 1656 669 cum

913 684 1012 713 Basilio
1030 685 1116 713 habiti
1129 692 1261 724 tempore,
1284 685 1363 714 hosce
1375 686 1460 714 libros
1475 693 1504 714 ut
1524 696 1594 715 nune
1608 686 1657 714 ha-

911 730 1020 767 bentur,
1038 731 1174 770 scripsisse
1187 732 1326 759 Joannem.
1344 732 1414 759 Nam
1427 732 1468 760 vel
1481 732 1538 770 ipsa
1551 731 1657 761 ordien-

911 777 938 805 di
962 777 1031 805 ratio
1046 776 1157 815 aliquod
1173 777 1292 815 elapsum
1307 783 1412 815 tempus
1431 777 1604 813 subindicat,
1631 783 1658 805 et

911 822 990 851 series
1011 829 1065 850 tota
1079 833 1135 851 rem
1160 823 1314 851 meditatam
1330 829 1355 851 et
1379 823 1405 851 in
1429 823 1483 851 otio
1498 823 1656 851 adornatam

910 879 965 908 prae
976 879 1004 897 se
1015 869 1076 897 fert.
1093 870 1137 896 Ait
1151 870 1273 898 Socrates
1287 870 1417 898 Joannem
1428 891 1435 905 ,
1450 879 1512 897 cum
1526 869 1656 898 diaeonus
1681 894 1744 915 Socr.
1757 896 1771 916 l.
1785 896 1808 917 6.

911 921 988 951 esset,
1004 925 1098 954 nempe
1115 915 1148 943 ab
1163 925 1232 943 anno
1250 915 1305 945 581
1329 914 1364 943 ad
1384 926 1483 943 aunum
1499 916 1557 946 386
1568 938 1576 953 ‚
1603 926 1656 954 quo
1668 931 1687 945 c.
1701 924 1723 946 3.

911 960 1052 999 presbyter
1064 960 1203 989 ordinatus
1213 961 1276 997 fuit,
1289 960 1374 989 libros
1385 961 1419 990 de
1431 961 1586 991 sacerdotio
1600 962 1657 990 edi-

911 1005 992 1035 disse.
1011 1006 1149 1035 Palladius
1162 1017 1227 1036 vero
1242 1007 1390 1036 secuudum
1409 1007 1655 1047 interpretationem

910 1052 1034 1081 Latinam
1056 1053 1191 1081 Ambrosii
1217 1053 1431 1082 camaldulensis
1444 1075 1452 1089 ‚
1474 1055 1604 1083 Joannem
1627 1056 1653 1083 in

910 1098 1056 1127 solitudine
1068 1099 1117 1127 hos
1128 1099 1211 1127 libros
1223 1099 1342 1128 emisisse
1353 1099 1435 1134 dixit,
1450 1110 1546 1138 nempe
1560 1100 1594 1128 ab
1608 1111 1652 1129 an-

910 1154 944 1172 no
958 1144 1065 1173 circiter
1077 1146 1133 1175 575
1147 1144 1181 1173 ad
1194 1155 1292 1173 annum
1307 1145 1377 1181 581,
1393 1156 1446 1183 quo
1462 1156 1495 1174 ex
1510 1146 1655 1174 solitudine

910 1190 936 1218 in
952 1191 1045 1219 urbem
1061 1190 1148 1219 rediit.
1163 1191 1316 1219 Palladium
1331 1190 1516 1220 incunctanter
1528 1202 1654 1230 sequere·
1695 1216 1701 1241 [
1721 1215 1767 1235 ΕΗ.

910 1246 973 1264 mur
983 1259 992 1273 ,
1009 1236 1031 1264 si
1045 1236 1072 1264 in
1089 1238 1185 1265 Graeco
1199 1243 1275 1265 textu
1285 1259 1293 1271 ,
1317 1247 1398 1274 quem
1412 1236 1497 1265 edidit
1514 1237 1652 1266 Emericus
1665 1243 1744 1273 Gom-g.

909 1282 1032 1320 Bigotius
1048 1305 1055 1319 ,
1066 1283 1158 1311 eadem
1173 1283 1344 1321 legerentur,
1368 1282 1413 1311 sed
1429 1293 1489 1311 cum
1500 1283 1539 1311 ibi
1555 1294 1587 1312 ne
1602 1287 1650 1323 Υρῧ
1665 1275 1727 1333 1312va
1739 1285 1762 1305 p.

909 1327 1019 1366 quidem
1043 1328 1093 1356 hac
1108 1328 1141 1356 de
1164 1338 1191 1357 re
1206 1334 1377 1367 compareat,
1401 1339 1415 1356 a
1429 1328 1529 1357 calculo
1544 1329 1651 1358 ferendo
1680 1326 1686 1334 ⁴

909 1374 1124 1413 supersedemus.

948 1423 1024 1449 Anno
1034 1422 1103 1457 574,
1115 1431 1176 1449 cum
1188 1420 1278 1449 adhuc
1287 1421 1434 1450 Antiochiae
1445 1429 1562 1451 maneret
1574 1424 1652 1452 Joan-
1663 1448 1726 1469 Auno
1749 1447 1775 1468 3-
1784 1448 1791 1456 ,

908 1477 952 1495 nes
963 1489 971 1501 ,
998 1467 1025 1495 in
1049 1467 1200 1505 periculum
1215 1466 1323 1503 incidit,
1346 1467 1425 1505 quale
1440 1475 1529 1496 narrat
1553 1468 1609 1507 ipse
1624 1468 1650 1497 in
1748 1465 1754 1469 ⁸
1765 1458 1803 1478 ’ᾧ

909 1512 1106 1541 Commentario
1118 1513 1144 1540 in
1158 1515 1224 1541 Acta
1239 1513 1435 1552 Apostolorum.
1450 1513 1518 1541 Cum
1531 1515 1581 1542 sub
1595 1516 1650 1543 Va-

907 1559 977 1587 lente
1002 1559 1167 1598 Imperatore
1190 1559 1349 1598 perquisitio
1376 1569 1471 1598 magna
1500 1560 1650 1589 Antiochiae

906 1605 974 1633 facta
992 1612 1031 1633 est
1048 1605 1181 1633 librorum
1196 1605 1362 1643 magicorum
1384 1613 1408 1633 et
1429 1606 1626 1644 praestigiarum
1642 1630 1649 1642 ,

906 1651 1061 1689 militesque
1070 1651 1171 1679 circum
1187 1651 1281 1679 urbem
1296 1651 1377 1690 positi
1393 1658 1465 1686 sunt,
1483 1662 1515 1680 ne
1526 1652 1587 1690 quis
1600 1653 1649 1682 cri-

905 1697 971 1726 mini
983 1697 1139 1736 hujusmodi
1151 1697 1295 1734 obnoxius,
1312 1697 1382 1726 elabi
1397 1705 1499 1736 posset;
1517 1705 1573 1726 tum
1589 1699 1648 1737 qui-

904 1743 968 1772 dam
982 1743 1028 1781 qui
1043 1743 1144 1771 librum
1158 1743 1314 1782 hujusmodi
1333 1744 1429 1772 fecerat
1444 1750 1468 1772 et
1482 1745 1625 1784 scripserat
1638 1768 1646 1781 ,

905 1800 937 1818 ne
960 1789 1216 1829 deprehenderetur,
1243 1789 1345 1817 librum
1361 1790 1387 1818 in
1405 1790 1503 1818 flumen
1523 1791 1644 1830 projecit-

905 1835 957 1865 Sed
968 1846 1029 1864 cum
1040 1835 1116 1864 haud
1133 1834 1225 1863 dubiis
1238 1835 1344 1864 indiciis
1360 1842 1452 1864 notum
1467 1843 1533 1864 esset
1547 1836 1648 1865 librum

905 1882 939 1910 ab
950 1882 996 1910 illo
1010 1883 1198 1910 concinnatum
1209 1881 1290 1909 fuisse
1300 1904 1307 1916 ,
1320 1892 1334 1908 a
1349 1881 1481 1909 militibus
1495 1889 1587 1920 captus
1600 1889 1647 1918 est,

905 1928 951 1967 qui
962 1936 991 1957 ut
1004 1929 1106 1957 librum
1115 1928 1189 1956 daret
1200 1927 1368 1966 expetebant.
1382 1927 1430 1955 Ille
1445 1938 1507 1956 vero
1516 1929 1573 1967 jam
1584 1928 1649 1957 dare

906 1985 958 2003 non
974 1980 1075 2013 poterat
1086 1996 1094 2009 ,
1109 1973 1153 2002 sed
1165 1995 1171 2007 ‚
1188 1980 1217 2001 ut
1230 1972 1348 2008 videtur,
1364 1983 1390 2001 se
1407 1973 1497 2002 fecisse
1512 1974 1624 2013 negabat
1637 1997 1645 2012 ,

907 2031 1001 2049 verum
1025 2019 1110 2047 auctis
1133 2018 1240 2047 indiciis
1263 2026 1288 2047 et
1314 2019 1517 2058 probationibus
1527 2044 1534 2057 ,
1556 2031 1648 2060 peenas

906 2066 988 2094 dedit.
1003 2066 1076 2094 Dum
1086 2065 1220 2104 conjectus
1233 2065 1259 2093 in
1271 2065 1370 2093 flumen
1383 2065 1451 2094 liber
1463 2066 1646 2106 incompactus

907 2119 1099 2152 supernataret,
1115 2111 1211 2139 accidit
1226 2117 1254 2139 ut
1267 2112 1381 2140 Joannes
1395 2119 1483 2140 noster
1500 2123 1560 2141 cum
1575 2113 1646 2142 socio

906 2159 939 2187 ad
961 2158 1121 2197 martyrium
1136 2168 1180 2186 seu
1196 2157 1332 2185 ecclesiam
1348 2159 1501 2197 Martyrum
1515 2169 1626 2198 pergens
1638 2182 1645 2195 ,

903 2207 983 2245 juxta
997 2205 1096 2233 ssurneu
1113 2204 1163 2232 iter
1177 2204 1282 2232 faceret.
1304 2202 1398 2232 socius
1412 2214 1476 2233 vero
1491 2204 1576 2243 ipsius
1587 2227 1594 2241 ,
1617 2212 1646 2233 ut

906 2251 939 2280 ad
963 2261 1038 2280 oram
1059 2256 1273 2289 supernatantem
1297 2248 1399 2277 librum
1420 2249 1508 2286 vidit,
1533 2250 1644 2279 linteum

907 2308 962 2326 esse
975 2297 1099 2336 putavit,
1111 2306 1142 2324 ae
1156 2295 1317 2324 descendens
1331 2295 1441 2335 accepit.
1456 2297 1570 2325 Joannes
1582 2308 1645 2326 vero

907 2351 1048 2381 antequam
1063 2341 1128 2381 quid
1142 2342 1171 2370 id
1184 2348 1251 2370 esset
1263 2341 1385 2379 sciretur,
1402 2350 1511 2381 repertae
1526 2343 1563 2371 rei
1581 2354 1645 2382 par-

907 2397 959 2418 tem
971 2389 1005 2418 ad
1018 2400 1044 2418 se
1056 2389 1186 2428 pertinere
1196 2387 1308 2416 ridendo
1322 2388 1504 2417 contendebat.
1519 2391 1591 2418 Tum
1604 2401 1645 2418 re-

906 2436 996 2464 voluta
1010 2435 1107 2476 pagina
1118 2434 1206 2464 socius
1216 2434 1320 2473 magica
1332 2435 1431 2474 scripta
1445 2435 1554 2464 invenit.
1570 2436 1645 2464 Acci-

906 2481 945 2510 dit
960 2488 1047 2510 autem
1059 2487 1088 2510 ut
1102 2481 1196 2510 eodem
1209 2488 1326 2520 tempore
1340 2481 1415 2510 miles
1426 2481 1559 2510 transiret.
1575 2482 1644 2510 Hinc

906 2535 989 2557 terror
1001 2535 1144 2566 utrumque
1157 2526 1374 2561 invasit31ibrum
1386 2526 1644 2565 abjicereuonaudeL

904 2576 978 2611 liant,
987 2585 1018 2603 nc
1030 2574 1183 2603 viderentur
1191 2574 1247 2612 ejus
1256 2580 1377 2601 auctores
1388 2584 1450 2601 esse.
1468 2573 1587 2601 Tandem
1601 2584 1642 2602 VC*

1662 1537 1800 1567 T.9⁴p.293.

904 2632 935 2650 ro
948 2621 1089 2661 ptojeccrc,
1103 2628 1125 2648 et
1137 2621 1192 2649 Deo
1204 2620 1312 2658 ¹{inante
1325 2631 1336 2647 a
1349 2619 1469 2658 periculo
1482 2620 1562 2658 erepti
1576 2627 1646 2649 sunt.
