1910 2907
597 198 1164 305 SPURIA.

666 576 846 638 MON
858 574 1074 635 ITUM

237 777 303 824 IN
345 774 684 825 SERMONES
719 771 1052 821 TREDECIM
1088 767 1490 836 SEQUENTES‚

828 906 904 941 QUI

87 1025 164 1102 S.
245 1022 721 1102 JOANNIS
808 1021 1644 1101 CHRYSOSTOMI

490 1231 702 1274 NOMINE
739 1229 1253 1275 CIRC-UMFERUNTUR.

122 1554 209 1582 Tanta
229 1560 337 1591 tamque
356 1552 478 1592 expedita
500 1551 551 1580 fuit
571 1551 688 1580 doctoris
702 1551 786 1580 nostri
802 1551 978 1579 concionandi
992 1551 1121 1586 facultas,
1139 1558 1169 1580 nt
1187 1551 1256 1580 nihil
1275 1551 1389 1587 mirum,
1405 1552 1428 1581 si
1444 1562 1514 1581 nova
1529 1551 1647 1580 subinde

81 1600 139 1639 ejus
152 1610 231 1639 opera
247 1606 374 1628 eruantur
389 1610 402 1628 e
413 1599 537 1627 tenebris.
554 1599 613 1627 Non
631 1609 728 1637 pauens
743 1598 770 1626 in
787 1597 970 1636 superioribus
985 1598 1079 1626 Tomis
1093 1598 1219 1627 homilias
1233 1599 1361 1627 haetenus
1376 1599 1480 1637 ignotas
1493 1599 1648 1633 emisimus,

83 1653 108 1674 ct
122 1647 246 1675 undecim
261 1647 341 1676 simul
356 1647 498 1686 praeclaras
513 1647 540 1675 in
554 1645 716 1675 duodecimo
728 1647 815 1674 Tomo
827 1645 966 1683 dedimus,
981 1657 1040 1684 quse
1055 1656 1125 1675 nunc
1136 1646 1255 1686 primum
1269 1646 1295 1674 in
1307 1646 1394 1674 lucem
1409 1647 1520 1686 prolatae
1534 1653 1606 1675 sunt.

123 1722 183 1750 Jam
198 1721 302 1760 pridem
315 1732 378 1750 vero
393 1720 520 1749 tredecim
544 1720 610 1749 alias
633 1720 785 1760 accepimus
796 1743 803 1753 ,
813 1730 827 1748 a
842 1719 991 1748 clarissimo
1010 1727 1034 1748 et
1049 1720 1204 1750 doctissimo
1222 1721 1281 1750 viro
1297 1721 1427 1749 Gualtero
1442 1721 1545 1760 Taylor
1560 1721 1648 1758 Anglo

83 1768 188 1805 missas,
205 1779 266 1797 cum
284 1769 333 1797 bac
355 1769 381 1797 in
403 1769 570 1808 frontispicio
586 1775 646 1796 nota
664 1780 669 1795 ι
692 1769 720 1796 Ε
740 1769 845 1796 Codice
869 1770 1064 1806 manuscripto
1087 1779 1231 1797 annornm
1251 1771 1366 1797 circiter·
1379 1770 1448 1803 700,
1466 1779 1550 1808 quem
1572 1771 1649 1797 inter

83 1817 159 1845 alios
174 1827 191 1844 a
204 1818 331 1845 coenoln'o
347 1818 392 1844 τοῦ
408 1816 617 1855 παντοκράτορος
634 1818 665 1844 in
687 1822 783 1844 monte
794 1817 876 1844 Atho
888 1818 1014 1844 inuectus
1025 1818 1056 1844 in
1067 1816 1209 1855 Aug-liam
1231 1827 1311 1845 αηηο
1325 1818 1412 1853 1727,
1424 1819 1483 1845 suis
1505 1817 1647 1844 sumtibus

83 1866 152 1892 emit
166 1864 291 1903 Collegit*
308 1865 459 1892 Trinitatis
477 1874 583 1902 proeses
602 1865 638 1893 R.
653 1864 803 1892 Bentleius
813 1886 820 1899 ,
833 1870 858 1892 et
883 1866 914 1892 in
933 1864 1109 1893 bibliotheca
1123 1875 1176 1893 sua
1190 1871 1348 1893 conservat.
1362 1865 1427 1892 llas
1445 1864 1581 1892 homilias
1596 1874 1648 1892 eir—

83 1914 218 1949 scripsit,
235 1918 263 1940 et
276 1912 382 1939 Latine
396 1913 487 1939 vertit
503 1911 661 1939 Gnalterus
679 1911 800 1947 Taylor.

125 1984 331 2013 Accuratissime
343 1995 407 2012 vero
422 1984 575 2023 interpretis
589 1994 698 2012 munere
711 1984 818 2013 functus
834 1991 871 2013 est
886 1996 891 2012 :
905 1995 1037 2023 nusquam
1049 1984 1107 2013 vidi
1122 1984 1270 2013 versionem
1288 1983 1507 2022 exquisitiorcm5
1520 1983 1557 2012 ita
1572 1991 1600 2013 ut
1618 1984 1645 2013 in

85 2039 122 2061 tot
137 2043 290 2061 sermonum
304 2031 417 2060 decursu
434 2031 606 2071 paucissima,
619 2032 672 2060 imo
688 2032 742 2060 sere
754 2032 841 2069 nulla,
855 2032 881 2060 in
895 2032 990 2060 melius
1005 2031 1134 2060 imitanda
1149 2031 1306 2060 censuerim.

125 2107 185 2135 Jam
198 2105 231 2133 de
245 2105 358 2143 singulis
372 2104 414 2133 his
427 2105 595 2133 sermonibus
615 2104 821 2142 disquirendum
833 2128 839 2140 ‚
852 2116 885 2133 an
901 2115 963 2134 vere
979 2104 1162 2144 Clirysostomi
1180 2104 1247 2139 sint,
1261 2114 1294 2132 an
1310 2104 1376 2132 salso
1390 2103 1430 2132 illi
1446 2102 1644 2132 adscribantur.

83 2155 226 2182 Innumero
245 2152 301 2191 jam
323 2152 455 2188 vidimus,
468 2163 526 2190 quae
543 2152 609 2180 tanti
623 2151 740 2180 doctoris
757 2163 852 2181 nomen
871 2152 1094 2181 ementiebantur.
1109 2152 1191 2180 Multi
1206 2152 1276 2181 enim
1288 2152 1445 2190 scriptores,
1461 2158 1490 2179 ut
1505 2162 1584 2190 opera
1598 2162 1646 2179 sua

84 2200 265 2236 venditarent,
283 2199 328 2227 illa
344 2199 527 2238 Chrysoslomi
549 2199 656 2228 nomine
679 2200 808 2239 insignire
834 2201 953 2229 solebant
967 2211 973 2226 :
987 2199 1141 2239 bibliopolae
1168 2210 1289 2238 quoqne,
1307 2206 1336 2228 ut
1356 2207 1469 2229 emtores
1489 2199 1647 2235 allicerent,

84 2248 170 2276 aliena
185 2247 247 2275 lieet
258 2269 264 2283 ,
277 2247 441 2276 exornabant
457 2247 523 2276 tanti
536 2247 654 2276 doctoris
666 2248 780 2277 nomine.

861 2363 883 2390 Ι.

123 2460 230 2489 Primus
246 2458 336 2497 itaque
351 2469 437 2487 sermo
452 2459 486 2488 de
504 2459 662 2489 Poenitentia
677 2467 701 2489 et
715 2459 748 2488 de
764 2460 886 2497 Davide‚
900 2461 976 2500 cnjus
991 2460 1099 2490 initium
1114 2467 1166 2497 est,
1182 2460 1249 2491 Ἰδοὺ
1269 2460 1383 2501 σήμερον
1402 2463 1465 2499 ἡμῖν
1480 2463 1493 2490 ὁ
1515 2461 1645 2499 μακάριος

83 2508 181 2544 Δαυίδ,
197 2507 381 2546 Chrysostomi
394 2518 449 2536 csse
460 2508 567 2536 omnino
585 2507 701 2537 videtur.
715 2508 808 2548 Stylus
823 2509 906 2537 sancti
926 2509 1042 2538 doctoris
1057 2509 1101 2538 hic
1116 2509 1215 2538 eminet
1229 2521 1236 2537 z
1253 2509 1367 2537 morales
1381 2508 1580 2538 adhortationes
1595 2519 1644 2548 pro

83 2567 154 2584 more
168 2566 216 2584 suo
230 2555 324 2594 adjicit
337 2567 343 2582 ε
356 2562 381 2584 et
396 2562 448 2584 tres
466 2555 552 2584 adfert
572 2566 665 2584 causas
687 2567 734 2585 cur
746 2557 818 2586 Deus
834 2558 983 2596 permiserit
995 2558 1094 2598 justos,
1110 2565 1140 2587 ut
1163 2557 1362 2595 Abrahamum,
1377 2559 1501 2597 Moysem
1516 2564 1541 2586 et
1556 2557 1643 2586 Davi-

1674 583 1709 602 ¹197

84 2604 158 2642 (lem,
174 2604 200 2634 in
213 2610 320 2644 peecata
335 2603 452 2633 incidere
467 2615 473 2632 ε
488 2603 574 2643 prima
591 2603 691 2633 scilicet
706 2611 760 2641 est,
772 2612 801 2633 nt
813 2605 879 2643 justi
892 2612 1002 2637 caveant
1016 2605 1050 2635 de
1065 2606 1119 2636 vita
1133 2615 1181 2635 sua
1191 2628 1199 2644 ,
1213 2615 1297 2645 neque
1311 2605 1345 2636 de
1358 2606 1437 2635 bouis
1451 2605 1577 2645 operibus
1593 2615 1642 2635 ex-
1656 2621 1689 2640 ως
