1884 2922
732 194 763 216 13
771 193 834 216 Dtix
864 192 990 216 RERUM.

85 257 167 286 critiae
179 263 204 286 et
219 257 343 286 sodalitio
357 257 414 296 ejus
432 256 544 295 epistola
562 255 760 294 Chrysostomi.
778 263 827 285 III.

85 306 150 330 784.
167 313 190 329 Α.

125 348 316 374 Asvxcmrtcs
337 345 476 384 presbyter
497 343 685 383 Chrysostotni
713 345 827 374 amicus.

85 396 132 419 ltt.
149 394 254 418 8711.
272 388 338 426 Ejus
354 388 598 417 0111107911.
619 393 727 417 877.1.

124 435 314 461 Asixcmrmi
329 455 335 466 ,
355 431 531 470 Pltlegontem
546 454 554 465 ,
570 432 699 460 Hermam
714 454 722 469 ‚
735 433 829 460 Patro-

85 476 158 511 bam,
176 477 290 505 Hermen
305 483 330 504 et
347 476 414 504 alios
429 486 496 514 quos
514 476 609 504 fratres
626 482 717 510 vocat,
734 475 830 504 salutat

86 521 195 549 Paulus.
212 528 260 550 tx.
278 525 343 549 825.
360 533 387 549 A.
404 531 428 548 n.

127 567 310 594 Aruaxastcs
335 571 456 593 sanctus
482 571 507 593 et
531 565 688 593 virtutibus
707 564 827 602 plenus.

88 615 158 637 VIII.
177 614 242 637 710.
257 619 283 637 C.
763 643 771 650 ι

126 657 330 681 Antrum-sias
344 663 393 681 cur
407 662 481 680 aram
493 675 500 687 ‚
519 654 618 691 ignoto
634 652 697 680 Deo
708 673 715 686 ,
733 651 827 680 inscri-

87 697 198 736 pserint.
223 704 267 726 lIt.
289 701 334 725 68.
352 707 379 727 c.
400 707 426 724 E.
446 696 589 732 Quomodo
606 717 613 729 ‚
637 697 735 734 ignoto
756 696 829 731 Deo,

86 751 161 769 aram
188 740 331 769 erexerint.
348 748 393 770 XI.
411 744 474 768 807.
506 752 530 768 A.
559 739 830 778 Atheniensium-in-

86 784 206 823 scriptio,
221 787 319 822 ignoto
334 785 398 812 Deo
412 805 419 818 ,
432 782 566 821 quomodo
578 782 761 821 intelligenda.
779 791 825 812 tx.

87 833 152 858 323.
171 839 197 857 E.
215 828 317 856 Multos
339 827 403 856 deos
428 827 571 862 habebant,
585 833 610 854 et
627 826 727 865 patrios
748 833 772 855 et
785 837 828 866 pe—

87 872 278 910 regrin05.111.
302 876 348 901 68.
365 882 391 899 c.
411 871 583 899 Athenienses
608 871 642 898 ab
665 870 742 898 initio
765 870 830 899 deos

87 926 178 944 omncs
195 925 245 943 non
262 920 424 952 acceperant.
443 921 474 943 X.
492 918 556 942 807.
574 923 599 942 E.
616 913 692 941 Pauli
710 914 830 943 ministe-

87 960 127 987 rio
149 959 211 987 theti
239 968 273 986 ex
292 958 455 987 adversariis
477 956 591 992 subditi,
607 963 631 984 et
647 967 679 985 ex
691 957 830 995 judicibus

87 1002 224 1042 discipuli.
246 1009 280 1030 II.
298 1006 362 1029 617.
381 1012 408 1029 a.
424 1000 557 1040 Epistolas
573 1001 693 1029 Platonis
707 1012 754 1040 per
766 1002 830 1031 Dio-

88 1057 148 1075 nem
172 1046 265 1074 missas
277 1045 386 1085 publice
400 1051 591 1084 exposuerunt.
606 1052 663 1073 ΠΙ.
684 1050 747 1075 432.

127 1093 275 1119 Annum
291 1090 316 1118 in
333 1090 434 1118 tbeatro
454 1089 520 1117 nudi
537 1089 642 1117 stabant
659 1089 743 1117 radiis
757 1089 828 1118 sola—

88 1133 163 1162 ribus
177 1134 302 1173 expositi.
322 1140 366 1162 Itt.
384 1138 448 1162 131.
464 1146 489 1162 A.
513 1132 683 1161 Atltletarurn
709 1133 830 1172 probatio

89 1178 114 1205 in
133 1178 296 1217 Olympicis.
315 1185 361 1207 III.
387 1183 432 1206 71.
458 1188 485 1207 e.
510 1177 616 1206 Atlileta
632 1177 658 1205 in
678 1177 831 1216 Olympicis

89 1222 280 1250 certaminibus
296 1223 322 1250 in
345 1221 432 1250 stadio
452 1228 501 1256 est,
526 1221 652 1259 magister
676 1228 752 1249 extra
777 1229 830 1250 sta-

89 1265 175 1295 dium.
192 1273 223 1294 II.
236 1270 299 1295 504.
319 1277 344 1295 Α.
364 1264 534 1293 Atliletarum
550 1275 616 1293 mos.
632 1272 664 1293 V.
682 1269 745 1294 632.
761 1276 786 1293 (τ.

130 1312 346 1338 ATTENTtosnm
362 1308 476 1337 varietas
490 1308 569 1347 parit.
584 1315 614 1336 V.
634 1312 696 1337 156.
712 1321 738 1336 Α.

129 1354 245 1381 Avants
262 1353 321 1390 quis
342 1363 404 1380 vere
424 1352 467 1380 sit.
484 1360 514 1381 V.
529 1358 556 1380 8.
574 1363 601 1381 c.
618 1352 740 1380 Avaritia
756 1352 830 1381 furor

88 1398 242 1431 effi-enatus,
259 1397 368 1424 morbus
384 1396 552 1432 insanabilis,
568 1407 673 1424 omnem
694 1397 774 1425 aliam
789 1398 830 1425 af-

89 1442 227 1470 fectionem
253 1440 364 1479 expellit
391 1450 424 1468 ex
454 1440 552 1468 animo.
583 1448 628 1469 ΙΙΙ.
652 1445 716 1469 538.
736 1452 763 1470 D.
782 1442 830 1470 Est

87 1485 201 1513 ebrietas
226 1484 396 1512 insatiabilis.
417 1491 462 1512 tv.
480 1489 544 1512 238.
564 1495 589 1513 D.
608 1495 634 1512 ε.
654 1491 700 1513 tx.
719 1490 784 1516 631,
801 1497 828 1514 r..

88 1530 136 1558 Est
159 1529 243 1556 sames
266 1535 290 1556 et
307 1528 375 1556 sitis.
395 1535 452 1557 ΠΙ.
472 1533 535 1557 217.
550 1539 576 1559 e,
593 1528 701 1557 Avarus
725 1528 828 1558 homini

87 1573 131 1601 siti
143 1571 355 1610 inexstinguibili
368 1579 460 1611 captus
473 1579 655 1611 comparatur.
663 1579 721 1601 ΠΙ.
730 1577 827 1602 711.D.

88 1617 210 1645 Avaritia
234 1627 295 1644 vere
317 1623 454 1655 tyrannus.
483 1623 514 1646 V.
541 1621 605 1645 608.
636 1623 693 1645 ΠΙ.
715 1621 778 1645 896.
797 1627 826 1647 D.

88 1661 225 1697 Avaritia,
255 1660 431 1699 gravissimus
459 1660 577 1696 morbus,
593 1660 730 1698 fugienda.
755 1668 825 1690 ΠΙΙ.

87 1709 194 1737 46851).
208 1706 314 1734 Avarus
330 1714 381 1732 non
393 1704 538 1743 distinguit
554 1705 670 1732 amicum
687 1704 720 1731 ab
737 1704 827 1733 inimi-

90 1760 132 1779 co.
151 1756 220 1777 ΠΙΙ.
235 1753 280 1777 46.
294 1760 319 1776 c.
335 1748 457 1776 Avaritia
478 1748 560 1787 capti,
577 1748 686 1786 quidam
708 1755 782 1777 natos
796 1759 838 1778 oc.

87 1793 220 1828 ciderunt,
236 1793 280 1821 vel
302 1792 379 1820 etiam
404 1799 529 1820 naturam
550 1791 666 1820 sterilem
689 1791 828 1821 reddentes

87 1837 231 1865 effecerunt
248 1846 279 1865 ne
291 1843 470 1866 nascerentur.
490 1843 545 1864 ΠΙ.
561 1840 625 1863 385.
644 1846 670 1863 1).
686 1847 712 1863 1-:.

129 1880 249 1908 Avaritia
263 1890 297 1908 ex
310 1879 414 1918 ignavia
432 1886 457 1907 ct
473 1879 554 1907 animi
575 1885 683 1918 stupore
700 1879 825 1908 nascitur.

90 1931 147 1953 ΠΙ.
167 1930 230 1953 880.
254 1935 279 1952 c.
297 1923 450 1952 Introducta
471 1923 505 1951 ab
520 1923 702 1952 imbecillitate
722 1924 827 1961 animae,

88 1969 174 1996 oritur
197 1979 230 1996 ex
256 1967 406 2006 arrogantia
433 1974 458 1996 et
482 1967 544 1995 odio
566 1967 707 1996 hominum
728 1975 752 1996 et
767 1979 827 1997 con-

91 2019 204 2051 temptu.
219 2019 265 2042 XI.
286 2017 348 2040 150.
367 2022 392 2039 c.
410 2023 438 2041 n.

130 2059 238 2084 Avarus
261 2055 363 2083 miserae
389 2055 564 2092 conditionis,
581 2055 708 2093 illiusque
722 2055 829 2084 anirnus

87 2099 269 2128 sollieitudine
297 2099 401 2139 plenus.
420 2106 453 2127 V.
472 2104 535 2128 546.
555 2110 582 2128 D.
607 2099 689 2127 Avari
716 2099 828 2128 miset-ize

85 2143 239 2183 descriptio.
252 2151 309 2172 ΠΙ.
323 2148 386 2174 384,
402 2155 426 2171 A.
443 2154 470 2172 c.
486 2148 549 2172 385.
568 2151 602 2172 Χ.
619 2148 663 2172 92.
680 2154 706 2172 D.
723 2143 828 2182 Pejores

86 2187 257 2216 daemoniacis
272 2187 443 2216 miseratione
464 2194 490 2216 et
504 2187 632 2227 lacrymis
655 2187 731 2226 digni
757 2195 827 2217 sunt.

88 2238 147 2261 ΠΙ.
165 2235 228 2260 384.
253 2243 277 2260 c.
300 2236 364 2260 465.
382 2243 406 2260 e.
422 2237 487 2261 877.
506 2243 533 2260 D.
549 2232 631 2260 Avari
646 2232 742 2259 ι1111111ῑο
757 2232 826 2260 ima-

86 2285 130 2312 go.
158 2281 215 2303 ΠΙ.
236 2279 298 2303 553.
323 2285 347 2302 c.
369 2275 451 2303 Avari
476 2275 611 2303 ebrietatis
634 2275 779 2314 descriptio
801 2282 826 2304 et

85 2319 182 2346 misera
210 2318 338 2346 conditio.
357 2326 403 2347 lx.
427 2323 491 2347 631.
510 2323 573 2347 632.
592 2323 656 2347 033.
673 2319 756 2347 Avari
781 2329 825 2347 ra-

85 2362 207 2401 pacitatis
224 2362 321 2399 imago.
339 2368 386 2390 XI.
400 2366 466 2389 757.
484 2372 509 2389 F.
526 2372 553 2389 A.
574 2365 726 2390 Avarorum
742 2363 824 2390 mise-

84 2405 140 2434 riae.
161 2412 180 2433 1.
199 2409 262 2433 2512.
280 2416 307 2432 Α.
325 2411 383 2433 VII.
401 2409 465 2433 897.
484 2415 510 2433 D.
526 2405 624 2433 Misera
648 2405 774 2434 conditio.
794 2412 824 2433 V.

86 2454 131 2478 91.
145 2459 172 2477 D.
189 2448 295 2477 Bellum
317 2448 450 2476 internum
466 2449 664 2477 circumferunt.
680 2456 712 2477 V.
731 2453 775 2477 31.
795 2460 822 2478 D.

86 2497 238 2521 Avarortun
254 2499 277 2521 et
293 2492 479 2521 soeneratorum
493 2492 597 2521 dolores
608 2515 616 2528 ‚
633 2492 825 2521 sollicitudines

87 2544 111 2565 et
126 2537 254 2575 pericula.
274 2544 330 2565 ΠΙ.
352 2542 414 2566 485.
428 2548 453 2565 c.
473 2548 499 2565 D.
520 2540 626 2565 ,xx-arus
640 2537 690 2565 sibi
706 2537 826 2575 quotidie

87 2591 154 2609 nova
176 2588 280 2619 generat
302 2581 381 2610 mala.
399 2588 454 2610 ΠΙ.
471 2585 534 2610 591.
552 2592 580 2609 D.
596 2581 678 2610 Avari
695 2588 757 2620 quot
773 2581 823 2610 sibi

1565 183 1630 229 ’80

886 255 951 294 ipsis
965 256 1033 284 mala
1045 256 1168 284 inserant.
1186 261 1243 284 ΠΙ.
1259 258 1324 283 878.
1340 265 1365 282 (τ.
1385 265 1412 283 D.
1428 262 1461 283 x.
1477 259 1540 284 244.
1560 267 1585 284 ε.
1604 268 1628 284 Α.

886 299 970 327 Avari
988 310 1039 328 non
1052 299 1169 328 melioris
1182 298 1342 327 conditionis
1357 305 1418 327 sunt
1433 310 1514 337 quam
1529 300 1569 328 illi
1583 301 1629 338 qui

886 341 920 370 ad
943 343 1050 371 metalla
1074 342 1194 371 damuati
1218 348 1289 371 sunt.
1308 349 1342 371 X.
1360 346 1424 371 245.
1442 342 1540 371 Avaris
1554 343 1629 371 nulla

887 386 1021 426 voluptas.
1040 394 1073 415 x.
1094 391 1158 415 232.
1177 398 1201 415 A.
1218 383 1282 415 233'.
1299 385 1381 414 Avari
1402 386 1569 415 miseriorem
1587 387 1630 415 vi—

887 438 941 459 tant
965 431 1067 459 ducunt
1086 441 1165 469 quam
1181 430 1291 465 Cainus,
1308 429 1391 458 variis
1405 429 1488 458 animi
1507 430 1629 468 exagita-

888 475 907 503 ti
930 476 1085 514 angoribus.
1100 480 1134 504 X.
1152 479 1215 503 323.
1233 485 1259 502 E.
1278 484 1304 502 Δ.
1321 475 1427 502 Avarus
1442 474 1512 502 enim
1527 474 1607 502 habet
1620 497 1627 508 ,

888 529 938 547 non
961 526 990 548 ut
1012 519 1132 555 fruatur,
1148 518 1206 552 sed,
1221 525 1315 546 utnon
1331 518 1447 546 fruatur.
1464 519 1507 545 ΙΙ),
1525 519 1631 546 Avarus

887 573 938 591 uon
955 569 991 591 est
1005 563 1080 591 dives
1091 585 1098 599 ‚
1119 562 1212 590 multis
1227 562 1340 600 indiget,
1355 568 1453 596 custos,
1471 572 1523 590 non
1539 561 1631 590 domi-

886 617 948 643 nus,
973 607 1157 646 pecuniarum.
1183 613 1216 634 tt.
1249 610 1293 634 32.
1325 608 1414 634 Ami-o
1439 616 1489 634 non
1514 606 1630 645 propriae

886 656 948 678 sunt
964 650 1092 688 pecuniae.
1108 657 1141 678 It.
1159 654 1204 678 32.
1220 661 1245 677 a.
1264 649 1347 677 Avari
1365 650 1464 687 majora
1481 650 1629 688 cupientes,

886 693 1025 732 praesentia
1049 693 1185 721 amittunt.
1216 700 1237 722 Ι.
1262 697 1325 721 547.
1344 704 1370 721 Α.
1389 693 1510 721 Avaritia
1531 694 1573 722 vel
1596 694 1631 721 ad

887 737 1013 776 pecunias
1036 736 1231 775 comparandas
1255 737 1398 766 contraria.
1427 744 1485 765 ΠΙ.
1513 741 1577 765 385.
1602 749 1627 765 A.

887 785 1009 811 Avarum
1025 793 1115 812 omnes
1137 782 1252 821 spoliare
1270 789 1381 821 possunt
1397 782 1540 820 quomodo.
1570 790 1627 812 VII.

887 831 952 855 896.
978 838 1003 854 n.
1023 828 1129 855 Avarus
1153 825 1213 854 aliis
1240 831 1403 864 congregat,
1424 825 1480 864 ipse
1505 826 1627 864 punitur.

888 877 956 899 ΠΙΙ.
972 875 1036 900 278.
1054 883 1077 900 n.
1092 873 1199 899 Avarus
1214 869 1276 898 licet
1292 869 1412 898 omnium
1428 869 1461 897 sit
1472 869 1631 908 locupletis-

886 915 980 949 simus,
998 915 1119 943 omnium
1135 913 1324 954 pauperrimus
1339 920 1363 941 et
1379 913 1566 952 egentissimus
1581 920 1629 942 est.

887 966 932 988 ttt.
946 963 1009 987 383.
1024 971 1049 987 Α.

926 1003 1075 1031 Avaritiam
1090 1012 1178 1030 arcem
1199 1001 1334 1030 malorum
1353 1007 1449 1030 vocant
1465 1001 1547 1029 exteri
1562 1000 1630 1030 seri-

886 1054 990 1086 ptores‚
1006 1046 1106 1076 Paulus
1126 1045 1244 1074 radicem
1269 1045 1402 1074 malorum
1418 1045 1549 1073 omnium.
1568 1052 1626 1074 ΠΙ.

886 1097 952 1120 714.
970 1104 995 1120 A.
1012 1090 1095 1119 Avari
1110 1097 1273 1129 pracceptum
1289 1089 1486 1118 thesaurizandi
1511 1089 1535 1117 in
1553 1089 1628 1124 emto,

886 1146 938 1164 non
959 1136 985 1164 in
1010 1142 1092 1169 terra,
1109 1134 1220 1163 violant.
1238 1141 1257 1162 t.
1278 1138 1339 1162 159.
1354 1144 1378 1161 n.
1396 1143 1422 1160 e.
1440 1133 1563 1161 Avaritia
1583 1133 1631 1162 110-

888 1179 971 1207 mines
992 1178 1092 1217 stupidi
1110 1178 1187 1205 liunt.
1207 1185 1225 1205 t.
1242 1182 1308 1205 3913.
1326 1187 1354 1205 D.
1370 1176 1498 1204 Avaritiae
1519 1176 1629 1204 malunt.

888 1231 918 1251 v.
935 1227 996 1252 112.
1017 1233 1043 1250 Δ.
1060 1233 1084 1249 B.
1109 1226 1172 1250 153.
1200 1229 1246 1251 XI.
1267 1226 1312 1250 17.
1338 1231 1365 1248 D.
1390 1231 1417 1248 1-3.
1437 1221 1557 1249 Avaritia
1575 1221 1632 1259 pri-

888 1277 973 1303 mum,
988 1265 1106 1294 medium
1121 1273 1146 1294 et
1161 1272 1310 1294 extremum
1324 1264 1466 1292 malorum.
1485 1271 1530 1293 Π.
1548 1269 1590 1294 16.
1607 1276 1630 1293 13.

888 1311 978 1339 Radix
999 1309 1132 1338 malorum
1155 1309 1346 1337 communitate
1371 1307 1502 1336 bonorum
1524 1308 1630 1346 penitus

887 1355 984 1384 excisa.
1007 1361 1053 1382 IX.
1071 1358 1116 1382 67.
1135 1365 1162 1382 1).
1187 1352 1278 1382 Radix
1299 1351 1420 1381 omnium
1435 1351 1567 1380 malorum
1583 1352 1631 1380 di-

886 1399 1120 1434 citui-.vttt.711.
1137 1400 1626 1425 Α.1Χ.592.Χ.244.1,.1117001.

886 1447 951 1471 715.
967 1452 993 1471 c.
1007 1441 1130 1470 Avaritia
1146 1440 1223 1469 radix
1238 1440 1370 1468 malorum
1385 1449 1442 1467 esse
1457 1439 1586 1478 probatur
1597 1450 1630 1469 ex

886 1486 1007 1525 exemplo
1019 1485 1107 1514 Judae.
1126 1492 1172 1514 XI.
1191 1489 1290 1513 277.n.
1309 1488 1374 1512 278.
1390 1483 1510 1511 Avaritia
1527 1483 1629 1522 princi-

886 1531 961 1570 pium
976 1530 1160 1566 scortationis,
1173 1528 1321 1567 quomodo.
1337 1535 1367 1556 Χ.
1385 1532 1448 1555 536.
1467 1539 1491 1554 Α.
1505 1538 1531 1557 Β,
1545 1527 1628 1555 Prin-

885 1575 986 1614 cipium
1011 1573 1173 1613 proditionis
1200 1572 1289 1603 Juitae.
1316 1579 1374 1601 vn.
1402 1576 1465 1599 868.
1501 1582 1523 1600 13.
1555 1578 1628 1603 vttl.

886 1625 950 1648 450.
975 1630 1002 1647 D.
1030 1629 1055 1646 c.
1072 1618 1171 1647 Judam
1187 1624 1212 1646 et
1232 1627 1323 1645 omncs
1345 1626 1440 1645 avaros
1460 1615 1625 1654 pessumdat.

888 1671 942 1692 ΠΙ.
972 1667 1037 1692 895.
1068 1673 1092 1689 c.
1119 1662 1216 1690 Avaris
1244 1660 1329 1691 Judas
1360 1659 1530 1699 proponitur.
1568 1666 1613 1688 ΠΙ

885 1713 950 1736 911.
976 1718 1001 1735 Λ.
1021 1706 1147 1735 Avaratia
1169 1705 1247 1735 Judae
1272 1704 1387 1732 similem
1425 1701 1522 1730 reddit.
1553 1709 1624 1732 ΠΙΙ.

885 1756 949 1780 324.
970 1761 995 1779 e.
1012 1750 1139 1778 Avaritiae
1151 1749 1259 1777 damna.
1272 1755 1316 1776 vt.
1335 1752 1421 1775 65.1·;.
1437 1757 1464 1775 Α.

925 1794 1046 1823 Avaritia
1063 1803 1110 1821 cur
1122 1804 1135 1821 a
1148 1793 1233 1821 Paulo
1250 1798 1360 1821 vocetur
1377 1790 1538 1819 idololatria.
1553 1797 1624 1820 ΠΙΙ.

885 1844 948 1868 450.
963 1849 992 1866 1).
1010 1848 1035 1865 C.
1052 1844 1096 1865 XI.
1117 1841 1179 1865 149.
1195 1847 1221 1864 r..
1240 1837 1344 1864 Avarus
1357 1841 1395 1863 cst
1409 1834 1558 1863 idololatra.
1578 1842 1625 1863 tx.

884 1888 948 1912 526.
965 1893 988 1910 n.
1008 1888 1055 1910 XI.
1072 1885 1134 1908 147.
1157 1891 1184 1908 D.
1204 1891 1230 1908 r..
1250 1878 1366 1908 Avaritia
1382 1885 1419 1906 est
1435 1877 1569 1916 corruptio
1586 1878 1626 1906 in-

883 1927 983 1958 ducens
1006 1925 1033 1953 in
1050 1924 1238 1953 idololatriam.
1257 1930 1302 1952 XI.
1327 1927 1388 1951 150.
1414 1933 1442 1950 1).
1463 1926 1527 1950 214.
1547 1933 1571 1950 Α.
1598 1934 1622 1951 Β.

884 1970 965 1999 Avari
980 1975 1041 1997 sunt
1055 1968 1180 1996 latrones.
1194 1975 1213 1996 t.
1229 1972 1292 1995 888.
1308 1977 1333 1995 c.
1351 1966 1445 1994 Pueris
1459 1965 1570 1994 similes.
1589 1973 1621 1994 v.

886 2018 947 2042 134.
976 2024 1004 2041 D.
1027 2023 1054 2042 Ε.
1079 2012 1209 2040 Avaritiae
1231 2010 1356 2049 superbia
1383 2009 1551 2048 adjungitur.
1576 2016 1622 2038 Π.

884 2062 930 2087 49.
956 2067 983 2086 r..
1001 2055 1121 2083 Avaritia
1137 2054 1246 2082 diabolo
1268 2053 1407 2082 subditum
1424 2052 1512 2081 reddit
1528 2052 1624 2081 homi-

883 2111 952 2128 nem.
973 2106 1029 2128 ΠΙ.
1057 2104 1119 2127 198.
1144 2109 1171 2126 1).
1189 2097 1311 2126 Avaritia
1336 2103 1415 2134 atque
1436 2096 1530 2135 rapina
1555 2096 1624 2124 nihil

883 2144 1000 2183 turpius,
1022 2142 1089 2170 nihil
1107 2141 1213 2171 foedius.
1230 2148 1300 2169 ΠΙΙ.
1321 2145 1385 2170 355.
1399 2151 1428 2168 D.
1446 2143 1537 2168 Avaro
1555 2140 1623 2168 nihil

882 2187 1011 2226 iniquius.
1028 2194 1074 2215 tx.
1096 2191 1159 2214 253.
1179 2197 1202 2213 1).
1219 2185 1338 2213 Avaritia
1356 2191 1395 2213 est
1421 2191 1497 2212 vetus
1514 2184 1624 2212 sermen-

882 2238 939 2260 tum
956 2229 1101 2268 quomodo.
1117 2237 1150 2258 x.
1169 2233 1232 2258 153.
1248 2239 1271 2257 n.
1287 2228 1372 2256 Avari
1386 2228 1450 2256 feris
1466 2227 1620 2259 deteriores,

882 2282 916 2303 X.
930 2279 974 2303 93.
988 2285 1015 2302 f..
1029 2273 1113 2301 Avari
1130 2273 1236 2311 turpius
1252 2278 1276 2300 et
1298 2271 1383 2310 tnagis
1396 2270 1519 2300 indecore
1536 2281 1563 2299 se
1579 2282 1622 2310 ge—

880 2326 943 2347 runt
958 2328 1037 2356 quani
1053 2317 1111 2352 illi,
1126 2316 1172 2354 qui
1199 2325 1288 2344 amore
1311 2315 1460 2344 meretricis
1484 2322 1619 2344 tenentur.

881 2370 914 2392 X.
936 2367 999 2391 403.
1020 2372 1048 2390 D.
1068 2359 1214 2400 Hydropici
1228 2366 1303 2388 sunt.
1320 2367 1354 2389 X.
1374 2364 1435 2388 145.
1448 2371 1474 2389 Α.
1488 2370 1512 2387 13.
1523 2359 1622 2387 Avaris

881 2406 949 2434 nihil
965 2405 1086 2434 timidius
1100 2402 1244 2441 excogitari
1270 2409 1364 2442 potest.
1382 2410 1414 2432 X.
1429 2407 1491 2432 571.
1505 2414 1531 2431 n.
1548 2406 1620 2431 Ava-

881 2450 941 2478 ritia
957 2450 1031 2489 pejor
1047 2448 1182 2477 ebrietate.
1197 2454 1242 2477 xt.
1258 2452 1321 2475 277.
1340 2458 1364 2474 n.
1382 2448 1470 2475 Avaro
1489 2457 1565 2474 nemo
1581 2447 1620 2474 in-

881 2494 1025 2522 luunanius
1049 2503 1109 2531 erga
1129 2502 1266 2531 pauperes.
1287 2498 1317 2519 X.
1338 2495 1402 2520 436.
1428 2501 1451 2518 n.
1467 2490 1619 2519 Avarortun

882 2538 1064 2567 excusationes
1087 2548 1118 2565 nc
1141 2535 1205 2564 dent
1225 2536 1429 2573 eleemosynam.
1446 2541 1491 2562 111.
1511 2538 1573 2562 332.
1591 2546 1616 2564 A.

885 2588 987 2613 Avarus
1001 2593 1048 2611 nec
1065 2580 1227 2621 pauperibus
1246 2585 1383 2617 erogantes
1407 2577 1491 2617 carpit
1507 2577 1617 2607 Paulus,
