1910 2907
47 730 81 749 15¹⁴

0 765 81 800 §³³59—

0 802 31 818 ιο.
46 803 66 816 a.

0 1107 81 1136 P-Z'iss·

1 1207 82 1237 r-¹98·

431 210 503 240 QLLE
529 210 563 232 ΙΝ
590 210 750 232 OPERiBUS
777 209 1013 232 cnRYsosTOMI
1039 209 1294 233 OBSERVANTUR·
1563 209 1626 232 221

94 274 218 304 noscitc;
234 278 262 299 ut
277 270 402 300 videlicet
418 271 636 306 internoscerent,
652 283 718 300 num
733 271 809 311 impii
823 293 832 306 ‚

93 318 211 352 scelesti,
231 317 273 346 vel
286 317 453 356 judaizantes
467 329 557 347 secum
571 319 720 347 intermixti
735 325 831 347 essent.

135 363 313 392 precationem
329 371 416 392 autem
428 387 435 401 ‚
457 364 523 392 dum
539 375 613 392 sacra
628 371 832 403 peragerentur,

93 409 164 448 plebi
179 410 348 448 suggerebat,
365 421 446 448 quam
458 410 523 449 ipsis
536 410 626 439 verbis
641 410 732 438 retulit
748 410 835 449 Chry-

76 462 225 485 ,sostomus
240 467 245 482 :
261 457 382 484 Orernus
397 466 451 494 pro
465 458 595 494 episcopo
611 462 637 484 et
652 462 796 485 senectute
808 460 836 482 et

91 503 255 539 patrocinio
265 523 272 533 ,
289 509 319 529 ut
331 508 405 530 recle
423 508 525 530 tractet
538 503 661 530 verbum
680 502 814 530 veritalis
826 521 834 534 ,

92 554 119 575 e!
128 557 181 583 pro
193 549 228 575 iis
242 549 292 585 qui
305 548 353 576 lzic
366 555 433 576 sunt
448 554 475 576 et
487 549 593 586 ubique
608 554 760 576 terrarum.
778 546 836 575 Ad-

75 592 172 620 -debat
194 593 274 621 etiam
296 605 302 620 ε
324 595 382 622 Pro
399 596 433 622 iis
451 596 501 632 qui
518 595 550 621 in
567 595 681 622 Christo
701 594 836 631 defuncti

91 646 170 674 sunt,
187 647 214 668 et
225 651 277 679 pro
290 643 325 669 iis
337 643 387 680 qui
398 641 514 669 illorum
529 641 833 681 memoriamsaciunt.

132 686 234 714 Vocem
248 696 343 725 porro,
367 697 445 724 quam
462 697 530 725 saepe
544 686 685 714 clamando
700 686 834 726 repetebat

93 730 222 760 diaconus
239 732 294 760 liaec
308 739 382 766 erat,
406 733 566 771 πρόηωμεν
577 755 584 768 ,
607 733 807 760 Attendamus
824 743 832 759 :

92 788 171 816 quam
185 788 234 815 ego
249 789 317 817 saepe
331 778 423 806 audivi
444 779 536 806 Romae
551 789 566 805 a
583 778 695 806 diacono
710 777 810 806 dictam
824 798 832 812 ,

92 834 154 851 cum
167 824 296 862 Liturgiae
311 824 467 852 Graecorum
480 824 563 852 animi
577 834 653 851 causa
667 824 832 852 interforem.

92 869 301 898 Observandum
315 877 405 898 autem
425 877 482 905 est,
501 869 573 907 quod
589 870 633 897 hic
647 869 723 898 addit
741 870 835 908 Chry-

93 922 225 943 sostomus
235 938 241 949 ‚
261 926 355 954 nempe
370 923 430 954 post
445 916 519 944 illam
534 926 637 949 vocem,
653 916 777 943 lectorem
792 916 833 944 in-

93 961 182 1000 cipere
193 962 361 1000 prophetiam
378 962 469 997 lsaiae;
486 972 544 999 quae
558 972 613 989 vox
627 961 764 1000 praemissa
778 962 836 990 fue-

93 1015 142 1044 rat,
159 1015 186 1036 ut
199 1008 338 1036 attentiore
353 1008 442 1035 animo
455 1007 530 1046 plebs
544 1007 703 1046 proplietam
719 1008 834 1036 audiret.

93 1053 156 1081 Haec
171 1064 251 1092 porro
265 1053 359 1092 adjicit
373 1053 452 1081 etiam
469 1054 497 1082 S.
513 1053 606 1081 doctor
620 1053 648 1082 in
663 1064 784 1082 sermone
802 1053 836 1081 de

94 1101 252 1127 Ascensione
266 1111 272 1126 :
288 1111 303 1126 n
317 1098 386 1126 Audi
407 1098 434 1126 in
450 1099 602 1137 precatione
622 1099 748 1128 diaconos
765 1111 836 1128 sem-

92 1155 140 1183 per
158 1144 284 1177 dicentes,
295 1145 443 1183 Angelum
457 1147 540 1183 pacis
554 1152 682 1184 rogate.»

133 1191 246 1219 Diaconi
267 1191 386 1220 officium
406 1199 462 1219 erat
484 1193 631 1220 tumultum
646 1203 831 1232 compescere,

93 1237 179 1266 sicubi
193 1237 219 1265 in
232 1238 340 1266 ecclesia
354 1237 487 1265 oriretur:
501 1238 676 1275 quamobrem
691 1245 779 1266 monet
791 1238 836 1266 ille

94 1290 135 1317 ut,
152 1284 173 1312 si
186 1285 247 1321 quis
260 1284 343 1312 alium
360 1283 478 1312 dicteriis
492 1284 615 1322 impetat,
631 1284 673 1312 vel
687 1285 770 1319 risui,
789 1295 835 1312 ca-

93 1329 199 1358 chinnis
213 1337 237 1358 et
258 1330 356 1357 fabulis
372 1330 520 1364 incumbat,
537 1329 666 1358 diaconus
680 1330 836 1365 advocetur,

95 1375 141 1413 qui
155 1375 228 1404 sedet
242 1376 329 1403 sutilia
346 1375 392 1403 illa
402 1397 408 1409 ,
426 1382 451 1403 et
464 1375 581 1403 modeste
593 1386 670 1414 agere
684 1376 838 1415 compellat.

135 1423 176 1450 De
194 1422 376 1450 sacerdotibus
397 1429 484 1450 autem
501 1430 526 1450 et
541 1422 661 1452 diaconis
675 1423 733 1452 haec
749 1424 836 1452 conti-

890 278 982 299 nenter
1000 272 1080 300 refert
1098 272 1306 310 Chrysostomns
1324 281 1330 297 ι
1349 269 1530 299 «Sacerdotes
1552 269 1631 298 etiam
1644 268 1782 300 Thr-6¹25·

890 328 951 346 cum
965 317 1131 346 benedicturi
1147 325 1216 351 sunt,
1232 316 1279 345 ubi
1295 316 1372 356 prius
1390 327 1484 355 pacem
1496 315 1573 344 vobis
1584 327 1634 355 ap·
1644 309 1665 322 c.

891 364 991 402 precati
1006 363 1115 400 fuerint⁷
1134 363 1260 402 deinceps
1273 362 1405 401 incipiunt
1421 361 1584 389 benedicere.
1596 361 1633 389 Et

892 419 955 437 vero
969 409 1110 445 diaconus,
1133 409 1199 438 dum
1215 419 1275 437 cum
1289 408 1348 436 aliis
1362 407 1464 447 precari
1476 407 1564 446 jubet,
1581 406 1632 435 hoc

892 467 996 495 quoque
1010 457 1122 496 imperat
1135 457 1161 485 in
1174 457 1302 491 oratione,
1316 463 1345 484 ut
1359 455 1484 494 angelum
1499 454 1572 494 pacis
1586 465 1633 483 ro-

892 513 998 540 gemus,
1013 511 1037 532 et
1050 514 1109 541 quae
1121 503 1254 542 proposita
1267 508 1340 539 sunt,
1356 508 1450 529 cuncta
1463 500 1574 539 pacifica
1589 511 1595 527 :
1609 506 1635 528 ct

891 548 925 576 ab
939 548 988 577 lioc
1000 556 1129 580 conventu
1142 559 1190 577 vos
1205 548 1342 576 dimittens
1354 547 1404 575 hoc
1418 546 1495 575 vobis
1510 553 1635 586 precatur

890 593 982 622 dicens
995 606 1000 621 ε
1013 596 1049 622 In
1060 605 1132 633 pace
1150 595 1317 622 discedite.»

931 641 1023 679 Neque
1034 639 1295 679 praetermittendum
1305 646 1342 667 est
1353 638 1381 667 id
1391 638 1464 677 quod
1474 638 1540 667 dicit
1548 638 1634 677 Chry-

890 694 1022 715 sostomus
1032 686 1065 714 de
1079 685 1249 714 daemoniacis
1260 692 1285 713 et
1296 692 1383 712 mente
1394 685 1493 723 captiS,
1507 684 1547 712 vel
1562 694 1636 712 ener-

891 732 1028 770 gumenis,
1045 732 1091 769 qui
1110 738 1253 768 antequam
1272 730 1399 769 mysteria
1414 729 1631 764 celebrarentur,

891 789 905 806 a
919 778 1031 806 diacono
1053 777 1248 805 inducebantur
1262 783 1287 804 et
1301 776 1389 815 capita
1405 775 1534 803 inclinare
1551 775 1632 814 jube-
1645 773 1785 825 {dv-477-

891 824 991 853 bantur
1003 847 1010 858 ‚
1035 830 1099 851 tunc
1115 823 1200 851 oratio
1215 833 1264 861 pro
1284 822 1338 850 illis
1354 821 1411 849 fieri
1427 821 1548 857 solebat,
1574 831 1633 858 quae
1662 819 1672 829 ⁶

889 877 995 899 caeteras
1009 880 1099 898 omnes
1114 868 1289 908 praecedebat.
1306 867 1434 896 Graviter
1445 873 1534 895 autem
1548 866 1635 905 carpit

888 917 935 945 il'e
949 927 1003 954 eos,
1022 916 1067 954 qui
1084 916 1152 943 hanc
1167 915 1316 943 orationem
1332 924 1391 942 cum
1405 913 1466 941 aliis
1479 923 1529 941 non
1544 912 1635 951 profe⁴

889 964 993 997 rebant,
1008 962 1052 991 vel
1065 961 1109 1000 qui
1122 968 1184 989 tunc
1197 967 1291 989 mutuo
1303 959 1505 987 fabulabantur.
1518 971 1531 985 (ι
1544 958 1633 987 Prima
1646 954 1786 1008 {Gt-699·

887 1010 1017 1050 precatio,
1033 1008 1120 1046 inquit
1136 1007 1191 1041 ille,
1209 1017 1289 1045 quain
1302 1017 1349 1044 pro
1361 1005 1545 1044 energumenis
1559 1004 1636 1033 adhi-
1661 1003 1666 1008 ’

888 1057 992 1088 bemus,
1011 1053 1201 1082 misericordiae
1217 1052 1466 1081 commemoratione
1481 1051 1558 1090 plena
1572 1058 1610 1080 est
1626 1062 1632 1078 :

888 1101 1004 1131 secunda
1020 1111 1127 1139 quoque
1142 1111 1189 1139 pro
1205 1100 1248 1134 iis,
1274 1099 1320 1137 qui
1337 1099 1362 1127 in
1379 1098 1532 1138 poenitentia
1551 1104 1634 1134 sunt,

889 1148 1001 1176 inultam
1026 1146 1239 1175 misericordiam
1259 1145 1384 1184 postulat.
1411 1145 1504 1172 Tertia
1525 1144 1635 1173 demum

890 1205 940 1233 pro
961 1193 1038 1221 nobis
1054 1193 1118 1232 ipsis
1137 1199 1176 1220 est
1191 1204 1197 1219 ε
1210 1199 1235 1220 et
1249 1192 1305 1220 haze
1318 1191 1411 1230 populi
1427 1191 1540 1219 infantes
1556 1191 1636 1219 inno-

890 1239 1118 1274 centes‘inducit,
1141 1239 1228 1267 Deum
1244 1238 1279 1266 ad
1301 1237 1514 1265 misericordiam
1534 1247 1637 1276 provo-

890 1293 988 1314 cantes.
1007 1285 1077 1320 Quia
1092 1285 1162 1313 enim
1177 1295 1224 1312 nos
1241 1291 1347 1323 peccata
1363 1290 1450 1312 nostra
1466 1283 1635 1317 damnamus,

890 1343 938 1371 pro
954 1332 986 1360 iis
998 1331 1044 1369 qui
1063 1331 1179 1359 multum
1193 1337 1337 1369 peccarunt
1349 1337 1373 1358 et
1386 1330 1503 1358 accusari
1519 1329 1616 1357 debent
1627 1352 1634 1365 ,

891 1389 939 1406 nos
950 1388 1090 1417 precamur
1105 1389 1110 1404 τ
1124 1387 1172 1416 pro
1185 1377 1260 1405 nobis
1272 1387 1335 1405 vero
1347 1377 1431 1415 pueri,
1444 1387 1558 1414 quorum
1571 1376 1635 1404 sim-

891 1424 1019 1464 plicitatis
1034 1423 1179 1451 imitatores
1194 1433 1306 1462 regnum
1321 1423 1449 1451 caeloruiu
1465 1430 1634 1462 exspectat.»

1585 1526 1634 1540 2⁴..

750 1621 927 1649 DIATRIBA
951 1621 1000 1649 ΙΙΙ.

298 1726 342 1754 De
354 1726 495 1754 haereticis
505 1732 532 1754 et
544 1726 747 1754 haeresiarchis
764 1727 1020 1766 quossrequenter
1035 1733 1174 1755 memorat
1191 1727 1417 1763 Chrysostomns
1427 1748 1435 1763 ,

660 1780 752 1818 deque
767 1780 885 1808 illorum
902 1781 1071 1808 lzoeresibus.

145 1910 204 1937 Non
217 1908 327 1937 minoris
340 1919 426 1947 operae
440 1909 489 1937 erit
506 1920 539 1937 ex
553 1916 625 1938 tanta
634 1920 744 1949 operum
759 1910 837 1948 sylva

98 1965 140 1990 ea,
156 1965 214 1992 quae
230 1954 329 1993 passim
345 1954 552 1994 Chrysostomus
565 1962 694 1983 memorat
708 1955 741 1984 de
755 1956 838 1984 haere-

99 2000 220 2035 siarchis,
237 2000 271 2029 de
287 2001 432 2029 liaeresibus
446 2008 470 2029 et
485 2001 631 2037 erroribus,
647 2002 696 2040 qui
718 2013 776 2030 aevo
790 2013 838 2031 suo

99 2046 127 2075 in
140 2046 258 2075 Ecclesia
275 2047 405 2075 Orientali
421 2048 621 2085 grassabantur,
639 2048 728 2077 omnia
743 2059 838 2077 excer-

101 2103 163 2132 pere
175 2100 200 2121 et
214 2103 262 2121 suo
275 2093 369 2122 ordine
381 2104 524 2122 recensere.
541 2094 638 2122 Praeter
651 2105 694 2122 eos
709 2094 779 2123 enim
791 2094 839 2132 qui

101 2151 158 2169 aevo
169 2151 216 2169 suo
228 2141 314 2169 exorti
324 2141 442 2174 fuerant,
457 2148 486 2169 ut
497 2142 631 2178 Auomoei‚
645 2142 840 2176 Macedoniani,

102 2186 255 2215 photiniani
264 2199 270 2222 ;
282 2187 441 2216 vetustiores
451 2188 531 2216 etiam
540 2188 637 2216 multos
649 2188 760 2225 inducit,
773 2200 840 2226 quo-

102 2243 162 2260 rum
179 2240 248 2260 secta
263 2232 352 2261 adhuc
369 2233 412 2261 vel
427 2244 583 2270 numerosa,
600 2235 642 2262 vel
658 2235 775 2263 nondum
791 2246 837 2264 ex-

101 2278 195 2306 stincta
205 2285 268 2306 erat.
278 2278 318 2306 Ad
328 2278 385 2307 haec
394 2289 456 2307 vero
463 2290 564 2308 errores
572 2280 640 2308 circa
650 2280 731 2309 fidem
745 2292 840 2319 quam-

101 2323 247 2362 plurimos,
270 2323 315 2361 qui
331 2323 404 2362 apud
418 2324 518 2363 vulgus
532 2325 580 2353 illo
595 2332 713 2365 tempore
727 2337 840 2365 sparge-

101 2370 216 2405 bantur,
236 2369 263 2397 in
284 2369 456 2398 concionibus
475 2371 531 2399 suis
544 2372 662 2410 exagitat
682 2383 712 2400 ac
730 2373 837 2401 refellit.

103 2415 309 2444 Observandum
325 2422 414 2444 autem
436 2416 462 2444 in
477 2416 622 2445 haeresibus
636 2418 691 2447 illis
705 2429 764 2456 quae
781 2425 840 2447 ante

103 2461 182 2489 finem
198 2461 267 2490 tertii
283 2462 370 2490 saeculi
383 2469 481 2490 exortae
496 2462 610 2498 fuerant,
627 2465 725 2493 multos
739 2465 783 2493 hic
794 2465 841 2494 de-

104 2507 232 2546 prehendi
244 2518 344 2536 errores
352 2519 367 2536 a
377 2508 552 2547 scriptoribus
563 2510 640 2538 istius
650 2511 698 2539 aevi
711 2521 841 2549 nusquam

105 2561 274 2582 memoratos.
290 2553 343 2582 Eos
360 2554 429 2582 enim
444 2555 490 2593 qui
506 2555 584 2584 semel
600 2557 634 2585 ab
650 2557 775 2586 Ecclesia²
790 2559 842 2586 Ca-

105 2599 209 2628 tholicae
221 2599 386 2637 auctoritate,
397 2611 455 2639 quae
469 2608 505 2630 cst
519 2612 570 2634 una
583 2613 652 2631 verce
666 2603 728 2632 fidei
740 2614 841 2642 norma,

895 1909 1068 1947 deflexerant,
1086 1911 1113 1939 in
1127 1921 1211 1939 novos
1223 1909 1343 1948 quotidie
1357 1909 1448 1948 lapsus
1461 1908 1585 1938 incidisse
1598 1908 1639 1938 ni-

895 1956 934 1985 hil
949 1958 1059 1985 mirum.

937 2003 1045 2031 Docitas
1067 2012 1118 2030 non
1142 2002 1222 2030 semel
1243 2002 1398 2040 perstringit
1414 2002 1477 2037 ille,
1501 2001 1558 2030 sive
1577 2002 1639 2030 illos

900 2050 945 2087 qui
958 2049 1083 2077 dicebant
1095 2048 1232 2076 Christum
1248 2047 1363 2083 δοκήσει,
1371 2047 1398 2075 id
1411 2055 1458 2084 cst,
1469 2050 1570 2085 specie,
1581 2055 1639 2076 tan-

898 2103 972 2132 tum,
987 2096 1043 2123 sive
1060 2101 1249 2133 apparenter,
1266 2100 1295 2121 ut
1309 2093 1356 2121 alii
1368 2093 1472 2131 dicunt,
1490 2100 1536 2121 aut
1551 2100 1638 2132 puta-

898 2145 963 2176 tive,
982 2148 1011 2169 ut
1022 2142 1059 2169 ait
1070 2141 1199 2175 Irenaeus,
1215 2140 1242 2168 in
1254 2138 1387 2168 mundum
1400 2140 1512 2168 venisse.
1529 2139 1638 2168 Adven-

897 2195 954 2216 tum
974 2188 1044 2215 enim
1056 2209 1064 2223 ,
1086 2186 1169 2215 vitam
1185 2193 1210 2214 et
1226 2193 1337 2214 mortem
1353 2186 1454 2214 Christi
1470 2186 1615 2225 φαντασίαν
1627 2209 1636 2220 ,

895 2235 1084 2272 phantasiam
1101 2239 1202 2260 tantum
1213 2255 1219 2267 ,
1235 2243 1286 2260 non
1302 2243 1357 2260 rem
1372 2242 1434 2260 vere
1445 2239 1545 2270 gestam
1558 2232 1640 2261 fuisse

898 2280 1035 2319 putabant.
1049 2279 1256 2318 Clirysostomus
1267 2289 1329 2307 vero
1341 2289 1401 2306 cum
1413 2278 1489 2314 dicit,
1501 2279 1637 2307 Christum
1651 2292 1791 2322 T·7·1‘·459·

896 2327 1031 2365 sepultum
1043 2326 1129 2354 tribus
1138 2325 1233 2354 diebus
1242 2332 1267 2353 et
1278 2325 1363 2353 tribus
1375 2325 1499 2353 noctibus
1512 2327 1543 2352 in
1554 2326 1639 2354 corde
1650 2326 1674 2346 d.

898 2379 981 2401 terrae
1002 2372 1143 2405 mansisse,
1160 2371 1252 2408 addit,
1267 2372 1312 2400 καὶ
1332 2372 1423 2409 μηδεὶς
1443 2371 1550 2406 δόκησιν
1569 2374 1639 2400 ὑπο-

897 2420 997 2458 πτεύσῃ
1007 2441 1014 2455 ,
1029 2426 1057 2448 et
1071 2429 1154 2447 nemo
1169 2419 1201 2447 id
1210 2421 1304 2456 specie
1319 2424 1428 2446 tantum
1446 2418 1543 2446 sactum
1560 2418 1640 2446 fuisse

897 2466 1056 2505 suspicetur.
1073 2465 1134 2493 Haec
1148 2464 1248 2503 quippe
1263 2464 1370 2492 baeresis
1384 2475 1442 2502 quae
1455 2465 1512 2502 jam
1526 2472 1639 2502 aposto·

898 2511 956 2540 licis
981 2511 1145 2551 temporibus
1166 2518 1222 2539 orta
1245 2511 1346 2543 fuerat,
1373 2521 1430 2539 aevo
1454 2510 1640 2550 Cbrysostomi

899 2558 988 2587 adhuc
1010 2557 1134 2597 vigebat,
1155 2564 1185 2585 ut
1200 2556 1292 2586 videre
1309 2563 1348 2585 est
1363 2556 1481 2585 Homilia
1503 2564 1596 2595 quarta
1612 2557 1640 2586 in
1653 2564 1792 2596 T.12.p.4',.

900 2604 987 2644 Epist.
1009 2604 1044 2633 ad
1059 2604 1202 2633 llebraeos:
1218 2603 1472 2641 ἐγκαλυπτέσῡωσαν
1492 2605 1514 2632 οἱ
1535 2604 1640 2639 δοκήσει
1652 2606 1672 2619 ³·
