1910 2907
0 465 84 486 odoret.

12 504 32 517 c.
48 497 86 518 32.

0 575 47 590 zum
54 585 60 592 .
71 570 87 592 1,

0 617 2 622 ,
17 603 40 628 4.

0 653 22 665 ιη’
33 650 90 672 gesta

0 684 89 697 :cessus-

0 2311 89 2333 *odor-et,

2 2359 6 2362 .
19 2350 38 2363 c.
52 2343 94 2365 32-

650 208 738 232 NUNC
764 209 894 232 PfflMUM
923 209 1120 233 ADORNATA.

101 278 134 299 110
147 268 277 299 liaeretrici
293 270 362 299 intra
385 271 459 299 urbis
473 270 570 299 moenia
587 270 709 300 collectas
723 271 842 300 celebra-

98 323 168 344 rent.
184 317 247 345 Post
262 317 318 345 haee
334 317 368 345 ad
392 318 580 356 Imperatorem
597 327 741 345 conversus
759 318 841 346 suasit

100 362 151 401 ipsi
168 369 197 390 ut
209 363 304 401 legem,
323 374 380 401 (pur.
395 363 523 391 adversus
536 364 648 391 hasreses
664 364 715 391 lata
732 365 817 392 fuerat
834 387 841 398 ,

99 415 186 436 ratam
201 417 317 437 servaret
330 422 336 437 :
352 409 434 438 satius
444 420 499 437 esse
512 409 603 438 dicens
619 410 730 448 imperio
742 410 844 444 cedere,

104 465 183 492 quam
199 455 303 494 prodita
318 457 364 484 Dei
381 456 461 483 domo
476 456 612 494 piaculum
624 456 775 484 admittere.
790 456 844 483 llu-

96 501 215 539 jusmodi
229 501 395 529 sermonibus
407 501 500 529 doctor
514 501 559 529 ille
568 502 640 529 orbis
653 508 793 537 terrarum,
806 502 844 530 sic

100 547 298 583 leodoretus,
312 548 405 577 Gaium
422 559 450 576 os
474 548 627 583 obturavit,
644 555 669 576 et
684 555 768 576 tacere
782 559 843 576 eum

100 594 238 632 compulit.

141 642 194 680 Spe
211 641 300 680 lapsus
318 641 417 669 Gainas
429 664 436 674 ,
449 648 473 670 et
486 641 560 679 quasi
576 641 602 669 in
616 641 733 669 furorem
749 648 822 669 artus
834 663 841 674 ,

100 687 182 715 sidem
199 688 299 715 violare
314 694 338 715 et
354 688 446 715 urbem
463 687 610 726 tlcpraedari
623 688 678 725 jam
696 687 844 715 meditaba-

100 740 152 761 tur.
172 733 238 771 Ejus
255 741 342 761 autem
358 734 477 766 insidias,
491 734 578 772 inquit
595 734 764 769 Sozomenus,
778 744 843 772 pra}-

101 780 233 808 nuntiavit
253 788 376 814 cometes,
400 781 445 819 qui
463 788 524 809 tunc
540 792 620 819 supra
638 780 772 808 civitatem
787 790 844 807 ma-

101 827 192 854 ximus
207 828 340 865 apparuit,
358 838 440 864 nsque
454 826 488 854 ad
501 834 595 854 terram
613 827 665 854 fere
676 826 842 865 pertingens,

99 881 123 901 et
136 873 223 911 qualis
236 883 382 910 numquam
397 880 472 901 autea
485 873 559 901 visus
574 873 653 900 fuisse
667 877 842 899 memoratur.

101 922 138 948 Ac
153 919 356 958 primoquidem
368 920 580 957 argentariorum
596 918 718 946 officinas
734 916 844 945 invade-

100 976 130 994 re
149 965 278 1001 tentabat,
294 965 439 992 maximam
455 976 482 992 se
501 964 619 1003 pecuniae
633 973 765 992 summam
782 963 844 990 lllth

102 1012 275 1040 collecturum
290 1022 409 1050 sperans.
419 1012 583 1039 Cumautem
597 1021 705 1038 rumore
713 1010 804 1037 nuntio
818 1010 843 1037 in

98 1058 220 1086 notitiam
238 1057 350 1086 venisset
371 1057 447 1085 illum
463 1057 526 1085 talia
543 1056 684 1092 meditari,
701 1056 844 1094 argentarii

98 1104 126 1132 in
145 1104 255 1132 latebris
269 1103 358 1131 omnia
379 1113 513 1142 posuere:
532 1102 568 1130 ita
584 1103 670 1130 omnis
691 1102 757 1129 lucri
782 1101 844 1129 inde

103 1151 268 1190 percipiendi
278 1162 336 1190 spes
353 1151 404 1190 ipsi
420 1151 627 1179 awulaviLTnm
647 1160 693 1178 ceu
703 1149 776 1177 rabie
787 1160 844 1177 ror<

102 1204 192 1231 reptus
208 1197 325 1231 Gainas,
341 1197 396 1224 suis
412 1196 550 1224 mandavit
570 1203 598 1224 ut
613 1196 750 1234 imperiale
767 1195 844 1233 pala—

104 1244 171 1270 tium
184 1242 362 1270 incenderent.
381 1242 430 1270 Hic
443 1253 504 1270 vcro
520 1253 575 1270 rem
592 1241 716 1281 prodigio
729 1241 843 1269 similem

103 1295 193 1316 narrat
214 1288 389 1322 Sozomcnus;
405 1299 499 1326 nempe
514 1288 647 1326 ingentem
663 1287 779 1315 militum
792 1297 844 1314 nu—

103 1345 206 1363 merum
218 1341 278 1362 ante
287 1334 415 1373 palatium
429 1334 560 1362 divinitus
572 1334 762 1372 comparuisse,
780 1333 843 1360 bar—

102 1381 233 1418 barosque
249 1388 273 1408 et
298 1381 414 1409 Gainam
436 1380 523 1419 ipsum
540 1391 572 1408 ne
589 1387 672 1419 empta
688 1380 844 1419 perlicerent

102 1426 270 1457 deterruisse,
281 1426 385 1463 aliaque
401 1432 554 1463 narratquae
567 1426 685 1454 fabulam
702 1436 792 1465 sapere
803 1426 844 1454 vi-

101 1473 207 1501 dentur.
224 1472 306 1500 Addit
319 1473 479 1500 sozomenus
494 1473 657 1500 exbarbaris
673 1472 727 1500 illis
742 1472 806 1500 alios
819 1472 844 1499 in

103 1519 170 1547 urbe
181 1519 315 1553 mansisse,
330 1519 396 1546 alios
411 1529 472 1546 cum
494 1518 580 1547 Gaina
598 1528 716 1556 egressos
729 1529 799 1551 esse,
821 1524 846 1545 et

103 1565 255 1593 clanculum
268 1575 341 1592 arma
354 1565 380 1592 iu
398 1564 528 1593 vehiculis
546 1565 713 1598 feminarum,
725 1563 844 1592 01111110-

103 1611 146 1639 liis
157 1611 207 1639 tela
222 1611 411 1650 exportarissc.
430 1610 481 1639 Sed
497 1621 557 1639 cum
571 1610 728 1649 deprehensi
746 1617 844 1647 essent,

103 1664 240 1696 portarum
263 1656 399 1692 custodes,
417 1656 503 1695 inquit
519 1657 573 1692 ille,
594 1657 639 1695 qui
657 1667 688 1685 ne
710 1668 783 1685 arma
798 1668 846 1685 ex-

104 1709 241 1742 portarent
253 1702 440 1741 prohibebant,
460 1702 655 1731 interfecerunt.
675 1703 770 1740 Ingens
783 1709 845 1730 tunc

105 1749 237 1777 tumultus
254 1759 284 1777 ac
301 1756 385 1777 terror
398 1760 488 1777 omnes
508 1749 624 1785 invasit,
645 1749 720 1787 quasi
733 1749 845 1788 jamjam

105 1795 169 1823 urbs
194 1794 320 1833 capienda
337 1802 362 1823 et
381 1794 525 1831 expilanda
543 1802 617 1823 esset.
644 1797 678 1823 At
698 1796 846 1834 Imperator

110 1840 253 1876 Arcadius,
269 1840 370 1878 optimo
386 1847 448 1868 tunc
460 1851 524 1868 usus
537 1841 656 1876 consilio,
668 1840 782 1869 Gainam
793 1841 844 1869 ho-

104 1892 170 1913 stem
181 1885 345 1920 declaravit,
358 1886 497 1923 barbaros,
511 1887 558 1924 qui
573 1887 600 1914 in
616 1887 682 1915 urbe
700 1894 784 1922 erant,
799 1898 844 1915 oc-

105 1931 246 1970 eidijnssit
260 1943 265 1958 1
279 1931 429 1969 militesque
441 1933 540 1971 impetu
555 1933 580 1960 in
601 1933 661 1960 illos
674 1934 844 1962 [1101011111ςί-

105 1988 175 2005 mam
191 1977 298 2005 illorum
309 1985 409 2016 partem
424 1977 605 2014 trucidavere3
619 1979 755 2007 ecclesiam
769 1990 842 2015 vero,

106 2023 492 2062 quaedicebaturGotthorum‚
506 2024 626 2053 incendio
634 2032 844 2061 consumserunt,

105 2070 132 2098 in
145 2080 195 2107 qua
210 2069 393 2098 Gotthimulti
408 2070 521 2098 flammis
537 2070 628 2098 traditi
639 2070 749 2109 periere}
768 2071 845 2099 Post-

103 2126 134 2144 ea
148 2126 210 2144 vero
219 2116 379 2144 Sozomenus
391 2116 485 2145 Gainae
497 2124 567 2155 gesta
578 2123 704 2152 recenset,
718 2123 741 2144 et
756 2117 844 2144 omnia

106 2162 197 2200 paucis
209 2162 375 2200 persequitur
386 2162 418 2190 ad
435 2163 597 2200 usqueejusc
606 2162 692 2191 ladem
703 2169 727 2191 et
743 2173 842 2191 necem.

105 2208 137 2235 ln
151 2207 184 2235 iis
197 2218 260 2236 vero
274 2218 333 2246 quae
348 2215 448 2243 narrat,
465 2208 588 2246 quaedam
604 2219 666 2238 vera
680 2219 736 2237 esse
747 2209 844 2238 viden-

104 2259 159 2288 tur,
171 2253 216 2282 sed
231 2254 304 2282 salsis
318 2254 483 2282 intermixta.

146 2300 208 2328 Alia
229 2306 319 2329 narrat
336 2300 529 2330 Theodoretus.
546 2302 614 2329 Cum
629 2301 731 2330 Gainas
754 2301 804 2330 sibi
821 2308 846 2329 et

108 2346 164 2375 suis
184 2346 322 2374 eeclesiam
343 2346 480 2384 postulans
492 2369 499 2383 ‚
516 2347 573 2385 ejus
592 2347 729 2386 potiundae
744 2357 790 2386 spe
802 2347 844 2375 la-

106 2402 171 2432 psus
198 2398 278 2427 esset,
297 2391 443 2429 aliquando
464 2400 523 2431 post
548 2400 667 2431 tempore
686 2393 711 2420 in
727 2400 845 2431 apertam

108 2437 280 2477 tyrannidem
305 2438 408 2476 erupit,
437 2438 600 2476 collectoque
625 2449 671 2478 per
700 2439 845 2467 Thraciam

107 2484 227 2512 exercitu
239 2505 248 2517 ‚
264 2490 368 2511 vastare
383 2484 471 2512 omnia
497 2492 523 2512 et
542 2485 662 2523 praedari
680 2487 768 2524 coepit.
785 2487 844 2521 Qua

106 2541 136 2558 re
157 2529 298 2565 nuntiata,
324 2536 396 2557 metu
423 2540 514 2558 omnes
536 2531 652 2569 perculsi
681 2538 766 2559 sunt:
792 2539 846 2560 tam

107 2577 270 2615 optimates,
291 2586 372 2613 quam
400 2576 529 2615 populum
549 2583 634 2605 terror
660 2577 767 2605 invasit.
794 2578 847 2606 Ne-

107 2632 158 2660 que
176 2621 248 2650 ullus
259 2628 314 2650 crat
329 2621 374 2659 qui
387 2622 477 2660 praelio
491 2633 551 2652 cum
563 2623 610 2652 1110
624 2623 749 2662 congredi
761 2624 849 2663 vellet,

268 2671 339 2689 TOM.
363 2672 390 2689 X!
399 2672 404 2688 1
413 2673 419 2690 Ι
427 2683 432 2690 ι

1572 200 1632 234 161

900 281 977 300 1101110
992 272 1037 310 qui
1052 272 1209 311 legationem
1232 271 1265 300 ad
1290 271 1367 300 illum
1387 272 1462 300 obire
1476 279 1563 301 tntum
1582 283 1642 302 cre-

899 316 981 353 deret,
1000 317 1071 356 quod
1091 318 1235 346 barbarum
1249 318 1306 357 ejus
1320 317 1441 346 animum
1455 328 1544 346 omnes
1559 319 1643 347 resor-

901 363 1041 392 midarent.
1053 365 1121 392 Cum
1133 374 1196 402 ergo
1206 363 1233 392 id
1249 363 1347 401 negotii
1361 373 1438 391 nemo
1451 364 1585 403 suscipere
1599 375 1643 392 au-

898 409 1022 444 deret,ad
1040 410 1203 449 intrepidum
1216 410 1438 449 Chrysostomum
1453 410 1516 445 itur,
1527 411 1585 448 qui,
1595 411 1641 438 etsi

900 455 956 493 ipse
970 456 1104 494 praecipua
1120 456 1218 484 irarum
1240 466 1316 484 causa
1333 456 1432 490 fuerat,
1452 456 1478 484 in
1496 456 1641 484 Thraciam

899 500 949 528 iter
962 501 1088 540 suscepit,
1105 502 1272 540 Gainamque
1283 501 1359 532 adiit.
1377 502 1428 530 Hic
1439 513 1501 530 vero
1517 502 1602 539 magis
1612 513 1643 531 ac

900 548 985 585 magis
1008 549 1114 583 enituit,
1132 555 1263 586 quantum
1287 548 1374 576 valcat
1389 548 1490 582 virtus,
1513 555 1642 586 quantuni

900 593 999 622 sincera
1018 595 1118 633 pietas,
1135 605 1197 632 erga
1221 594 1280 622 illos
1300 594 1380 622 etiam
1395 605 1462 632 quos
1486 594 1643 633 impugnare

900 640 1012 677 cogitur.
1025 640 1126 668 Gainas
1140 639 1271 668 barbarus
1286 647 1309 668 et
1324 647 1462 679 tyrannus,
1478 641 1534 679 ejus
1553 640 1643 679 pristi-

900 695 961 712 nam
977 696 1025 723 pro
1039 686 1144 724 pietatis
1156 686 1307 713 defensione
1321 686 1496 713 constantiam
1514 686 1642 714 memoria

899 738 1032 770 repetens,
1050 731 1143 760 libenti
1165 732 1254 759 animo
1270 732 1296 759 111
1312 742 1451 759 occursum
1471 733 1529 769 ejus
1546 733 1618 760 venit
1632 755 1639 767 ,

900 778 1008 816 ejusque
1032 777 1169 813 dexteram
1192 777 1276 805 0011115
1292 777 1347 805 51115
1362 777 1508 816 imposuit,
1525 785 1549 805 et
1573 778 1642 806 111105

899 834 961 851 suos
981 824 1061 851 sacris
1083 824 1156 851 illius
1177 824 1288 861 genibus
1310 823 1452 851 admovit:
1469 823 1534 851 adeo
1555 824 1642 852 virtus

899 869 941 897 vel
965 869 1134 897 infestissimo
1151 869 1248 907 cuique
1271 869 1450 897 reverentiam
1469 880 1499 898 ac
1515 877 1642 898 terrorem

899 914 1007 953 injicere
1015 915 1108 954 possit.
1118 914 1201 943 Addit
1217 915 1350 952 Georgius
1364 915 1563 944 Alexandrinus
1575 917 1644 945 Gai-

900 973 960 991 nam
972 970 1035 992 tunc
1044 974 1117 991 arma
1128 963 1284 1002 deposuisse
1299 974 1306 992 ε
1323 963 1394 1001 quod
1408 964 1581 992 salsissimum
1594 971 1641 993 est.

900 1010 1001 1038 Verum
1014 1009 1147 1037 fabulator
1159 1010 1203 1038 ille
1213 1010 1279 1037 nihil
1289 1020 1383 1038 sanum
1395 1009 1472 1043 dicit,
1482 1010 1532 1038 nisi
1544 1021 1573 1038 ca
1583 1021 1642 1048 quae

899 1066 930 1084 ex
957 1056 1080 1089 Socrate,
1102 1055 1264 1090 Sozomeno,
1281 1056 1450 1084 Theodoreto
1474 1063 1497 1084 et
1519 1056 1642 1084 Palladio

900 1108 1047 1135 mutuatur,
1063 1112 1121 1139 quae
1136 1101 1215 1129 etiam
1228 1112 1297 1140 saipe
1310 1101 1457 1140 depravare
1467 1101 1540 1136 solet,
1550 1108 1579 1129 ut
1592 1101 1643 1129 ini-

898 1147 935 1175 tio
954 1147 1083 1175 diximus.
1108 1147 1208 1176 Gainas
1234 1148 1303 1176 enim
1321 1148 1346 1175 in
1364 1155 1449 1186 ccepto
1466 1148 1581 1187 perstitit
1597 1159 1643 1176 nec

899 1204 972 1221 arma
988 1194 1088 1232 posuit,
1104 1194 1188 1221 donec
1204 1193 1290 1221 victus
1303 1205 1436 1232 cmsusque
1452 1194 1511 1222 suit.

938 1241 998 1269 Jam
1010 1238 1044 1267 ad
1059 1240 1205 1267 Asiaticum
1217 1240 1353 1277 negotium
1371 1241 1518 1275 veniamus,
1534 1241 1603 1279 quod
1615 1242 1640 1270 in

899 1285 1008 1314 Oriente
1023 1285 1155 1313 tumultus
1171 1286 1402 1324 dissensionesque
1417 1287 1514 1314 multas
1536 1287 1641 1315 excita-

899 1332 948 1367 vit,
965 1331 1126 1369 demumque
1140 1332 1364 1370 Chrysostomum
1381 1332 1407 1360 in
1430 1332 1521 1360 Asiam
1537 1333 1585 1361 iter
1599 1334 1643 1361 sa-

899 1387 957 1405 0010
972 1377 1064 1414 ibique
1081 1387 1167 1404 moras
1179 1377 1286 1405 trahere
1300 1378 1403 1416 coegit:
1418 1379 1490 1415 quod
1506 1379 1555 1417 ipsi
1574 1390 1645 1408 mru-

902 1433 1026 1451 mnarum
1048 1429 1072 1451 et
1098 1423 1279 1451 calamitatum
1300 1424 1407 1452 initium
1423 1424 1481 1452 suit.
1499 1425 1644 1454 Historiam

900 1479 951 1507 que
974 1475 1093 1497 texemus
1119 1479 1150 1496 ex
1170 1476 1278 1496 narratu
1302 1470 1415 1497 Palladii
1432 1470 1642 1509 Helenopolitani

899 1515 1029 1554 episcopi,
1043 1515 1089 1552 qui
1105 1515 1262 1553 plerumque
1280 1515 1357 1543 rebus
1372 1515 1438 1554 ipsis
1453 1515 1581 1545 interfuit.

939 1561 1090 1589 Indictione
1110 1561 1213 1588 decima
1230 1560 1304 1588 tertia
1322 1564 1428 1596 (mense
1442 1561 1547 1590 circiter
1570 1563 1643 1591 Maio

900 1611 961 1637 anni
976 1610 1052 1644 400)
1066 1608 1317 1647 Constantinopolin
1335 1616 1463 1637 venerunt
1479 1610 1568 1638 Asiani
1583 1610 1642 1649 epi-

900 1655 981 1694 scopi.
998 1655 1117 1692 aliosque
1138 1654 1276 1693 episcopos
1290 1655 1337 1692 qui
1359 1662 1423 1682 tune
1445 1655 1470 1683 in
1488 1655 1553 1683 urbe
1568 1663 1642 1684 erant

900 1707 1090 1737 convenerunt,
1106 1700 1260 1728 Palladium
1276 1711 1370 1739 nempe
1382 1701 1642 1740 Helenopolitanum‚

901 1747 1074 1776 Theotimum
1084 1757 1118 1776 ex
1126 1746 1250 1786 Scythia.
1265 1748 1421 1774 Ammonem
1438 1747 1597 1786 AEgyptium
1609 1759 1643 1776 ex

900 1793 1026 1829 Thracia,
1036 1793 1198 1821 Arabianum
1210 1804 1243 1820 ex
1251 1793 1357 1821 Galatia
1370 1800 1393 1820 et
1406 1793 1483 1827 alios,
1493 1793 1538 1831 qui
1550 1804 1642 1822 omnes

899 1839 995 1878 viginti
1009 1839 1063 1867 duo
1078 1845 1163 1872 erant,
1187 1838 1286 1876 quibus
1301 1846 1411 1877 praeerat
1424 1840 1538 1868 ,Ioannes
1553 1846 1641 1867 noster

899 1885 1209 1924 Constantinopolitanus
1221 1884 1372 1923 episcopus.
1388 1885 1424 1912 Iis
1439 1885 1538 1913 veroin
1550 1886 1640 1924 Syno-

898 1931 933 1960 (10
949 1932 1115 1970 congrcgatis
1130 1931 1262 1958 Eusebius
1273 1930 1555 1969 Valentinopolitanus
1565 1931 1640 1960 libel-

898 1977 938 2006 los
948 1977 1068 2010 tradidit,
1084 1983 1174 2004 contra
1192 1977 1356 2004 Antoninum
1370 1976 1471 2015 Ephesi
1481 1977 1637 2016 episcopum

899 2030 999 2063 septem
1011 2022 1096 2061 capita
1114 2022 1333 2060 complectentes:
1349 2022 1436 2060 primo
1450 2023 1524 2060 quod
1540 2023 1640 2052 confla-

901 2070 933 2098 tis
945 2069 1024 2097 sacris
1038 2068 1109 2096 vasis
1123 2075 1263 2106 argentum
1278 2067 1339 2096 inde
1352 2069 1511 2106 proveniens
1524 2069 1549 2097 in
1561 2080 1640 2098 usum

900 2115 950 2144 filii
964 2115 1004 2143 sui
1017 2114 1189 2143 convertisset
1203 2125 1208 2140 :
1226 2113 1352 2149 seeundo⁷
1367 2114 1439 2152 quod
1455 2115 1592 2144 sublatum
1606 2126 1641 2144 ex

899 2162 1018 2199 ingressu
1024 2159 1171 2198 baptisterii
1179 2170 1295 2188 marmor
1308 2159 1333 2188 in
1342 2160 1465 2189 balneum
1474 2171 1551 2189 suum
1560 2168 1640 2190 trans-

900 2207 1020 2235 tulisset:
1037 2206 1122 2240 tertio‚
1133 2205 1208 2243 quod
1222 2206 1352 2234 Ecclesiae
1372 2207 1523 2242 columnas,
1537 2219 1550 2235 a
1564 2208 1638 2236 mul-

900 2254 932 2281 tis
949 2252 1025 2280 annis
1038 2252 1167 2289 jacentes,
1179 2251 1246 2279 intra
1267 2251 1414 2280 triclinium
1434 2263 1512 2281 suum
1529 2254 1637 2292 posuis-

900 2305 958 2326 set:
977 2304 1087 2335 quarto,
1107 2296 1178 2334 quod
1204 2307 1271 2336 puer
1291 2297 1348 2336 ejus
1373 2298 1470 2326 eaedem
1497 2306 1638 2338 patrasset,

899 2354 977 2382 quem
993 2343 1082 2371 adhue
1103 2343 1148 2371 ille
1164 2343 1189 2371 in
1205 2343 1352 2372 ministerio
1373 2345 1512 2373 retineret:
1529 2347 1637 2383 quinto,

899 2389 970 2429 quod
994 2388 1094 2428 praedia
1111 2388 1235 2417 Ecclesiae
1249 2389 1341 2418 relicta
1356 2400 1371 2418 a
1394 2391 1511 2419 Basilina
1535 2392 1639 2422 Juliani

899 2435 1068 2475 Imperatoris
1091 2442 1175 2463 matre
1190 2434 1372 2468 vendidisset,
1394 2437 1563 2475 pretiumque
1584 2439 1637 2467 sibi

899 2482 1070 2513 vindicasset:
1090 2488 1181 2516 sexto,
1194 2481 1267 2519 quod
1283 2481 1394 2509 dimissa
1410 2493 1492 2510 uxore
1506 2493 1563 2519 sna,
1577 2494 1638 2511 cum

901 2541 929 2559 ca
946 2538 1038 2557 rursus
1053 2538 1208 2566 congressus
1223 2534 1299 2564 esset,
1317 2527 1440 2565 filiosque
1454 2536 1616 2566 procreasset
1629 2540 1636 2556 τ

901 2577 1024 2616 septimo,
1042 2574 1113 2615 quod
1129 2573 1204 2612 quasi
1214 2573 1270 2612 lege
1283 2572 1333 2601 sibi
1345 2575 1519 2601 constitutum
1534 2582 1599 2603 essct
1610 2581 1640 2602 ut

903 2623 1085 2652 ordinationes
1108 2620 1312 2659 episcoporum,
1338 2618 1483 2647 secundum
1505 2619 1641 2649 redituum

1466 2660 1475 2686 1
1489 2661 1494 2685 1

1675 1245 1794 1268 Asiaticum

1653 1279 1772 1304 negotium.

1684 1573 1793 1594 Palladius

1655 1610 1676 1631 p.
1689 1605 1736 1626 120⁴.
1746 1612 1793 1633 sqq.
