1884 2922
250 203 317 249 372

251 275 298 303 ,ιόν
316 277 385 311 ἐστι,
398 275 425 304 in
444 279 509 305 Acta
530 274 647 313 Apostol.
668 272 768 300 Ilomil.
793 275 817 299 1.
833 277 852 298 t.
872 272 900 300 9.
915 280 941 309 p.
959 273 984 298 1.

289 321 388 350 Πολλοὶ
420 323 471 350 τῶν
496 320 638 358 ἀνθρώπων
658 319 719 346 ὅταν
743 316 816 345 ἴδωσί
840 327 911 348 τινας
933 317 984 344 τῶν

251 369 356 405 eipso-x„
373 367 399 394 in
420 368 496 396 Joan.
525 366 602 393 Hom.
618 367 665 393 72.
681 370 699 392 t.
723 366 750 392 8.
771 373 797 401 p.
816 363 882 392 368.
905 360 985 390 *Sub

249 412 342 440 Basilii
364 411 538 440 seleuciensis
561 410 667 438 nominc
689 409 769 437 ctiam
792 408 895 447 prodiit
923 417 985 436 cum

249 458 370 485 versione
384 457 529 495 Dausqueii
544 457 622 484 Hom.
639 455 758 485 40.Vid.
774 454 902 494 supra⁶O
918 455 986 483 πολ-

248 504 324 536 λάκις
337 500 418 537 εἶπον,
432 506 507 531 τοῦτο
522 503 567 531 καὶ
580 505 624 530 νῦν
634 504 695 539 ἐρῶ.

287 549 385 577 Πολλοὶ
401 550 452 576 τῶν
475 547 665 587 ἀσθενεστέρων
685 546 828 586 ἀνθρώπων
843 546 907 585 πρὸς
922 546 985 584 μέν,

249 595 275 622 in
291 594 341 633 Ep.
358 597 375 623 2
389 594 423 622 ad
439 594 558 622 Timoth.
574 594 654 622 Hom.
671 595 697 622 5.
709 599 728 621 t.
742 596 788 621 11.
802 603 828 631 p.
844 594 911 622 685.

289 640 387 669 Πολλοὶ
402 642 454 668 τῶν
469 640 533 679 παρ’
553 642 617 678 ἡμῖν
636 639 780 678 ἀνθρώπων
797 641 829 675 τῇ
842 637 939 677 σαρκί,
951 636 985 665 de

248 687 338 715 futuro
351 685 469 723 ιῙιιάἰοίο,
484 686 585 724 Ecloga
600 687 648 715 25.
661 692 681 713 t.
699 687 745 714 12.
760 695 786 725 p.
797 685 864 714 610.

289 731 389 760 Πολλοὶ
403 734 454 760 τῶν
464 731 572 770 πόρναις
587 730 770 770 προσεχόντων
778 732 805 759 οὐ
814 729 857 758 τὸν
871 728 985 763 αἰώνιον,

249 777 282 806 de
296 777 469 812 mulieribus,
485 777 518 805 de
533 776 738 805 pulchritudine
751 783 775 804 et
790 786 884 808 uxore,
896 775 986 803 Eclo-

248 834 286 860 ga
304 825 417 862 spuria,
430 824 476 851 hic
491 825 607 852 omissa.
623 823 635 837 *
645 822 736 852 Vertit
748 822 858 851 Martin.
872 822 984 850 Crome-

249 879 306 903 rus,
323 869 404 897 Basil.
422 871 505 899 1552.

288 914 388 943 Πολλοὶ
407 916 458 942 τῶν
475 914 656 953 ῥᾳθυμοτέρων
672 914 706 947 εἷς
726 912 924 954 ἁμαρτημάτων
937 934 945 948 ,
959 912 986 940 in

249 962 325 991 Joau.
340 961 419 990 Hom.
437 963 483 991 28.
499 968 519 990 t.
537 964 563 991 8.
578 972 605 1000 p.
623 962 687 991 158.

289 1007 399 1042 Πολλοὶ,
410 1007 484 1045 φησὶ,
501 1009 633 1046 προφῆται
645 1007 690 1035 καὶ
700 1006 795 1035 δίκαιοι
807 1005 986 1044 ἐπεθύμησαν,

250 1053 276 1081 iu
292 1052 344 1091 Ep.
359 1052 395 1080 ad
409 1053 490 1081 Hebr.
505 1053 584 1081 Hom.
600 1054 646 1082 26.
662 1059 683 1080 t.
702 1055 749 1082 12.
761 1063 789 1091 Ρ.
806 1053 872 1082 235.

289 1099 394 1127 Πολλοῦ
410 1099 440 1126 ἂν
456 1099 588 1138 ἐπριάμην
607 1099 668 1127 ἷδεῖν
688 1110 733 1127 σου
755 1099 803 1134 τὴν
826 1098 987 1136 ἐμμέλειαν,

250 1144 373 1181 Diogeni,
383 1155 422 1183 op.
438 1145 502 1175 134.
515 1151 534 1172 t.
551 1147 577 1174 3.
593 1155 619 1183 p.
636 1146 702 1174 678.

290 1190 405 1222 Πολλοὺς
423 1186 490 1218 εἶδον
509 1191 650 1228 χαίροντας
668 1190 712 1218 καὶ
731 1191 796 1230 πρὸς
811 1191 948 1227 ἀλλήλους,
962 1190 988 1219 in

250 1236 357 1264 Statuas
369 1236 448 1264 Hom.
468 1238 514 1265 18.
532 1243 550 1264 t.
566 1238 594 1265 2.
613 1238 719 1275 p.180.

289 1281 407 1314 Πολλοὺς
422 1282 466 1310 καὶ
479 1282 630 1321 διαφόρους,
646 1281 680 1309 de
696 1281 853 1310 Gratiarum
868 1281 988 1317 actione,

250 1329 349 1365 spuria
365 1334 392 1355 et
407 1329 524 1356 omissa.

290 1373 409 1406 Πολλοὺς
419 1373 463 1401 καὶ
475 1377 591 1412 συνεχεῖς
607 1373 715 1411 ἵδρωσεν
728 1373 849 1411 ἵδρωτας,
861 1375 989 1412 Agapeto‚

252 1431 295 1459 ep.
308 1422 371 1449 175.
382 1426 401 1447 t.
417 1421 444 1449 3.
457 1430 484 1458 p.
499 1420 565 1448 699.

292 1465 409 1498 Πολλοὺς
424 1465 468 1493 καὶ
479 1466 530 1493 τῶν
545 1465 645 1504 σφόδρα
658 1464 801 1493 δοκούντων
809 1460 875 1494 εἶναι
885 1466 988 1501 meua,

253 1513 279 1540 in
295 1511 346 1550 Ep.
362 1511 397 1539 ad
412 1512 489 1539 Rom.
502 1510 580 1539 Hom.
596 1513 644 1540 31.
662 1517 680 1538 t.
697 1512 724 1539 9.
739 1521 765 1549 p.
784 1510 850 1539 744.

293 1556 408 1589 Πολλοὺς
422 1553 496 1593 οἶμαι
507 1558 559 1584 τῶν
578 1556 669 1595 πρῴην
687 1556 887 1585 καταλιπόντων
902 1559 973 1594 ἡμᾶς
982 1578 990 1591 ,

254 1607 281 1634 in
296 1605 386 1634 David
401 1611 425 1632 et
439 1604 505 1633 Saul
514 1604 594 1632 Hom.
608 1606 636 1633 3.
649 1610 666 1631 t.
685 1603 712 1632 4.
729 1615 757 1642 p.
775 1604 919 1633 768.Vid.
935 1614 992 1642 seq.

293 1650 410 1683 Πολλοὺς
425 1646 498 1687 οἶμαι
511 1651 561 1678 τῶν
577 1650 774 1678 καταλιπόντων
791 1652 861 1687 ἡμᾶς
872 1650 916 1679 καὶ
930 1651 994 1689 πρὸς

255 1697 289 1726 τὰ
304 1697 401 1735 θέατρα
413 1719 420 1732 ,
436 1695 518 1732 Quod
533 1706 585 1724 non
599 1696 633 1724 sit
643 1695 678 1723 ad
690 1695 793 1724 theatra
805 1696 905 1731 aeced.‚
922 1703 948 1725 et
961 1696 995 1725 de

257 1743 419 1778 Abraham,
431 1744 538 1780 spuria,
547 1749 568 1770 t.
582 1743 609 1771 6.
618 1752 643 1780 Ρ.
654 1743 722 1771 557.
736 1742 903 1770 Prooemium
915 1752 997 1780 usquo

257 1789 290 1818 ad
301 1800 329 1828 p.
342 1790 409 1819 559.
425 1789 461 1818 D.
475 1798 509 1816 ex
523 1787 682 1827 praecedenti
700 1787 772 1816 hom.
792 1788 934 1827 repetitum
949 1796 996 1817 est.

297 1834 414 1867 Πολλοὺς
431 1836 483 1863 τῶν
501 1833 646 1872 ἀνθρώπων
663 1834 766 1872 θορυὲεῑ
781 1834 819 1862 ἔτι
834 1835 878 1863 καὶ
897 1838 957 1871 νῦν,
970 1835 996 1864 in

258 1881 309 1920 Ep.
326 1883 344 1910 2
358 1880 393 1908 ad
409 1880 531 1909 Timoth.
547 1879 625 1908 Hom.
637 1881 665 1908 6.
679 1886 698 1907 t.
718 1883 762 1908 11.
776 1891 803 1919 p.
819 1881 887 1910 691.

299 1927 416 1960 Πολλοὺς
428 1929 488 1964 ὑμῖν
501 1949 509 1962 ,
524 1926 674 1964 ἀγαπητοὶ,
686 1926 812 1958 πολλάκις
827 1948 834 1962 ,
844 1926 870 1954 in
888 1927 916 1955 S.
929 1928 996 1956 Pau-

259 1973 326 2007 lum,
341 1973 440 2011 spuria
450 1979 476 2001 et
491 1974 609 2000 omissa.

300 2018 416 2050 Πολλοὺς
432 2019 504 2056 ὑμῶν
522 2013 596 2055 οἶμαι
614 2017 754 2055 θαυμάζειν
773 2018 817 2046 ἐπὶ
832 2018 878 2054 τὴν
891 2031 999 2058 περικο-

261 2065 323 2099 πήν,
336 2064 362 2092 in
377 2063 458 2099 illud,
474 2064 608 2093 Salutate
620 2064 800 2098 Priscillam,
812 2070 830 2092 t.
845 2067 874 2094 3.
889 2075 915 2104 p.
930 2067 996 2094 172.

302 2111 404 2138 Πολλοῦ
419 2109 449 2138 τὸ
468 2109 604 2148 προοίμιον
617 2109 692 2147 γέμει
708 2112 789 2147 θυμοῦ
802 2110 847 2138 καὶ
865 2111 979 2149 μεγάλου
993 2134 999 2146 ,

263 2157 291 2185 in
304 2155 357 2194 Ep.
372 2155 406 2183 ad
418 2155 529 2184 Galatas
540 2165 598 2193 cap.
618 2158 643 2184 1.
656 2161 674 2182 t.
693 2158 736 2185 10.
753 2165 779 2193 p.
793 2156 859 2185 657.

302 2201 407 2228 Πολλοῦ
422 2202 465 2228 τοῦ
485 2200 589 2237 μέλιτος
603 2199 650 2234 τὴν
670 2199 809 2234 ἐπιστολὴν
829 2200 979 2240 ἁνέχρωσας
991 2223 998 2237 ,

266 2245 419 2274 Theodosio
432 2256 465 2273 ex
480 2245 612 2279 Ducibus,
627 2255 668 2284 ep.
684 2247 731 2274 58.
745 2251 766 2273 t.
785 2247 812 2276 3.
826 2257 853 2285 p.
869 2247 937 2276 625.

305 2291 415 2318 Πολλῶν
436 2290 522 2319 ἀκούω
536 2290 665 2328 λεγόντων
677 2313 684 2326 ‚
696 2290 735 2319 ὅτι
758 2291 883 2330 παρόντες
895 2292 942 2329 μέν
952 2315 960 2328 ,
972 2292 999 2320 in

266 2336 364 2364 Matth.
381 2337 459 2364 Hom.
480 2339 508 2365 5.
524 2343 542 2364 t.
561 2339 586 2365 7.
603 2347 630 2375 p.
645 2339 690 2365 71.

304 2383 318 2396 '⁶
335 2381 421 2410 Πολὶιν
441 2382 551 2419 ἔσίγησα
573 2383 665 2420 χρόνον
681 2382 726 2410 καὶ
746 2382 789 2411 διὰ
804 2387 916 2422 μακροῦ,
931 2384 1000 2412 Cum

266 2427 425 2458 Saturninus
437 2434 461 2455 ct
478 2427 635 2455 Aurelianus
648 2435 698 2456 etc.
714 2435 731 2455 t.
747 2431 774 2458 3.
787 2439 816 2467 p.
831 2429 898 2458 405.

305 2473 392 2502 Πολὺν
413 2472 548 2510 ποιώμεθα
564 2475 614 2501 τῶν
636 2476 834 2510 πνευματικῶν,
851 2475 998 2513 ἀγαπητοὶ,

265 2520 351 2556 λόγον,
366 2519 479 2548 iuJonn.
495 2518 573 2546 Hom.
592 2518 637 2547 41.
654 2525 673 2546 t.
689 2522 716 2548 8.
733 2531 758 2558 p.
775 2520 840 2549 242.

307 2565 393 2594 nolim
410 2568 454 2593 τοῦ
469 2564 623 2602 πράγματος
638 2564 728 2592 τούτου
748 2570 859 2594 ποιεῖται
874 2566 960 2605 λόγον,
973 2566 998 2594 in

269 2611 320 2644 Ep.
337 2616 373 2640 ad
391 2611 500 2640 Romu.
515 2610 591 2639 Huni.
604 2612 649 2640 223.
662 2616 679 2638 t.
695 2612 721 2638 9.
734 2621 758 2649 p.
774 2612 838 2640 685.

733 212 761 233 S.
791 209 930 233 JOANMS
956 208 1137 232 CHRYSOST.
1166 209 1300 232 OPERUM

1082 270 1169 299 Πολὺν
1182 272 1400 309 ὑπομεμενήκατε
1415 271 1493 300 πόνον
1510 270 1612 309 μακρὰν
1625 269 1692 299 οὕτω
1701 291 1709 306 ,
1718 269 1777 298 Ro-

1041 316 1128 345 manis
1143 317 1317 356 presbyteris,
1330 328 1374 357 ep.
1390 319 1454 347 161.
1466 324 1485 345 t.
1499 320 1527 347 3.
1544 328 1573 356 p.
1589 318 1657 347 692.

1079 361 1165 391 Πολὺν
1180 363 1246 402 ὑπὲρ
1259 365 1310 392 τῶν
1328 365 1419 402 χηρῶν
1432 365 1445 392 6
1459 364 1578 399 Παῦλος,
1593 363 1620 391 in
1639 362 1693 401 Ep.
1713 365 1726 391 1
1743 360 1780 391 ad

1040 407 1160 436 Timoth.
1174 408 1254 437 Hom.
1272 411 1317 438 15.
1334 416 1354 438 t.
1370 413 1414 438 11.
1427 420 1454 448 Ρ.
1466 410 1533 439 633.

1079 453 1165 486 Πολὺς
1181 456 1207 483 ἐν
1221 457 1278 488 ταῖς
1293 456 1314 484 Γ
1317 460 1410 495 ραφαῐς
1429 457 1480 483 τῶν
1497 454 1574 483 αἴνων
1593 453 1690 482 τούτων
1705 455 1719 482 6
1733 453 1779 482 λό-

1038 513 1091 540 γος,
1107 501 1132 529 in
1150 502 1248 530 Psalm.
1267 505 1333 532 112.
1349 509 1366 531 ι.
1383 505 1411 532 5.
1430 514 1457 542 Ρ.
1468 504 1535 532 287.

1079 548 1165 580 Πολὺς
1180 549 1225 577 καὶ
1236 549 1332 587 ἄφθιτος
1344 552 1357 578 6
1374 549 1511 588 θησαυρὸς,
1524 546 1666 586 ἀγαπητοί,
1677 546 1705 575 iu
1717 546 1778 576 Ge-

1038 594 1122 624 nesim
1144 595 1222 624 Hom.
1239 598 1286 625 21.
1300 603 1321 625 t.
1335 597 1361 625 4.
1377 607 1405 635 p.
1424 598 1489 626 180.

1078 642 1164 674 Πολὺς
1180 644 1193 670 ὁ
1207 642 1325 675 διάὸολος
1341 642 1456 680 ἔγκειται
1470 641 1515 670 καὶ
1529 639 1650 680 σφοδρός,
1661 639 1689 668 in
1698 640 1776 669 Joau.

1039 687 1120 716 Hom.
1136 690 1184 718 23.
1201 695 1220 716 t.
1236 691 1263 718 8.
1279 699 1308 727 p.
1325 691 1389 719 131.

1079 733 1165 767 Πολὺς
1176 737 1189 763 6
1202 735 1330 773 θησαυρὸς
1341 734 1386 762 καὶ
1402 734 1508 773 ἄφατος,
1521 731 1664 770 ἀγαπητοὶ,
1678 731 1706 759 ἐν
1715 733 1779 766 τοῖς,

1039 780 1066 808 in
1080 780 1207 809 Genesim
1223 780 1303 808 Hom.
1321 781 1370 810 32.
1387 786 1407 807 t.
1426 779 1453 807 4.
1468 789 1495 817 p.
1513 778 1581 808 413.

1079 825 1167 858 Πολὺς
1191 829 1204 855 6
1228 825 1306 858 πόθος
1330 830 1384 858 τοῖς
1407 825 1516 863 ἀνδράσι
1539 825 1587 858 τῆς
1612 822 1713 854 πόλεως
1724 844 1733 858 ,
1751 821 1778 850 in

1040 872 1138 901 psalm.
1156 873 1221 902 136.
1239 878 1258 900 t.
1275 873 1303 901 5.
1321 882 1346 911 p.
1363 871 1429 901 402.

1080 917 1166 950 Πολὺς
1183 919 1196 945 6
1213 917 1334 957 χειμὼν,
1349 917 1416 946 ἀλλὰ
1435 916 1484 952 τὴν
1503 914 1651 956 προθυμίαν
1670 914 1740 950 τῶν,
1753 912 1781 942 in

1040 963 1231 992 Dimissionem
1242 963 1409 997 Chananaecn,
1423 970 1442 991 t.
1456 965 1485 993 3.
1501 974 1529 1002 p.
1541 962 1609 992 432.

1081 1009 1155 1038 Πολὺ
1167 1012 1214 1045 τ’ἦς
1227 1010 1285 1038 ὁδοῦ
1294 1010 1324 1038 τὸ
1340 1009 1418 1047 μέσον
1429 1009 1459 1037 τὸ
1469 1010 1580 1047 διεῖργον
1593 1009 1673 1045 ἡμᾶς,
1681 1004 1783 1034 Candi-

1041 1056 1132 1089 diano,
1145 1066 1186 1095 ep.
1199 1056 1244 1085 42.
1258 1062 1276 1084 t.
1293 1058 1319 1086 3.
1334 1066 1361 1094 p.
1375 1056 1441 1084 616.

1082 1101 1155 1130 Πολὺ
1168 1104 1215 1136 τῆς
1226 1100 1446 1139 συγκαταέάσεως
1460 1100 1490 1134 τὸ
1506 1099 1596 1139 κέρδος
1607 1099 1633 1127 ἐν
1644 1098 1740 1134 ἅπασι,
1754 1098 1782 1127 in

1041 1148 1119 1176 Joau.
1134 1147 1214 1175 Hom.
1229 1149 1277 1176 31.
1292 1153 1311 1174 t.
1327 1148 1355 1175 8.
1368 1157 1395 1185 p.
1412 1145 1480 1174 174.

1083 1192 1155 1221 Πολὺ
1169 1194 1220 1220 τῶν
1240 1192 1353 1231 σήμερον
1369 1194 1432 1228 ἡμῖν
1449 1190 1666 1229 ἀναγνωσθέντων
1677 1190 1707 1219 τὸ
1723 1189 1784 1228 κε’ρ-

1043 1238 1096 1271 δος,
1112 1237 1139 1266 in
1155 1238 1282 1266 Genesim
1298 1237 1376 1266 Hom.
1392 1237 1438 1266 47.
1454 1243 1472 1265 t.
1486 1236 1513 1265 4.
1524 1247 1551 1276 Ρ.
1566 1236 1634 1266 473.

1082 1282 1180 1321 Πόῤῥω
1195 1283 1243 1320 μέν
1258 1295 1303 1312 σου
1319 1283 1456 1321 καθήμεθα
1469 1284 1501 1321 τῇ
1519 1282 1652 1323 παρουσίᾳ
1668 1284 1714 1312 τοῦ
1728 1281 1783 1312 σώ-

1045 1339 1135 1365 ματος,
1147 1328 1260 1364 Μοιηίο,
1275 1339 1317 1368 ep.
1334 1331 1398 1358 171.
1414 1335 1434 1356 t.
1453 1330 1480 1358 3.
1494 1339 1522 1367 p.
1541 1329 1610 1358 697.

1084 1374 1154 1403 Πότε
1167 1376 1217 1413 γάρ
1233 1386 1279 1403 σου
1295 1375 1464 1404 ἐπιλαθέσθαι
1480 1374 1610 1413 δυνάμεθα
1619 1376 1676 1410 τῆς,
1689 1373 1786 1403 Antio-

1045 1419 1103 1455 cho,
1118 1431 1161 1459 ep.
1181 1423 1247 1450 189.
1263 1427 1282 1448 t.
1296 1423 1325 1451 3.
1337 1431 1365 1459 p.
1383 1422 1450 1450 705.

1084 1467 1141 1495 Ποῦ
1169 1469 1212 1494 νῦν
1245 1468 1310 1495 εἰσιν
1337 1467 1361 1495 οἱ
1385 1466 1503 1504 λέγοντες
1513 1489 1521 1502 ,
1534 1465 1577 1494 διὰ
1601 1465 1628 1494 τί
1653 1465 1742 1505 Θηρία,
1756 1465 1785 1494 in

1047 1511 1145 1541 Psalm.
1168 1514 1234 1541 139.
1245 1518 1264 1540 t.
1280 1513 1307 1542 5.
1321 1523 1349 1551 p.
1365 1512 1431 1541 418.

1087 1559 1144 1587 Ποῦ
1156 1561 1199 1586 νῦν
1221 1560 1285 1587 εἰσιν
1305 1560 1329 1587 οἱ
1345 1558 1389 1587 τὸν
1408 1557 1517 1586 θάνατον
1543 1557 1704 1595 αἰτιώμενοι,
1713 1557 1741 1586 in
1757 1558 1785 1587 S.

1048 1603 1164 1632 Paulum
1178 1604 1263 1632 Sei-m.
1276 1604 1303 1633 5.
1315 1610 1334 1632 t.
1346 1605 1373 1632 2.
1388 1613 1415 1642 p.
1430 1604 1498 1632 500.

1088 1649 1196 1688 Πρέπον
1207 1652 1240 1688 τῇ
1255 1649 1373 1689 μακαρία
1385 1651 1457 1688 ψυχῇ
1471 1648 1501 1677 τὸ
1514 1648 1651 1687 προοίμιον
1663 1671 1670 1685 ,
1685 1648 1713 1677 in
1735 1648 1789 1688 Ep.

1049 1695 1083 1724 ad
1098 1696 1212 1724 Roman.
1229 1695 1310 1724 Hom.
1327 1698 1353 1724 2.
1367 1702 1385 1724 t.
1397 1696 1424 1724 9.
1440 1705 1466 1733 p.
1483 1694 1550 1724 436.

1090 1741 1239 1780 Πρεσέείαν
1254 1741 1313 1769 τινὰ
1327 1740 1430 1769 δικαίαν
1447 1740 1492 1769 καὶ
1510 1741 1631 1775 λυσιτελῆ
1643 1762 1651 1775 ,
1662 1739 1697 1769 de
1711 1740 1791 1770 Elee-

1051 1797 1174 1826 mosyna‚
1188 1794 1208 1815 t.
1224 1789 1254 1817 3.
1270 1798 1296 1826 Ρ.
1314 1787 1380 1816 248.

1090 1833 1111 1871 -1-
1127 1833 1322 1872 Προαγόρευσις
1339 1835 1391 1862 τῶν
1411 1831 1552 1870 ἐσομένων,
1570 1831 1702 1871 Synopsis
1714 1832 1791 1861 Jere-

1052 1879 1122 1908 miae.
1139 1886 1158 1907 t.
1172 1881 1199 1908 6.
1215 1890 1242 1918 p.
1259 1881 1326 1909 383.

1092 1925 1302 1963 Προαπέστειλεν
1316 1926 1329 1953 ὁ
1343 1923 1410 1956 Θεὸς
1418 1923 1580 1962 ἄρχᾶγγελον
1594 1924 1682 1960 αὐτοῦ,
1691 1923 1719 1952 in
1730 1924 1790 1952 An-

1053 1971 1256 2005 nuntiationem,
1267 1971 1368 2009 spuria
1379 1976 1407 1997 et
1419 1971 1537 1998 omissa.

1093 2017 1230 2056 Πρόὸατον
1246 2017 1273 2044 ἐν
1290 2016 1362 2055 νόμῳ
1379 2015 1579 2053 λαμὸανόμενον
1598 2014 1624 2048 ἐξ
1638 2016 1698 2054 ἅγ.,
1709 2014 1737 2044 in
1750 2026 1794 2044 se·-

1053 2062 1169 2091 cundam
1183 2061 1398 2094 Hebdomadam,
1413 2063 1513 2098 spuria
1523 2067 1550 2089 et
1563 2062 1678 2089 omissa.

1093 2108 1150 2147 Πρὸ
1170 2108 1196 2141 ἓξ
1212 2110 1317 2146 ἡμερῶν
1333 2111 1378 2136 τοῦ
1395 2107 1504 2145 Πάσχα,
1522 2107 1548 2135 in
1563 2107 1672 2135 Festum
1686 2106 1793 2136 Palma-

1054 2164 1132 2190 rum,
1143 2153 1244 2191 Ecloga
1260 2155 1306 2183 33.
1323 2159 1342 2180 t.
1363 2154 1409 2181 12.
1425 2163 1452 2190 p.
1466 2154 1534 2182 687.

1093 2200 1238 2238 Πρόκειται
1261 2201 1324 2236 ἡμῖν
1338 2220 1345 2233 ,
1360 2198 1510 2236 ἀγαπητοὶ,
1526 2198 1644 2236 τράπεζα
1663 2199 1695 2227 ἐκ
1716 2197 1793 2227 Θείων

1054 2246 1112 2283 Γρ.,
1123 2246 1149 2273 in
1161 2244 1328 2283 Principium
1345 2243 1457 2282 Jejunii,
1472 2244 1595 2282 *spur-ia,
1605 2250 1623 2272 t.
1639 2244 1667 2273 6.
1681 2254 1708 2282 p.
1725 2245 1793 2274 539.

1092 2291 1235 2330 Πρόκειται
1248 2293 1320 2327 ἡμῖν,
1330 2290 1472 2328 ἀγαπητοὶ,
1487 2289 1661 2327 πνευματική,
1672 2289 1699 2317 in
1715 2289 1795 2318 Prin-

1054 2337 1155 2377 cipium
1170 2336 1387 2374 Quadragesimae
1399 2358 1407 2372 ,
1423 2339 1525 2374 spuria
1541 2342 1568 2364 et
1586 2336 1793 2374 praetermt'ssa.

1054 2385 1067 2400 *
1084 2383 1186 2412 Eadem
1203 2382 1309 2411 videtur
1323 2392 1378 2410 esse
1402 2392 1432 2410 ac
1456 2381 1628 2420 praecedens,
1645 2391 1706 2418 quae
1720 2380 1794 2420 apud

1054 2429 1188 2459 Savilium
1203 2429 1240 2457 sic
1255 2428 1351 2467 incipit
1366 2439 1372 2454 ε
1393 2428 1532 2467 πρόκειται
1546 2429 1572 2462 ἡ.
1585 2429 1612 2456 ἀ.
1629 2426 1794 2465 πνευματικὴ

1054 2487 1095 2515 τρ.
1116 2477 1146 2503 ἐκ
1160 2477 1210 2503 τῶν
1227 2474 1312 2503 Οείων.

1095 2521 1245 2560 Πρόρρησιν
1259 2520 1306 2558 μὲν
1324 2522 1338 2548 ὁ
1356 2519 1458 2558 ψαλμὸς
1471 2519 1527 2557 ἔχει
1546 2521 1594 2553 τῆς
1613 2518 1640 2546 ἒν
1662 2518 1730 2547 Bag.
1742 2540 1749 2552 ‚
1766 2517 1795 2547 in

1056 2567 1154 2595 psalm.
1178 2570 1240 2601 101,
1254 2567 1360 2603 spuria,
1376 2572 1395 2594 t.
1409 2567 1437 2594 5.
1451 2576 1479 2605 p.
1493 2565 1562 2595 644.
1579 2564 1591 2577 ¹*
1607 2563 1650 2593 Ex
1667 2562 1793 2593 Theodo-

1057 2620 1112 2642 rclo
1127 2619 1150 2640 ct
1163 2611 1222 2640 aliis
1234 2611 1424 2640 consarcinata.
