1950 2922
153 465 196 485 T.2
210 463 290 494 p.59‘.>.

256 1898 291 1916 'thi

153 1923 293 1952 T.6.p.157.

179 2537 299 2556 Coun-iones

160 2569 213 2588 aliar.

160 2598 301 2626 <1·.31..35‹.

307 166 371 209 1άί

303 239 461 268 Christianae
487 239 549 268 fidei
576 250 654 268 causa
681 250 695 267 a
726 239 859 267 militibus
884 238 1043 267 abducenda

302 292 386 320 esset,
402 295 433 313 ne.
447 285 598 323 virginitati
612 296 665 313 suae
680 285 721 312 vis
738 284 881 312 inferretur
892 306 899 320 ,
911 294 966 312 sese
978 294 1045 322 prae-

302 331 411 370 cipitem
431 330 521 365 dedit,
543 338 568 359 et
588 331 626 359 sie
644 337 754 358 mortem
775 330 827 357 sibi
846 329 985 358 tonscivit.
1005 330 1045 357 De

302 387 354 414 qua
370 384 459 404 sancta
482 377 587 413 virgine
602 376 683 403 multa
704 382 886 404 memorantur
900 376 924 403 in
940 375 1044 404 Monito

792 177 821 200 S.

302 423 422 458 ibidem,
437 433 495 460 quae
509 433 558 450 non
575 429 636 449 sunt
651 422 788 460 praeseutis
802 422 924 450 instituti.

344 469 372 496 ln
392 475 511 495 sanctum
532 478 636 505 quoque
660 468 794 506 lgnatium
821 468 963 507 Οεοφόρον,
989 468 1045 497 sive

303 514 450 549 Deiserum,
459 513 605 541 Antiochi-'e
617 514 771 553 episcopum
783 520 807 542 et
819 521 973 553 martyrem,
984 524 1045 542 con—

303 560 405 588 cionem
432 559 527 587 hahuit
548 559 771 598 Chrysostomus,
794 560 886 598 paucis
902 567 960 598 post
984 570 1046 588 son-

305 608 408 636 cionem
420 607 445 634 in
464 607 493 634 S.
509 606 645 645 pelagiam
663 606 758 635 diebus
772 608 822 635 :de
834 618 902 635 auno
914 614 1001 635 autem
1014 617 1046 635 ne

303 652 454 690 conjectura
475 651 583 690 quidem
599 659 713 681 statuere
731 653 871 692 quidpiam
891 663 1045 692 possumus,

303 700 412 728 Festum
436 700 463 728 S.
495 698 592 737 Ignatii
617 698 766 727 celebratur
789 698 863 738 apud
889 709 936 727 nos
960 699 1046 738 prima

302 744 464 778 Februarii,
479 744 551 783 apud
567 745 676 773 Graecos
691 752 779 773 autem
795 745 923 783 vigesima
938 744 982 773 die
994 746 1046 772 De-

305 791 433 826 cembris;
453 791 514 829 quia
535 791 639 819 veroin
662 792 730 819 Mss.
753 790 832 819 etiam
854 790 1047 828 antiquissimis

303 843 410 864 notatur
423 848 452 864 ea
474 836 530 875 ipsa
544 836 601 865 dies
617 836 744 874 vigesima
761 836 918 865 Decembris
928 859 935 871 ,
950 836 1045 865 verisi-

304 882 370 910 mile
385 882 493 910 videtur
504 882 548 910 illa
560 882 603 910 die
619 882 739 910 habitam
757 882 838 910 fuisse
854 882 923 910 hauc
936 882 1046 910 concio-

302 937 363 955 nem
374 949 382 964 ,
396 938 446 955 non
457 934 544 955 autem
558 929 593 955 17
605 927 777 961 Decembris,
790 938 841 965 qua
853 928 896 956 die
907 927 1046 956 translatio

303 973 359 1012 ejus
384 973 533 1001 celebratur
557 973 583 1001 in
611 973 730 1001 Ecclesia
755 975 877 1002 Romana
891 996 898 1009 ‚
928 981 956 1002 ut
978 981 1046 1002 recte

302 1026 377 1047 notat
392 1021 491 1047 Fronto
508 1020 623 1047 Duraeus
634 1041 642 1053 ,
660 1019 706 1057 qui
726 1026 777 1047 tres
792 1020 848 1058 ejus
863 1019 1046 1048 translationes

303 1073 508 1099 commemorat;
524 1065 639 1105 primam
651 1067 736 1094 Roma
747 1066 917 1094 Antiochiam
929 1089 936 1103 ,
954 1073 982 1094 ut
996 1077 1046 1105 pu-

303 1111 527 1150 tabantdiseipuli
538 1112 606 1150 ejus,
619 1111 664 1148 qui
678 1113 741 1140 Acta
751 1113 924 1150 scripserant,
938 1112 1045 1150 quando

302 1167 397 1196 nempe
412 1157 530 1195 reliquiae
552 1157 609 1195 ejus
626 1157 756 1185 translatae
775 1165 835 1185 sunt
851 1170 857 1184 :
874 1168 934 1186 nam
955 1158 1044 1197 Clu-y-

302 1210 418 1231 sostomo
438 1203 464 1231 in
479 1203 529 1231 hac
550 1203 661 1231 homilia
677 1214 707 1231 ac
728 1203 896 1242 Hieronymo
915 1203 1043 1240 testibus,

302 1259 360 1276 ossa
375 1249 431 1287 ejus
445 1248 591 1276 Antiochiae
605 1249 795 1286 quiescebant,
810 1249 956 1287 etquidem
969 1256 1045 1278 extra

302 1301 407 1333 portam
424 1295 614 1333 Daphniticam
631 1295 655 1322 in
673 1295 836 1329 coemeterio,
851 1295 937 1333 inquit
952 1295 1045 1323 Hiero-

302 1350 399 1379 nymus
412 1340 438 1368 in
451 1341 520 1368 libro
535 1340 568 1369 de
582 1341 766 1380 Scriptoribus
782 1341 984 1370 Ecclesiasticis.
1000 1343 1046 1370 Se-

303 1386 390 1414 cunda
414 1386 552 1414 translatio
583 1387 728 1425 imperante
752 1387 905 1416 Theodosio
930 1388 957 1416 II
978 1388 1046 1416 sacta

302 1439 341 1460 est
350 1454 358 1469 5
373 1443 433 1460 cum
446 1433 502 1471 ejus
511 1433 585 1471 jussu
598 1443 631 1461 ex
642 1433 792 1461 coemcterio
803 1433 829 1461 in
842 1434 972 1472 templum
984 1435 1048 1462 For-

303 1484 373 1506 tunce
390 1479 446 1517 ejus
462 1489 519 1507 ossa
536 1479 660 1507 translata
683 1487 745 1508 sunt
758 1502 766 1515 ,
784 1487 808 1508 et
833 1481 963 1519 templum
982 1481 1047 1509 olim

302 1523 470 1552 daemonibus
486 1523 627 1559 dicatum,
653 1525 763 1563 martyri
786 1533 968 1554 consecratum
991 1533 1047 1562 est,

303 1570 390 1607 inquit
414 1569 560 1608 EvagriuS.
587 1571 705 1598 Tertiam
725 1572 924 1600 translationem
950 1574 1047 1601 Antio—

303 1615 362 1644 chia
390 1616 502 1643 Romaiu
529 1623 658 1644 memorat
689 1618 915 1656 Martyrologium
944 1619 1046 1646 Roma-

305 1672 370 1690 num
384 1684 391 1698 ,
416 1672 475 1690 eum
502 1662 528 1690 in
554 1663 663 1691 ecclesia
689 1664 718 1692 S.
742 1664 886 1692 Clementis
912 1665 1047 1693 recondita

305 1715 378 1736 sunt.
402 1707 432 1736 In
449 1708 499 1736 hac
516 1718 579 1736 vero
600 1709 724 1737 concione
745 1710 950 1749 Chrysostomus
968 1712 1048 1750 Igna-

305 1754 373 1782 tium
400 1754 436 1782 ait
462 1754 524 1782 seris
550 1755 684 1793 objectum
713 1756 831 1794 quinque
857 1768 967 1785 coronas
992 1769 1048 1786 me-

303 1800 405 1835 ruisse3
416 1799 484 1828 dicit
496 1800 605 1839 insuper
619 1801 766 1829 Antiochiae
779 1801 891 1830 ducenta
907 1803 1047 1832 hominum

305 1847 389 1875 millia
405 1858 468 1876 esse.

347 1894 473 1932 Aliquam
495 1894 652 1922 concionum
669 1895 815 1923 Antiochiae
830 1895 984 1925 habitarum
1003 1908 1046 1925 se-

306 1941 371 1969 riem
394 1941 469 1969 nobis
493 1941 592 1968 indicat
619 1941 674 1980 ipse
695 1941 904 1980 Chrysostomus
927 1953 1047 1972 sermone

307 1987 397 2025 primo
407 1986 439 2014 de
453 1986 541 2014 verbis
551 1987 684 2020 Jeremiae,
696 1997 756 2015 cum
769 1987 805 2015 ait
817 1998 842 2015 n.
855 1989 905 2015 12«
925 1990 1047 2028 Propter-

305 2043 333 2060 ea
356 2033 388 2060 de
400 2034 477 2061 Petro
496 2039 520 2061 et
534 2033 617 2061 Paulo
633 2044 717 2071 nuper
731 2033 964 2071 disseruissemus,
977 2043 1001 2063 et
1013 2035 1046 2063 de

304 2086 394 2106 exorta
417 2079 486 2107 inter
507 2079 579 2116 ipsos
601 2079 749 2107 Antiochiae
773 2081 952 2109 controversia
967 2104 973 2115 ,
993 2093 1046 2120 pu-

304 2135 438 2162 gnamque
458 2125 532 2152 illam
547 2147 553 2157 ‚
574 2136 633 2162 quae
652 2125 720 2153 iuter
745 2136 788 2153 eos
808 2136 863 2154 esse
884 2127 1046 2164 videbatur,

305 2181 369 2209 paee
381 2171 477 2208 quavis
498 2172 632 2199 utiliorem
646 2172 722 2200 vobis
736 2171 958 2208 ostendissemus,
973 2184 1047 2202 cum-

304 2228 355 2254 que
381 2217 413 2244 ad
437 2225 596 2256 praeruptam
620 2225 645 2246 et
664 2229 785 2257 asperam
809 2229 856 2247 vos
878 2219 953 2248 illam
975 2221 1045 2248 viam

304 2262 518 2295 detluxissemus‚
528 2263 560 2290 ad
574 2264 646 2291 aliud
662 2272 851 2302 argumentum
865 2276 911 2294 vos
924 2266 1047 2295 traduxi-

306 2320 365 2337 mus
375 2331 382 2342 ‚
392 2309 457 2337 dum
471 2309 540 2337 beati
556 2309 688 2338 Eustathii
702 2311 832 2349 praeconia
844 2322 964 2341 sermone
977 2324 1047 2341 com-

305 2355 379 2394 plexi
392 2365 482 2383 sumus
494 2377 500 2389 ,
516 2362 540 2382 et
553 2362 611 2394 post
628 2356 703 2383 illum
718 2357 835 2394 generosi
850 2360 975 2397 martyris
992 2360 1045 2387 Ro-

307 2401 378 2429 mani
399 2400 491 2428 laudes
514 2401 712 2439 percurrimus,
735 2413 794 2430 cum
818 2403 950 2433 illustrius
972 2405 1047 2433 nohis

307 2447 407 2474 fuctum
422 2453 460 2474 est
474 2446 626 2482 theatrum,
641 2448 756 2486 amplior
772 2449 915 2487 applausus
927 2458 952 2480 et
965 2453 1048 2490 major

307 2493 432 2532 strepitus
445 2492 661 2521 acclamantium.
678 2508 688 2517 ιι

353 2540 440 2573 Quam
453 2538 567 2578 primam
578 2538 622 2566 hic
633 2546 760 2567 memorat
772 2541 923 2570 concionem
933 2566 940 2580 ,
953 2555 981 2572 ea
993 2552 1028 2572 est
1040 2567 1046 2576 ,

314 2596 393 2624 quain
409 2592 470 2625 post
484 2584 623 2613 lectionem
638 2584 766 2623 Epistola:
780 2586 814 2614 ad
833 2588 942 2617 Galatas
957 2591 1049 2618 Antiu-

850 177 990 200 JOANNIS
1016 176 1248 199 CHRYSOSTOMI
1275 176 1372 206 VtTA,

1096 237 1162 265 chiae
1182 236 1278 265 habuit
1298 237 1505 276 Chrysostomus
1519 237 1546 266 in
1563 237 1649 273 illud,
1667 239 1705 266 In
1716 238 1832 277 faciem

1096 283 1185 311 Petro
1205 285 1305 311 restiti.
1322 283 1432 311 Veritus
1451 283 1520 311 enim
1537 293 1568 311 ne
1584 284 1703 317 tantilla,
1717 294 1776 322 quae
1791 284 1835 313 hic

1100 335 1211 368 apparet
1229 329 1296 357 inter
1317 331 1426 358 Petrum
1438 336 1463 357 et
1474 329 1603 363 Paulum,
1617 330 1741 358 Ecclesiae
1760 331 1834 359 colu-

1099 386 1183 409 mnas,
1201 375 1330 403 dissensio
1340 375 1444 415 piorum
1457 375 1558 404 animos
1571 376 1746 415 perturbaret,
1755 376 1835 415 longa

1098 421 1187 449 locum
1204 421 1279 449 illum
1303 421 1422 449 oratione
1442 422 1586 460 explanare
1607 421 1711 450 nititur.
1738 422 1836 451 Statim

1098 466 1215 506 explicat
1239 474 1336 505 quanta
1359 467 1421 495 hinc
1446 467 1615 495 incommoda
1637 475 1794 505 sequantur,
1814 468 1837 496 si

1099 523 1159 541 vere
1171 518 1197 540 et
1211 512 1370 551 objurgandi
1385 513 1489 547 animo,
1506 512 1632 551 plurimis
1642 513 1834 552 praesentibus,

1098 558 1279 597 apostolorum
1291 559 1464 598 coryphaeum
1478 559 1577 586 Paulus
1591 558 1624 586 sit
1635 558 1754 587 adortus.
1769 559 1836 588 Hinc

1099 604 1166 632 duas
1180 604 1247 632 circa
1261 604 1331 632 hune
1345 605 1433 633 locum
1447 605 1589 633 sententias
1599 604 1684 644 aperit
1694 605 1836 643 statimque

1102 651 1196 679 refutat
1213 663 1218 678 :
1237 661 1349 688 quarum
1366 651 1440 689 prior
1458 658 1512 686 est,
1532 653 1639 680 Petrum
1650 673 1657 685 ,
1673 650 1707 679 de
1724 661 1777 688 quo
1793 651 1837 679 hic

1101 699 1209 736 agitur,
1232 710 1282 727 non
1301 699 1482 737 apostolorum
1503 699 1665 738 principem,
1685 698 1732 727 sed
1753 698 1837 727 alium

1101 755 1156 773 esse
1169 745 1369 783 cognominem3
1385 745 1465 773 altera
1477 745 1568 773 statuit
1583 755 1671 773 veram
1686 755 1741 773 esse
1752 755 1839 784 repre-

1102 789 1275 825 hensionem,
1297 800 1343 818 nec
1375 790 1499 818 simulate
1519 790 1624 818 factam.
1650 789 1752 818 Deinde
1776 799 1838 817 vero

1101 845 1177 862 suam
1201 835 1247 863 ille
1273 836 1371 873 profert
1389 835 1541 874 opinionem
1564 848 1569 863 :
1593 845 1689 873 nempe
1706 835 1840 873 apostolos

1102 881 1210 909 Petrum
1226 888 1250 909 et
1272 882 1384 909 Paulum
1405 881 1439 910 ad
1462 881 1530 909 hanc
1550 880 1622 920 piam
1642 880 1839 908 simulationem

1101 933 1206 965 paratos
1219 927 1412 965 meditatosque
1424 927 1541 962 venisse,
1555 938 1641 965 exque
1651 933 1727 966 pacto
1741 933 1766 955 et
1778 937 1839 955 con-

1101 979 1179 1000 venio
1192 973 1260 1001 inter
1272 974 1364 1002 ambos
1379 974 1458 1009 inito;
1472 981 1526 1001 tum
1542 985 1568 1002 se
1582 985 1595 1002 a
1616 973 1740 1011 gentibus
1755 984 1842 1012 segre-

1101 1028 1176 1056 gasse
1191 1020 1298 1047 Petrum
1309 1042 1316 1054 ,
1334 1030 1365 1048 ne
1387 1020 1411 1047 in
1427 1020 1583 1049 ,ludaeorum
1603 1019 1777 1048 offensionem
1791 1030 1839 1048 oc-

1101 1072 1233 1100 curreret,
1250 1073 1307 1094 tum
1322 1066 1435 1094 Paulum
1450 1066 1472 1094 ei
1488 1066 1618 1094 infaciem
1631 1065 1775 1099 restitisse,
1793 1065 1840 1094 illo

1101 1122 1153 1140 non
1175 1112 1332 1147 reluctante,
1348 1113 1410 1150 quia
1425 1112 1565 1140 amborum
1580 1123 1609 1139 ea
1626 1122 1700 1140 mens
1722 1118 1792 1145 erat,
1812 1117 1841 1139 ut

1102 1158 1167 1195 legis
1177 1158 1274 1196 jugum
1294 1159 1417 1196 gentibus
1433 1169 1483 1186 non
1500 1158 1692 1196 imponeretur.
1711 1158 1840 1186 Caeterum

1102 1203 1287 1242 Chrysostoini
1301 1205 1401 1243 opinio,
1412 1215 1469 1242 quae
1483 1205 1516 1232 ab
1530 1205 1646 1242 Origene
1659 1215 1778 1232 manasse
1788 1215 1843 1232 cre-

1103 1249 1194 1285 ditur,
1209 1251 1243 1278 ab
1269 1251 1433 1289 Hieronymo
1455 1250 1574 1289 primum
1598 1257 1783 1289 propugnata,
1807 1250 1842 1278 ab

1102 1296 1252 1334 Augustino
1273 1296 1385 1324 refutata
1406 1303 1443 1324 est
1456 1318 1463 1331 ,
1483 1303 1613 1324 asserente
1633 1306 1724 1324 veram
1746 1305 1793 1323 nec
1806 1295 1843 1324 si-

1103 1342 1231 1370 mulatam
1247 1342 1328 1370 fuisse
1343 1341 1420 1370 Pauli
1433 1341 1680 1380 reprehensionem,
1696 1341 1730 1369 ita
1745 1347 1773 1369 ut
1785 1341 1842 1379 ejus

1103 1388 1267 1425 argumentis
1281 1388 1384 1416 eederet
1399 1388 1454 1426 ipse
1467 1387 1659 1426 Hieronymus.
1676 1388 1734 1415 Non
1747 1387 1842 1415 desunt

1103 1439 1189 1461 tamen
1213 1434 1257 1471 qui
1274 1434 1389 1472 primam
1411 1434 1584 1468 sententiam,
1600 1444 1657 1471 quae
1676 1433 1784 1461 Petrum
1807 1433 1842 1461 ab

1103 1479 1223 1518 apostolo
1235 1480 1317 1507 alium
1331 1479 1423 1507 asserit
1432 1502 1439 1513 ,
1456 1490 1504 1507 nec
1514 1480 1559 1517 qui
1575 1479 1717 1507 secundam
1729 1490 1743 1507 a
1756 1479 1844 1518 Chry-

1104 1533 1218 1554 sostomo
1230 1533 1410 1565 oppugnatam
1423 1526 1554 1563 hodieque
1568 1525 1720 1554 defendant.

1146 1573 1221 1601 Hane
1235 1573 1387 1601 concionem
1401 1572 1505 1611 excepit
1528 1572 1645 1600 Humilia
1661 1572 1687 1600 in
1703 1572 1730 1600 S.
1749 1571 1843 1600 Eusta-
1855 1581 1926 1612 T.2,p

1105 1619 1192 1647 thium
1207 1619 1404 1647 Antiochenum
1419 1619 1573 1657 episcopum
1587 1641 1593 1651 ‚
1609 1618 1655 1656 qui
1668 1618 1701 1646 ab
1716 1618 1823 1647 Arianis
1834 1641 1841 1653 ‚

1104 1666 1179 1703 queis
1191 1665 1338 1694 admodum
1350 1666 1459 1693 infestus
1471 1672 1541 1698 erat,
1552 1665 1705 1699 abdicatus,
1716 1671 1844 1693 eteorum

1103 1722 1182 1751 opera
1196 1712 1222 1740 in
1235 1712 1360 1740 exsilium
1376 1711 1534 1739 amandatus
1547 1711 1642 1739 suerat.
1658 1712 1698 1739 De
1708 1711 1766 1739 loco
1777 1711 1844 1740 exsi-

1104 1759 1132 1786 lii
1150 1768 1200 1786 non
1217 1769 1267 1786 una
1284 1764 1321 1786 est
1337 1758 1479 1791 sententia;
1503 1757 1684 1796 Hieronymo,
1708 1757 1753 1795 qui
1777 1757 1844 1786 dicit

1105 1805 1193 1844 ipsum
1206 1804 1409 1843 Trajanopolim
1421 1804 1447 1831 in
1459 1803 1574 1832 Thracia
1586 1803 1738 1840 ablegatum
1752 1803 1843 1840 fuisse,

1105 1851 1174 1879 favet
1189 1850 1412 1889 Chrysostomus,
1426 1849 1473 1887 qui
1486 1849 1522 1877 ait
1534 1850 1590 1888 ejus
1605 1859 1700 1888 corpus
1716 1849 1741 1877 in
1758 1849 1845 1878 Thra-

1104 1897 1143 1924 cia
1159 1907 1225 1926 esse.
1244 1896 1302 1924 Alia
1323 1895 1437 1935 plurima
1457 1894 1491 1923 de
1514 1894 1656 1923 Eustathio
1675 1894 1797 1923 diximus
1817 1896 1843 1923 in

1104 1943 1209 1971 Monito
1224 1942 1257 1970 ad
1273 1942 1341 1970 hanc
1356 1942 1523 1976 concionem,
1539 1941 1584 1969 ubi
1599 1940 1662 1968 vide
1675 1941 1719 1969 sis.
1741 1942 1771 1970 In
1786 1942 1844 1979 ejus

1103 1995 1191 2017 autem
1202 1989 1373 2017 abdicatione
1386 1995 1438 2016 tota
1454 1997 1519 2027 pene
1530 1987 1658 2015 seditione
1670 1987 1844 2024 conflagravit

1104 2034 1257 2063 Antiochia.
1269 2034 1385 2062 Armatis
1394 2033 1464 2061 enim
1475 2033 1610 2070 utrimque
1619 2033 1751 2070 partibuS‚
1759 2033 1846 2061 adsci-

1104 2081 1190 2119 tisque
1205 2081 1351 2115 militibus,
1367 2079 1456 2107 omnia
1471 2086 1544 2107 erant
1563 2079 1596 2107 ad
1617 2089 1734 2118 pugnam
1749 2086 1774 2108 et
1786 2079 1846 2107 hor-

1104 2128 1213 2156 rendam
1239 2127 1341 2156 cladem
1367 2134 1457 2166 parata
1470 2138 1477 2161 ;
1502 2134 1666 2164 ventumque
1691 2127 1782 2155 fuisset
1810 2126 1846 2156 ad

1103 2174 1226 2212 gladios,
1253 2173 1304 2201 nisi
1334 2172 1549 2211 supervenientes
1572 2172 1740 2211 Imperatoris
1762 2172 1845 2201 literae

1102 2221 1205 2259 plebem
1230 2219 1463 2258 compescuissent.
1492 2218 1647 2255 Tamenque
1673 2219 1765 2246 Ariani
1791 2229 1845 2246 suae

1101 2274 1176 2295 secta?
1192 2266 1326 2294 hominem
1340 2265 1493 2304 episcopum
1509 2264 1713 2292 constituerunt.
1734 2265 1848 2299 Deinde,

1101 2324 1152 2351 que
1167 2312 1299 2341 Catholici
1318 2312 1344 2339 in
1360 2311 1427 2339 duas
1442 2318 1465 2339 et
1481 2311 1531 2349 ipsi
1552 2318 1639 2349 partes
1659 2310 1740 2339 divisi
1761 2319 1823 2340 sunt
1838 2328 1844 2344 :

1101 2369 1159 2397 quae
1174 2359 1262 2387 omnia
1274 2358 1331 2397 jam
1353 2357 1472 2385 diximus
1490 2367 1570 2395 supra
1591 2363 1616 2385 et
1636 2357 1662 2385 in
1679 2356 1770 2385 eodem
1787 2359 1845 2385 Mo-

1102 2412 1167 2434 nito.

1144 2453 1206 2479 Post
1231 2450 1376 2478 llomiliam
1396 2450 1421 2478 in
1447 2449 1474 2477 S.
1497 2449 1669 2477 Eustathium
1689 2446 1932 2488 Clu·ysosto·‘r,7,1.'

1104 2508 1163 2526 mus
1189 2497 1349 2525 Encomium
1374 2497 1400 2524 in
1425 2496 1453 2525 S.
1472 2497 1621 2523 Romanum
1649 2496 1843 2524 Antiochenum

1104 2547 1251 2584 Mai-tyren]
1270 2544 1396 2583 protulit,
1414 2543 1448 2571 de
1463 2554 1516 2581 quo
1532 2543 1659 2571 nonnulla
1673 2549 1734 2571 sunt
1749 2543 1775 2571 in
1795 2543 1845 2571 du-

1106 2591 1179 2619 bium
1196 2597 1303 2629 vocata,
1316 2601 1374 2628 quat
1387 2590 1411 2618 in
1424 2590 1526 2618 Monito
1537 2588 1731 2628 expenduntur.
1748 2590 1844 2618 Roma-
