1884 2922
237 192 305 226 342
874 199 976 223 mom

235 270 299 295 323,
327 276 351 293 Α.
375 275 398 294 11.
416 263 572 293 Cohortatio
588 261 683 296 Pauli,
699 261 849 290 cohortatio
863 261 972 289 Domini

233 315 281 337 est.
300 317 320 338 1.
338 313 402 337 337.
422 320 444 336 n.
458 307 534 336 Pauli
549 311 695 345 pioecepta,
712 311 843 343 111-10001110
872 304 973 332 Christi

233 355 305 377 sunt.
331 355 350 375 1.
372 353 432 375 199.
451 357 477 374 c.
508 347 557 374 Per
581 345 695 373 Paulum
723 345 795 372 Deus
815 344 885 381 leges
913 354 974 371 san-

232 391 284 420 xit.
304 398 349 419 111.
383 395 426 418 17.
444 399 469 416 c.
501 390 585 425 Leges
599 387 675 415 Pauli
692 387 776 416 firma:
789 394 850 415 sunt
870 393 894 414 et
919 386 973 414 im-

233 441 311 462 010103
328 439 444 461 manent.
458 439 477 460 l.
492 436 556 459 691.
575 441 601 460 f..
619 431 717 459 Paulus
729 437 790 458 ante
807 431 897 458 omnia
908 440 975 457 con-

233 477 362 505 tentiones
383 475 472 504 studet
492 474 594 505 sedare,
610 482 630 502 I.
649 480 714 503 741.
737 486 764 503 n.
788 486 814 502 r..
833 476 974 510 Quantum

234 520 373 559 prohibeat
386 519 453 547 iram
472 526 497 547 ct
519 518 723 547 dissensionem.
747 525 805 546 VII.
821 522 885 546 291.
904 528 927 544 11.
946 527 971 545 c.

233 563 276 591 Ad
292 562 533 591 reconciliationem
547 572 593 589 nos
604 562 713 589 excitat.
734 568 791 590 ΠΙ.
808 566 871 589 249,
887 571 912 587 Ε.
926 561 975 588 Le-

232 608 301 634 viter
323 607 477 645 proximum
500 616 557 633 0550
580 604 780 644 corripiendum
815 605 902 632 docet.
926 610 972 632 IV.

232 656 297 679 798.
323 650 404 679 0111111
421 649 539 687 gehenna
556 649 666 687 gravius
681 649 793 688 putabat
809 647 916 686 aliquid
933 647 971 675 fe-

231 694 297 722 cisse
311 693 385 732 quod
402 694 458 722 Deo
473 692 624 731 displiceat.
641 699 686 720 Iv.
704 697 766 720 860.
783 703 809 721 F..
824 693 881 720 Lex
891 691 968 720 Pauli

232 739 265 766 (le
277 739 385 777 indigne
397 737 667 766 communicantibus.
682 741 795 765 11.785.
810 747 859 765 c.n
871 759 877 765 .
888 739 972 764 Arma

234 782 420 810 subministrat
449 781 482 809 iis
503 781 549 819 qui
570 780 596 808 in
620 791 743 819 pressura
770 787 841 811 sunt.
866 788 887 808 I.
909 784 974 809 278.

235 825 391 863 Cui-jubeat
406 824 462 853 sine
474 823 656 852 sollicitudine
669 834 724 852 esse
735 846 741 855 .
758 830 783 851 et
797 834 852 852 esse
867 823 971 851 sollici—

235 875 283 896 tos.
297 875 315 896 1.
332 873 395 898 337.
413 878 440 895 E.
461 872 523 897 400.
543 878 569 895 A.
585 878 611 894 n.
629 878 655 895 (ι.
674 867 831 895 Doctrinam
845 866 977 905 exemplis

236 912 376 940 confirmat
404 911 514 940 Paulus.
537 918 569 940 V.
596 916 640 939 84.
668 922 693 938 E.
711 910 879 939 Matrimonii
906 910 976 947 leges

235 956 395 995 praescribit.
414 961 459 983 III.
477 959 542 983 255.
561 966 587 984 Α.
606 965 632 982 Β.
647 964 710 992 sqq.
730 956 800 982 Dum
814 954 977 982 matrimonii

233 1000 304 1038 leges
315 999 414 1033 sancit,
437 999 515 1026 tacite
537 997 572 1026 ad
589 998 776 1036 virginitatem
797 998 930 1026 hortatur.
951 1004 970 1025 I.

235 1048 300 1072 354.
329 1054 357 1071 D.
381 1044 506 1080 Seipsum
533 1042 674 1080 proposuit
693 1043 861 1070 continentiae
886 1051 979 1068 exem-

236 1087 321 1125 plum.
337 1094 356 1114 I.
372 1090 436 1114 359.
452 1095 476 1113 11.
493 1095 517 1113 c.
531 1095 595 1122 sqq.
611 1084 729 1119 Quidam
750 1084 897 1123 depravate
911 1083 977 1111 alle-

235 1129 335 1167 gabant
346 1130 401 1157 haec
416 1128 497 1156 verba
511 1128 588 1155 Pauli
604 1139 609 1154 :
625 1128 733 1156 Melius
748 1130 854 1156 nubere
864 1149 875 1163 ,
890 1138 979 1165 quam

236 1175 292 1202 uri.
309 1173 500 1201 Confutantur.
520 1178 564 1199 VI.
583 1176 648 1202 185.
665 1182 688 1199 0.
705 1172 813 1199 [uxum
829 1171 973 1199 mulierum

236 1216 381 1255 improbat.
401 1223 458 1244 VII.
479 1219 543 1243 574.
562 1215 602 1242 Νο
616 1214 642 1242 in
657 1215 766 1243 ecclesia
780 1214 890 1253 quidem
905 1214 979 1252 loqui

236 1260 394 1288 mulieribus
410 1259 548 1287 concessit.
571 1265 590 1286 1.
609 1263 673 1287 473.
696 1259 719 1287 A
735 1258 891 1297 parentibus
910 1258 979 1286 filio-

236 1313 297 1331 rum
309 1313 403 1331 curam
418 1302 512 1340 exigit.
533 1309 552 1331 t.
570 1307 632 1330 101.
646 1317 670 1330 A-
682 1302 783 1330 Paulus
798 1301 920 1340 111-..13111011
936 1302 979 1330 su-

236 1353 310 1375 turos
321 1357 376 1374 esse
387 1346 561 1381 Manichaeos,
574 1345 725 1374 Eocratitas
736 1353 760 1374 et
771 1346 968 1376 marcionistas.

238 1397 286 1419 XI.
305 1391 378 1418 668¹:
397 1401 420 1418 ,1.
437 1395 501 1418 669.
522 1390 638 1418 Paulum
660 1391 881 1427 Samosatenum,
900 1391 979 1418 Aria-

236 1444 284 1462 nos
298 1456 306 1468 ‚
318 1433 478 1461 Marcellum
488 1456 495 1469 ‚
510 1433 659 1462 Sabellium
675 1455 682 1467 ,
696 1433 863 1462 Marcionem
874 1456 881 1470 ,
897 1434 976 1462 alios-

236 1488 287 1515 que
305 1477 496 1505 haeresiarchas
513 1477 643 1505 confutat.
662 1485 708 1507 XI.
730 1482 795 1506 269.
816 1489 836 1505 x.
854 1485 911 1506 xII.
932 1484 976 1507 10.

238 1526 284 1549 36.
302 1532 330 1548 n.
345 1525 390 1548 37.
408 1521 530 1555 Arianis,
546 1521 677 1549 Marcioni
690 1528 714 1549 et
734 1521 888 1549 Maniehaeo
901 1521 980 1550 letale

240 1565 338 1593 vulnus
354 1564 466 1594 inflixit.
482 1571 513 1592 V.
526 1569 590 1593 302.
610 1576 634 1592 0.

280 1607 357 1635 Pauli
379 1607 552 1646 epistolarum
573 1607 639 1636 ordo
652 1609 787 1647 temporis.
809 1617 854 1638 Ix.
873 1615 937 1638 462.
956 1621 979 1637 0.

242 1656 306 1680 463.
322 1651 422 1679 Paulus
434 1651 559 1690 epistolas
568 1651 701 1688 dictabat,
713 1660 737 1680 ct
749 1653 817 1681 alius
829 1654 974 1683 scrihebat.

240 1705 286 1726 tx.
305 1702 370 1725 863.
388 1708 410 1725 n.
431 1697 509 1724 Pauli
530 1697 600 1726 dicta
616 1707 668 1725 11011
681 1708 695 1725 a
711 1698 812 1733 Paulo,
823 1699 868 1727 sed
885 1710 898 1727 a
913 1699 978 1738 Spi-

242 1743 294 1771 ritu
310 1744 339 1772 S.
357 1749 428 1772 sunt.
452 1750 486 1770 11.
510 1747 536 1771 3.
564 1754 589 1772 e.
609 1743 686 1771 Pauli
702 1743 787 1780 dicta,
800 1755 859 1782 qucc
877 1745 981 1783 aliquid

240 1787 403 1815 contrarium
417 1786 507 1815 statim
519 1786 647 1816 videntur
657 1787 769 1822 olferrc,
787 1788 976 1817 conciliantur.

247 1838 290 1859 Ix.
307 1835 369 1859 396.
391 1841 419 1858 D.
436 1840 463 1857 Ε.
478 1830 541 1858 item
556 1829 626 1858 dicta
638 1841 697 1869 (111ῖο
708 1831 820 1860 Actibus
835 1833 979 1870 Apostolo-

243 1887 305 1904 rum
318 1875 441 1914 opposita
463 1875 599 1904 videntur.
616 1883 660 1904 IX.
675 1882 738 1905 179.
757 1888 784 1906 1).
803 1888 828 1905 E.
849 1883 909 1907 180.
924 1880 985 1907 Mos

241 1929 280 1950 est
292 1922 375 1950 Paulo
391 1921 463 1950 varia
478 1922 643 1950 interserere.
659 1929 689 1950 x.
707 1927 771 1951 292.
792 1934 817 1952 A.
834 1935 857 1951 13.
872 1924 980 1963 Hyper-

243 1966 304 1994 bole
314 1976 382 2004 saepe
398 1965 492 1993 utitur.
505 1973 539 1994 Χ.
553 1970 616 1994 341.
631 1977 656 1993 c.
671 1966 758 1994 Multa
771 1967 835 1995 solet
849 1967 984 2006 interjecta

244 2011 358 2050 probare
375 2017 400 2039 et
415 2010 584 2039 confirmare.
607 2018 664 2039 XII.
690 2017 755 2041 349.
784 2024 808 2041 11.
828 2014 877 2042 Est
893 2014 985 2042 creber

245 2054 391 2094 sententiis.
410 2055 455 2082 ΙΙ).
473 2054 572 2082 Paulus
589 2064 640 2082 non
656 2061 754 2083 temere
776 2063 821 2084 aut
837 2056 893 2085 sine
908 2068 985 2086 causa

249 2098 298 2127 hoc
310 2097 390 2126 modo
405 2097 441 2125 ad
460 2097 523 2133 1105,
536 2097 571 2125 ad
593 2097 655 2126 illos
677 2098 730 2126 alio
745 2099 824 2128 modo
836 2100 984 2137 scribebat,

249 2141 296 2170 sed
308 2152 368 2170 cum
385 2141 477 2179 aliqua
492 2141 628 2179 spirituali
643 2142 784 2180 sapientia.
804 2151 850 2171 111.
875 2148 938 2173 162.
957 2156 983 2173 A.

250 2185 350 2213 Paulus
363 2184 481 2223 epistolis
490 2185 545 2212 suis
556 2185 649 2213 orbem
666 2192 797 2214 terrarum
812 2194 921 2216 venatus
936 2195 983 2217 est.

251 2238 284 2259 11.
301 2236 364 2259 344.
383 2241 407 2259 11.
422 2230 540 2258 Paulinae
551 2231 669 2269 epistolae
679 2232 785 2260 metalla
799 2240 861 2261 sunt
872 2233 989 2272 Spiritus

250 2281 274 2302 et
283 2274 367 2302 fontes
381 2296 387 2309 ,
402 2274 546 2311 quomodo.
559 2281 603 2302 III.
620 2279 683 2303 334.
702 2286 729 2303 E.
757 2277 844 2304 Beatae
858 2278 915 2315 ejus
930 2278 990 2305 ani-

250 2328 298 2346 111ῑο
313 2318 426 2345 sormam
445 2324 567 2345 accurate
580 2318 657 2346 nobis
674 2318 832 2358 depingunt.
858 2328 903 2349 III.
923 2326 985 2349 349.

250 2364 307 2390 Cur
323 2361 448 2389 omnihus
462 2361 581 2399 epistolis
593 2362 648 2389 suis
663 2373 757 2391 nomen
774 2374 852 2391 suum
867 2366 990 2403 praelixe-

251 2405 296 2432 iit.
307 2412 350 2432 Ix.
363 2408 427 2432 466.
439 2404 494 2431 Cur
502 2414 596 2432 nomen
608 2405 722 2443 apostoli
737 2407 888 2444 praemittat.
904 2415 947 2436 VI.
960 2413 985 2436 5.

253 2459 274 2475 r..
295 2449 372 2476 110110
383 2454 507 2476 vocatum
521 2459 548 2476 se
558 2448 640 2478 dicat.
663 2455 986 2481 111.161.162.1Χ.467.

253 2500 276 2520 ct
290 2495 472 2522 501·ν11111.10511
487 2494 598 2522 Christi.
618 2502 662 2523 lx.
682 2500 742 2523 ’166-
766 2507 786 2523 1.
802 2508 827 2524 Β.
841 2497 990 2535 Epistolam

251 2536 374 2569 ordiens,
404 2538 469 2565 facta
496 2539 544 2566 Dei
561 2540 708 2569 1000110110,
730 2550 779 2568 11011
803 2540 876 2578 prius
890 2541 922 2569 ml
939 2542 989 2570 do—

1006 196 1132 221 utinum.

1028 259 1140 287 eti-inam
1154 257 1289 296 procedit,
1302 267 1382 294 quam
1394 256 1450 284 Deo
1464 255 1582 284 debitam
1596 254 1700 283 laudem
1716 251 1764 281 tri-

1027 305 1125 334 buerit.
1140 312 1160 333 1,
1177 308 1274 331 567.11.
1289 307 1353 330 568.
1370 303 1410 330 De
1419 302 1515 330 suturis
1529 301 1635 330 assidue
1647 300 1763 329 disserit.

1030 357 1075 379 III.
1116 353 1178 377 172.
1224 346 1368 376 Existimat
1404 346 1613 385 Chrysostomus
1651 345 1767 374 Paulum

1029 395 1143 429 (Tmzss.
1168 396 1215 429 II.)
1240 392 1353 421 Romani
1378 391 1483 430 imperii
1507 392 1586 420 finem
1612 390 1765 430 praedicere.

1029 447 1077 469 XI.
1094 444 1158 467 612.
1172 450 1197 466 c.
1214 449 1240 466 D.
1254 442 1319 465 613.
1336 437 1484 475 Episcopos
1499 436 1644 474 aliquando
1656 435 1767 474 presby-

1029 492 1098 514 teros
1115 491 1197 513 vocat.
1214 491 1259 512 xt.
1277 488 1341 511 799.
1355 483 1474 520 Opifiees
1490 489 1513 510 et
1527 492 1656 521 pauperes
1667 482 1767 510 salutat

1028 529 1141 558 Paulus.
1156 536 1201 556 III.
1215 532 1280 556 209.
1298 538 1359 554 ,1.11.
1375 527 1452 555 Pauli
1464 526 1638 565 epistolarum
1650 526 1761 553 fructus.

1031 581 1050 601 1.
1069 578 1132 601 504.
1160 576 1221 600 505.
1238 571 1337 598 Divina
1353 570 1436 609 plena?
1457 577 1518 598 sunt
1534 570 1674 609 sapientia.
1700 574 1764 598 505.

1030 627 1114 654 neque
1137 615 1224 644 solum
1240 614 1274 643 ad
1284 613 1409 651 dogmata
1421 615 1512 653 spuria
1527 614 1688 642 confutanda
1704 624 1767 652 ger-

1030 670 1160 697 manaque
1184 658 1292 687 tutanda
1309 658 1400 686 idonea
1425 665 1486 686 sunt
1502 658 1600 696 scripta
1623 659 1700 696 ejus,
1721 656 1767 685 sed

1030 705 1109 732 etiam
1122 703 1155 731 ad
1173 703 1271 730 honam
1287 701 1370 730 vitam
1388 701 1590 730 instituendam.
1607 703 1651 729 lh.
1669 701 1766 729 Fontes

1030 755 1090 776 sunt
1102 746 1282 775 indeficientes
1292 757 1297 772 ι
1307 745 1509 782 quantumlibet
1520 744 1639 781 haurias,
1653 751 1766 773 tantum-

1030 792 1091 820 dem
1106 798 1131 820 et
1147 791 1232 819 multo
1243 790 1360 828 amplius
1376 800 1484 818 rursum
1500 789 1625 819 affluunt.
1646 795 1691 817 III.
1706 793 1770 816 334.

1032 848 1056 864 Α.
1093 835 1183 863 Mellis
1210 834 1295 862 fontes
1321 833 1439 872 epistolae
1466 833 1561 867 Pauli,
1591 832 1679 860 mellis
1700 832 1772 870 quod

1032 879 1171 908 fastidium
1186 888 1332 915 numquam
1351 877 1432 916 parit.
1451 884 1496 905 III.
1514 881 1579 905 232.
1596 887 1623 904 A.
1641 877 1772 912 Quicum-

1032 934 1084 961 que
1108 934 1156 951 sua
1171 922 1250 951 eorda
1271 920 1395 949 laticibus
1420 932 1453 949 ex
1472 920 1514 949 1115
1531 920 1649 948 fontibus
1672 919 1775 948 haustis

1033 968 1157 1006 replent,
1184 976 1231 1004 per
1256 965 1389 1003 Spiritum
1406 972 1526 993 sanctum
1548 964 1705 1002 loquuntur.
1723 971 1770 992 III.

1033 1016 1098 1040 232.
1117 1023 1140 1039 A.
1158 1009 1287 1048 Epistola:
1306 1008 1382 1036 Pauli
1398 1008 1525 1046 tegendae.
1542 1015 1588 1036 IX.
1613 1012 1677 1035 818.
1696 1019 1721 1035 Α.
1738 1014 1770 1035 x.

1033 1059 1097 1083 695.
1121 1065 1147 1082 Α.
1173 1065 1197 1081 B.
1227 1055 1298 1081 Cum
1319 1051 1476 1089 Evangeliis
1497 1052 1523 1079 in
1546 1062 1628 1079 unum
1657 1051 1775 1079 collectae

1032 1105 1115 1126 erant.
1129 1104 1172 1125 VI.
1191 1101 1237 1124 21.
1254 1107 1280 1124 c..
1296 1106 1324 1124 n.
1340 1096 1418 1133 Saepe
1432 1102 1470 1122 ter
1482 1102 1608 1132 quaterve
1623 1105 1668 1133 per
1681 1095 1774 1132 singu-

1033 1142 1071 1170 las
1095 1138 1279 1169 hebdomadas
1297 1139 1323 1166 in
1345 1138 1457 1166 ecelesia
1480 1139 1635 1176 legebantur
1658 1138 1775 1177 epistolae

1034 1185 1118 1213 Pauli.
1131 1192 1176 1212 IX.
1202 1187 1264 1211 461.
1285 1193 1312 1209 ,1.
1330 1184 1386 1210 Cur
1402 1182 1427 1209 in
1447 1182 1566 1220 Epistola
1582 1182 1615 1210 ad
1640 1183 1775 1211 Romanos

1034 1236 1071 1256 tot
1086 1227 1207 1256 homines
1221 1226 1320 1254 Paulus
1333 1225 1500 1255 salutaverit.
1519 1233 1565 1254 Ix-
1579 1230 1644 1255 826.
1656 1226 1775 1254 Primam

1032 1273 1064 1300 ad
1081 1271 1234 1301 Corinthios
1248 1281 1281 1298 ex
1296 1270 1357 1297 Asia
1369 1293 1375 1304 ‚
1393 1269 1539 1297 secundam
1563 1280 1597 1298 ex
1616 1269 1774 1298 Macedoni-1

1033 1316 1151 1355 scripsit.
1182 1322 1214 1344 X.
1241 1319 1307 1342 437.
1335 1325 1360 1342 c.
1386 1316 1442 1341 Cur
1470 1313 1613 1341 secundam
1637 1314 1776 1352 epistolam

1033 1360 1116 1399 priori
1131 1359 1295 1398 adjunxerit.
1311 1365 1343 1386 x.
1362 1362 1424 1386 435.
1440 1362 1507 1386 486.
1527 1359 1618 1393 Quare
1634 1357 1711 1385 initio
1733 1368 1774 1386 50-

1031 1404 1124 1432 cundae
1141 1404 1222 1441 hujus
1233 1402 1351 1441 epistola:
1362 1401 1538 1429 Timotheum
1551 1412 1630 1430 sunm
1642 1403 1774 1431 nominet.

1034 1455 1066 1476 X.
1083 1452 1147 1475 487.
1162 1445 1237 1482 Quid
1251 1445 1365 1473 Paulum
1380 1444 1493 1472 moverit
1504 1444 1538 1472 ad
1553 1446 1694 1483 epistolam
1711 1446 1777 1474 scri·

1032 1491 1147 1519 bendam
1169 1489 1204 1517 ad
1221 1489 1342 1517 Galatas.
1367 1496 1401 1517 x.
1430 1494 1494 1519 780.
1514 1500 1541 1517 n.
1576 1500 1604 1517 E.
1623 1491 1667 1518 Ab
1682 1490 1779 1519 acriori

1033 1534 1219 1573 objurgatione
1238 1533 1360 1568 orditur,
1386 1543 1480 1569 quare.
1499 1541 1532 1561 x.
1563 1538 1629 1563 789.
1660 1544 1683 1561 Β.
1710 1538 1776 1561 790.

1035 1579 1099 1607 11105
1123 1585 1209 1606 tamen
1235 1575 1433 1614 quodammodo
1454 1583 1571 1604 excusat.
1594 1584 1638 1605 Π.
1662 1582 1727 1606 884.
1750 1587 1777 1605 1).

1034 1627 1099 1652 885,
1113 1622 1219 1655 Quanta
1236 1620 1305 1648 bona
1320 1621 1360 1647 ira
1376 1620 1455 1648 Pauli
1471 1627 1562 1648 contra
1582 1620 1692 1649 Galatas
1708 1627 1778 1648 attu-

1033 1666 1103 1694 lerit.
1125 1672 1182 1693 VII.
1210 1669 1277 1692 244.
1303 1674 1328 1691 A.
1353 1663 1397 1691 Ad
1413 1663 1548 1702 Ephesios
1571 1665 1694 1693 scribens
1715 1676 1779 1694 san-

1035 1715 1174 1738 ctosvocat
1184 1707 1257 1737 viros
1268 1708 1423 1745 conjugatos
1446 1715 1490 1736 xt.
1504 1713 1530 1737 3.
1546 1719 1574 1736 D.
1594 1708 1780 1747 Philippenses

1039 1753 1122 1782 Paulo
1137 1752 1206 1780 dona
1223 1750 1302 1790 primi
1325 1751 1491 1779 obtulerunt.
1507 1758 1554 1780 XI.
1572 1756 1634 1780 359.
1658 1753 1781 1791 Epistola

1040 1797 1075 1825 ad
1089 1796 1258 1825 Colossenses
1273 1793 1442 1832 quandonam
1457 1795 1564 1832 scripta.
1580 1800 1700 1825 x1.370.
1720 1807 1742 1824 ix.
1753 1808 1778 1826 0.

1041 1843 1123 1868 Amor
1137 1839 1215 1867 Pauli
1226 1849 1288 1876 erga
1303 1838 1563 1867 Thessalonicenses.
1581 1847 1626 1868 XI.
1639 1844 1701 1868 514.
1721 1842 1777 1868 Cur

1040 1883 1159 1912 Heln-:eis
1171 1882 1307 1920 scripserit
1319 1904 1325 1917 ‚
1339 1893 1392 1920 quo
1405 1889 1524 1921 tempore
1534 1905 1541 1919 ,
1559 1894 1611 1921 qua
1632 1883 1778 1911 occasione.

1042 1935 1098 1956 XII.
1116 1932 1143 1955 3.
1159 1937 1187 1954 D.
1206 1938 1229 1954 0.
1245 1928 1335 1961 Quare
1346 1936 1439 1954 nomen
1453 1937 1531 1954 500111
1542 1926 1619 1954 initio
1634 1926 1716 1965 liujus
1728 1927 1782 1965 epi-

1040 1971 1113 2000 510110
1126 1981 1177 1998 11011
1189 1970 1344 2009 praelixerit.
1364 1977 1408 1998 III.
1428 1974 1492 1998 442.
1510 1981 1534 2000 u.
1553 1981 1578 1997 c.

1080 2015 1179 2043 Paulus
1203 2014 1341 2053 exemplar
1364 2015 1508 2042 virtutum.
1534 2021 1580 2042 XI.
1606 2018 1670 2042 480.
1696 2024 1724 2043 D.
1750 2025 1778 2044 13.

1040 2059 1166 2097 Seipsum
1191 2069 1260 2096 saepe
1283 2057 1421 2095 exemplar
1445 2057 1581 2095 proponit.
1608 2064 1637 2084 v.
1661 2062 1685 2085 9.
1706 2068 1733 2085 E.
1752 2069 1778 2086 A.

1045 2103 1191 2132 Imitandus
1203 2103 1279 2131 nobis
1289 2103 1460 2141 proponitur.
1474 2109 1519 2130 IV.
1535 2107 1597 2130 108.
1610 2112 1637 2129 E.
1654 2109 1702 2131 XI.
1716 2107 1782 2133 229,

1043 2158 1069 2175 E.
1088 2148 1233 2175 Possumus
1248 2146 1327 2173 illum
1340 2144 1452 2172 imitari.
1471 2151 1516 2172 IV.
1534 2150 1594 2173 117.
1608 2156 1633 2173 0.
1648 2156 1676 2173 n.
1691 2148 1786 2182 Quan-

1046 2199 1102 2217 tum
1115 2189 1147 2217 ad
1164 2190 1279 2227 gratiam
1290 2188 1396 2225 etsigna
1410 2209 1417 2223 ‚
1434 2198 1485 2215 non
1498 2188 1565 2216 alter
1580 2189 1679 2217 Paulus
1694 2198 1784 2228 postea

1042 2233 1157 2270 erit‚sed
1173 2239 1301 2270 quantum
1316 2231 1349 2259 ad
1365 2232 1427 2260 vitm
1436 2231 1617 2270 diligentiam,
1632 2234 1786 2272 quicunque

1045 2278 1177 2312 voluerit,
1189 2276 1343 2315 hujusmodi
1357 2286 1412 2304 esse
1422 2277 1528 2314 poterit.
1546 2284 1564 2304 I.
1584 2281 1645 2304 169.
1662 2289 1687 2305 A.
1703 2289 1727 2304 B.
1739 2278 1785 2307 Si-

1045 2322 1121 2349 miles
1133 2322 1155 2349 ei
1166 2332 1221 2348 0550
1235 2330 1383 2359 possumus.
1402 2327 1434 2348 II.
1450 2325 1513 2348 597.
1527 2331 1550 2348 ,1.
1565 2320 1644 2348 Pauli
1658 2322 1785 2350 memoria

1046 2365 1146 2393 suflicit
1159 2364 1192 2392 ad
1208 2365 1338 2393 fiduciam
1354 2363 1507 2393 indendam.
1525 2363 1576 2392 Sed
1593 2364 1614 2391 si
1630 2365 1686 2403 ejus
1700 2376 1785 2394 recor-

1043 2411 1157 2445 demur,
1168 2411 1257 2449 ipsum
1273 2410 1420 2438 imitemur.
1438 2417 1483 2439 VI.
1498 2414 1598 2437 337113.

1085 2454 1162 2482 Pauli
1175 2464 1263 2482 amore
1275 2454 1368 2491 flagrat
1382 2453 1598 2491 Chrysostomus.
1612 2460 1656 2481 Π.
1666 2459 1786 2484 111511.

1047 2506 1090 2526 tx.
1113 2502 1176 2526 461.
1200 2510 1224 2526 ,1.
1249 2499 1371 2525 Amorem
1387 2497 1464 2524 illum
1483 2498 1693 2527 00111110101·.111.
1722 2503 1783 2527 122.

1048 2556 1072 2571 Α.
1104 2548 1162 2573 123.
1195 2543 1401 2582 0111’)’505[0111115
1425 2542 1582 2571 concionans
1606 2543 1651 2572 nbi
1675 2545 1785 2573 Paulum
