1884 2922
774 203 876 225 INDEX
906 204 1030 226 RERUM.

131 264 157 292 vi
177 270 202 292 et
224 263 340 292 efficacia
354 263 521 301 loquebatur.
537 270 581 292 IX.
600 268 663 292 427.
684 273 708 291 ε.
726 274 753 291 A.
767 264 865 292 Omnia

129 308 186 346 ejus
199 307 288 336 verbis
301 307 439 335 cedebant.
455 315 485 335 11.
499 312 562 335 595.
580 318 604 335 Β.
621 317 647 335 e.
665 306 742 335 Pauli
757 318 864 346 scopus,

128 349 280 379 institutum
304 358 328 379 et
351 351 495 379 consilium
522 350 659 388 loquendi.
686 358 718 379 X.
746 355 809 379 428.
836 362 862 380 c.

129 399 192 423 429.
207 395 268 430 Qua
283 395 430 434 gravitate,
445 405 497 433 qua
516 394 675 423 auctoritate
694 394 862 432 loquebatur.

129 445 162 467 X.
182 444 245 467 140.
266 450 294 467 D.
316 450 343 467 ε.
361 444 426 467 688.
445 450 472 467 A.
494 439 552 466 Non
572 437 725 476 imperantis
738 438 865 466 11101010-

127 482 267 520 quebatur.
290 491 335 513 XI.
356 488 421 511 798.
446 493 475 510 D.
500 481 673 510 Audientium
689 481 866 510 imbecillitati

127 536 155 554 se
172 526 371 565 attemperabat.
395 533 428 556 11.
448 530 491 554 32.
518 537 543 553 A.
562 526 715 554 Sermonem
731 525 864 561 variabat,

127 579 179 597 non
194 576 350 607 utcumque,
366 569 412 599 sed
425 569 497 597 mitia
513 569 642 608 primum,
657 568 805 607 deindeque
816 569 866 597 tri-

127 614 176 641 stia
197 613 328 648 adhibet,
345 623 437 651 quare.
458 620 504 641 IX.
519 617 583 641 487.
600 624 627 640 A.
641 612 729 640 Multa
744 623 777 640 ex
788 623 865 641 com-

127 657 202 685 muni
227 657 393 685 audientium
413 667 489 685 sensu
513 656 677 694 proferebat,
696 666 743 684 nec
764 656 865 694 ubique

127 701 379 740 philosophabatur.
401 708 448 729 XI.
473 705 537 728 306.
565 712 590 730 E.
617 711 642 728 r.
669 701 738 729 Cum
758 701 865 729 videbat

126 745 253 773 doetrinae
263 756 415 774 sermonem
429 744 462 773 ad
475 744 641 773 suadendum
651 745 789 773 infirmum
801 755 864 780 esse,

126 787 309 827 lacrymarum
325 789 453 817 medelam
473 787 624 816 inducebat.
643 796 688 817 XI.
709 794 774 817 337.
793 799 822 817 D.
843 791 865 816 A

126 831 224 860 futuris
243 839 268 860 et
285 844 299 860 a
320 832 496 871 praesentibus
511 832 647 861 auditores
667 833 862 862 commov.ebat

128 881 186 903 VII.
208 880 271 903 251.
292 886 318 903 D.
337 874 488 903 Mercurius
502 886 556 903 esse
572 875 715 914 putabatur
726 897 733 911 ‚
750 875 844 913 quod
838 886 865 904 ln

126 918 275 956 eloquentia
299 918 423 957 princeps
446 925 521 946 esset.
549 926 566 947 I.
591 923 655 947 504.
682 930 710 947 D.
738 926 781 947 IX.
798 924 862 948 261.

125 971 153 991 c.
166 972 192 989 D.
209 966 271 990 462.
284 972 308 989 B.
336 963 410 990 Mors
429 962 544 1000 Eutychi
565 963 716 990 concionem
728 963 804 991 Pauli
816 973 867 991 non

126 1004 216 1032 solvit.
233 1011 279 1034 IV.
296 1009 362 1032 768.
378 1011 424 1033 IX.
443 1009 507 1033 363.
523 1017 538 1033 Α
561 1010 625 1033 364.

165 1048 266 1076 Paulus
274 1047 358 1086 magis
374 1059 387 1076 a
403 1047 514 1085 Judaeis‚
529 1059 609 1086 quam
620 1060 634 1077 a
646 1050 791 1088 gentilibus
799 1061 865 1078 exa-

125 1091 233 1130 gitatus.
258 1099 304 1120 IX.
331 1097 396 1120 317.
417 1103 440 1119 Β.
454 1097 519 1120 410.
541 1095 598 1120 Cur
614 1104 718 1122 summo
735 1094 866 1122 sacerdoti

126 1135 224 1164 dixerit
238 1147 243 1162 τ
255 1136 346 1165 Paries
357 1136 488 1165 dealbate.
504 1144 549 1165 IX.
564 1142 626 1166 405.
641 1149 666 1166 c.
680 1149 707 1166 D.
720 1143 783 1167 406.
800 1139 867 1167 Pau-

126 1180 182 1208 lum
198 1181 399 1208 contemnebant
415 1188 438 1208 et
456 1181 608 1209 lacerabant
625 1182 723 1210 Judoei.
744 1190 778 1210 X.
799 1187 864 1210 486.

127 1234 155 1254 D.
179 1235 207 1254 Ε.
223 1225 343 1252 Maxime
356 1232 411 1252 erat
426 1225 479 1253 illis
495 1236 601 1254 exosus.
621 1233 676 1254 Xll.
695 1231 721 1254 2.
738 1237 761 1253 Β.
787 1226 866 1254 luat-e

128 1278 142 1295 a
171 1267 271 1297 Judaeis
296 1269 463 1306 potissimum
488 1269 656 1297 afficiebatur
688 1269 819 1298 molestia.
843 1276 864 1297 1.

128 1317 191 1341 807.
220 1314 278 1340 Cur
290 1323 340 1340 non
353 1313 386 1340 ad
404 1312 511 1342 Judaeos
525 1324 540 1340 a
555 1315 611 1340 Deo
627 1313 723 1341 missus
734 1314 778 1341 sit.
805 1320 862 1342 XII.

128 1361 156 1387 2.
179 1368 204 1386 c.
223 1357 374 1395 Aliquando
392 1357 491 1385 Paulus
505 1357 670 1396 judaizabat.
691 1365 737 1388 IX.
757 1363 821 1386 297.
838 1369 865 1386 1-;.

131 1400 480 1439 Jerosolymisjudaizabat,
493 1411 544 1429 non
556 1401 868 1430 Antiochiae.IX.391.D.

131 1445 272 1474 Judaicam
287 1445 499 1483 purificationem
518 1445 601 1473 subiit
614 1466 621 1480 ‚
637 1455 728 1483 quare.
742 1453 788 1474 IX.
800 1450 864 1474 389.

131 1499 159 1517 n.
172 1499 198 1517 Ε,
212 1489 252 1517 Ne
265 1488 352 1517 Judaei
365 1488 570 1525 offenderentur,
579 1488 663 1527 legem
674 1489 796 1517 servabat
807 1502 813 1523 3
823 1489 867 1517 sed

130 1532 192 1562 illos
209 1533 348 1562 contemsit
360 1543 410 1561 non
426 1533 537 1561 ferentes
549 1532 621 1570 quod
635 1534 725 1562 Jesum
741 1533 868 1572 praediea-

123 1576 170 1605 'ret
183 1577 355 1606 crucifixum.
371 1584 403 1606 V.
417 1581 481 1605 286.
494 1587 518 1604 Β.
534 1587 560 1604 c.
577 1576 733 1615 Synagogas
747 1577 868 1614 frequen-

130 1620 281 1658 ter-adibat,
298 1631 389 1658 quare.
406 1627 451 1649 IX.
471 1625 535 1649 3¹2.
553 1631 577 1648 E.
592 1631 620 1648 A.
638 1625 702 1649 343.
717 1631 743 1648 c.
760 1620 868 1649 Judaeos

131 1664 259 1693 confutat.
276 1671 334 1693 XII.
354 1669 399 1692 36.
415 1674 442 1692 D.
457 1664 536 1702 Legis
549 1663 707 1702 dignitatem
724 1674 774 1692 11011
790 1664 868 1693 tollit.

131 1715 177 1738 IX.
189 1714 254 1737 600.
270 1719 294 1737 Β.
312 1708 378 1747 Ejus
390 1715 490 1736 metum
504 1708 592 1736 solvit.
609 1715 653 1736 IX.
671 1713 737 1737 774.
752 1718 778 1736 A.
794 1708 867 1736 Ubi-

130 1763 182 1791 que
198 1753 274 1781 Pauli
289 1763 387 1789 scopus
399 1759 436 1781 est
452 1758 481 1780 ut
491 1752 576 1790 legem
590 1751 730 1781 „Iudaicam
746 1752 865 1790 abroget.

132 1803 179 1826 lx.
196 1801 261 1825 606.
283 1807 311 1824 E.
334 1796 462 1835 Epistolae
478 1797 536 1835 ejus
551 1806 641 1824 omnes
656 1803 746 1824 contra
759 1796 868 1825 Jiidaeos

132 1846 263 1868 certamen
278 1840 431 1879 praeferunt.
448 1847 493 1868 IX.
512 1845 574 1868 312.
589 1851 616 1868 A.
635 1841 690 1869 Cur
706 1839 807 1870 Judoeis
819 1841 869 1869 Ju-

131 1882 221 1911 daeum
232 1894 259 1911 se
271 1883 395 1911 faciebat.
411 1890 455 1912 111.
472 1889 532 1913 104.
551 1894 578 1912 D.
593 1891 623 1912 X.
640 1888 705 1912 228.
723 1895 748 1912 A.
762 1895 787 1911 Β.
803 1885 870 1912 Pau-

131 1927 174 1956 lus
188 1927 231 1966 pia
246 1926 340 1955 fraude
359 1937 432 1962 usus,
449 1927 546 1955 multas
561 1926 718 1956 Judaeorum
734 1927 869 1966 myriadas

132 1972 252 2000 attraxit.
269 1979 291 2001 1.
304 1976 368 2000 452.
388 1983 414 1999 c.
428 1970 570 2005 Quomodo
589 1982 637 2010 pro
652 1971 754 2000 Judaeis
767 1978 870 2010 optaret

132 2026 187 2044 esse
202 2016 352 2043 anathema.
367 2022 422 2043 vu.
441 2019 505 2044 258.
517 2019 582 2044 697.
598 2022 643 2045 IX.
661 2019 726 2043 067.
743 2019 807 2043 668.

174 2059 274 2088 Paulus
287 2066 356 2087 vetat
374 2059 605 2087 circumcisionem
616 2081 623 2093 ,
638 2065 661 2086 et
675 2065 761 2086 tamen
774 2059 870 2086 Timo-

132 2104 223 2132 theum
241 2102 420 2137 circumcidit,
437 2113 529 2140 quare.
547 2110 567 2131 I.
586 2107 649 2131 452.
664 2113 690 2132 c.
706 2110 752 2132 III.
770 2107 831 2131 104.
847 2112 869 2130 Β.

133 2159 157 2176 e.
173 2158 202 2176 D.
221 2155 255 2176 X.
272 2152 334 2175 808.
350 2158 375 2174 Β.
390 2151 454 2175 809.
468 2151 530 2175 849.
544 2153 603 2175 XII.
619 2151 681 2175 522.
696 2157 722 2174 E.
738 2153 767 2174 ut
790 2156 870 2174 ever-

133 2198 198 2220 teret
216 2190 454 2219 circumcisionem.
480 2198 512 2218 X.
533 2195 597 2219 228.
620 2201 643 2220 Β,
665 2190 743 2217 Pauli
761 2200 823 2217 cura
845 2196 870 2217 et

133 2234 304 2274 providentia
321 2234 390 2262 circa
406 2234 591 2264 Timotheum.
611 2241 645 2264 II.
665 2238 691 2262 5.
709 2245 736 2264 D.
755 2244 782 2261 E.
795 2245 821 2262 A.
840 2238 867 2261 6.

134 2279 224 2313 Quare
234 2278 323 2316 ipsum
338 2278 473 2306 stomacho
488 2278 652 2306 laborantem
667 2288 719 2306 non
730 2278 870 2306 sanaverit.

135 2330 168 2351 II.
185 2327 211 2351 4.
223 2333 249 2352 Β.
261 2332 288 2350 c.
306 2321 425 2359 Reliquit
439 2333 500 2350 eum
516 2322 626 2360 Ephesi.
645 2328 691 2352 XI.
710 2326 737 2350 2.
760 2332 783 2348 Β.
804 2325 868 2349 637.

134 2378 161 2396 ε,
183 2378 208 2395 Α,
228 2365 371 2401 Quomodo
389 2366 466 2394 illum
491 2365 526 2394 ad
543 2376 570 2393 se
593 2372 679 2394 vocet.
700 2372 745 2394 XI.
762 2369 826 2393 779.
842 2375 868 2393 Β.

134 2411 190 2439 Cur
204 2410 298 2438 Titum
313 2410 338 2438 in
350 2412 430 2438 Creta
444 2409 530 2437 insula
546 2409 682 2447 reliquerit
694 2409 804 2437 Paulus.
822 2415 869 2439 XI.

133 2459 198 2483 798.
219 2464 245 2482 c.
268 2464 294 2481 D.
312 2455 368 2482 Cur
383 2464 443 2482 eum
458 2453 610 2492 Nicopolim
625 2452 658 2480 ad
673 2463 700 2480 se
718 2459 804 2481 vocet.
822 2459 869 2481 Xl.

133 2502 198 2526 834.
218 2508 243 2526 Β.
262 2497 353 2532 Quare
371 2497 513 2526 Timotheo
528 2503 632 2525 tantum
654 2503 679 2524 et
694 2496 756 2524 Tito
772 2496 871 2524 scribat

134 2541 250 2578 Paulus,
263 2551 314 2569 non
330 2551 393 2570 vero
407 2540 467 2568 aliis
479 2539 628 2578 discipulis.
644 2546 689 2568 XI.
707 2544 772 2567 634.
793 2550 818 2568 c.
838 2550 864 2567 D.

295 2604 367 2622 TOM.
396 2603 446 2621 xm

1597 198 1664 232 3137

1650 231 1658 243 Ι

916 265 1084 299 Onesimum,
1105 275 1211 294 servum
1234 266 1355 295 inutilem
1367 288 1374 302 ‚
1393 269 1555 307 transfugam
1571 277 1596 298 ct
1616 271 1659 298 fu<

919 319 985 346 rem,
1003 319 1053 337 non
1073 309 1151 337 modo
1167 309 1338 348 amplectitur
1352 311 1459 348 quando
1473 319 1590 342 mutatus
1607 321 1655 346 est.

918 352 964 380 scd
979 353 1056 380 etiam
1072 353 1166 381 herum
1183 354 1239 392 ejus
1253 360 1344 392 rogat,
1366 354 1445 383 illum
1461 355 1660 394 resipiscentem

919 396 976 434 pari
996 396 1091 425 habeat
1105 397 1205 425 honore
1219 404 1298 435 atque
1314 406 1504 438 praeceptorem
1523 400 1618 439 ipsius.
1637 408 1656 429 1.

921 445 965 468 37.
984 451 1005 467 1.
1016 451 1039 470 Β.
1053 445 1097 468 38.
1117 441 1206 475 Quare
1217 440 1304 469 filium
1315 452 1393 470 suum
1405 450 1479 471 vocet
1490 443 1658 472 Onesimum.

922 491 966 512 XI.
984 489 1048 513 851.
1065 484 1158 513 Noluit
1175 485 1231 512 sine
1243 495 1372 513 consensu
1388 485 1445 514 heri
1465 497 1572 515 servum
1588 487 1660 516 hunc

919 527 1040 556 retinere.
1066 535 1111 557 XI.
1131 533 1195 556 841.
1227 538 1255 557 D.
1294 529 1414 556 Onesimi
1450 530 1536 567 gratia
1557 531 1664 570 scripsit

918 571 1018 600 Paulus
1030 571 1064 599 ad
1076 571 1269 600 Philemonem.
1285 579 1331 600 IX.
1350 577 1414 600 463.
1434 584 1458 601 c.
1475 581 1519 602 XI.
1536 579 1599 603 839.

957 616 1057 644 Paulus
1073 616 1183 644 Athenis
1195 615 1315 654 disputat
1331 626 1391 643 cum
1405 616 1547 655 Epicureis
1558 625 1582 646 et
1594 618 1657 647 Sto-

917 658 973 687 icis.
990 666 1008 687 1.
1025 664 1088 687 504.
1105 670 1133 688 D.
1148 667 1194 688 Ix.
1212 664 1276 688 318.
1295 660 1353 688 Non
1369 670 1402 689 ex
1416 661 1554 699 prophetis
1567 672 1614 689 nec
1626 672 1660 690 cx

918 703 1066 741 Evangelio
1082 714 1143 731 cum
1162 703 1216 730 illis
1235 703 1381 739 disseruit,
1400 703 1445 732 sed
1467 705 1501 733 al)
1525 716 1569 733 ara
1593 707 1664 745 cepit

917 746 1140 776 exhortationem.
1160 754 1178 774 1.
1192 751 1255 774 770.
1269 758 1293 775 n.
1308 752 1375 774 771.
1392 754 1449 777 VII.
1466 753 1524 776 104.
1542 760 1569 777 A.
1584 749 1659 784 Quo-

919 790 999 818 modo
1008 800 1069 818 cum
1085 790 1291 818 Atheniensibus
1302 790 1474 828 loquebatur.
1490 800 1536 822 IV.
1550 799 1614 822 749.
1633 805 1656 822 11.

918 838 984 861 750.
1003 834 1187 872 Inscriptione,
1205 835 1312 862 onoro
1333 834 1401 868 Deo,
1422 845 1484 863 usus
1497 843 1544 870 cst,
1564 844 1591 864 ut
1607 839 1660 865 Da-

919 877 968 905 vid
988 877 1078 915 gladio
1100 877 1234 905 Goliathi.
1262 884 1304 905 111.
1328 882 1375 906 68.
1394 885 1440 906 IX.
1459 883 1523 907 322.
1548 890 1577 907 D.
1600 885 1662 909 323.

919 921 973 948 Cur
988 922 1014 948 in
1029 924 1171 960 Areopago
1190 921 1329 949 Christum
1345 922 1480 950 hominem
1500 929 1602 952 tantum
1618 924 1663 952 (li-

915 971 967 993 eat.
980 972 1025 994 IX.
1039 970 1066 993 3.
1084 976 1109 993 Β.
1124 976 1150 995 c,
1164 966 1220 993 Cur
1229 975 1263 993 cx
1275 965 1377 994 Graecis
1388 965 1480 994 offerat
1493 967 1656 998 testimonia.

920 1015 965 1036 XI.
985 1013 1047 1038 807,
1062 1019 1090 1038 D.
1105 1008 1179 1037 Arati
1193 1015 1276 1047 poeta?
1293 1019 1385 1036 versus
1399 1016 1502 1047 partem
1513 1011 1599 1041 affert.
1615 1019 1661 1040 XI.

922 1058 987 1081 807.
1006 1065 1031 1082 A.
1053 1065 1077 1082 B.
1090 1054 1179 1089 Quare
1197 1063 1226 1081 ca
1244 1063 1304 1091 quae
1320 1053 1353 1081 de
1366 1054 1432 1082 Jove
1446 1053 1613 1089 dicebantur,
1633 1055 1667 1083 ad

920 1097 1007 1124 Deum
1020 1097 1124 1124 referat.
1139 1103 1186 1125 IX.
1203 1100 1268 1124 322.
1291 1107 1318 1123 D.
1338 1103 1385 1124 XI.
1406 1101 1471 1126 807.
1490 1108 1511 1125 n.
1528 1102 1591 1126 808.
1608 1098 1663 1126 Cur

922 1150 973 1167 non
985 1140 1074 1168 statim
1087 1151 1169 1168 unum
1183 1140 1465 1178 Deumincorporeum
1476 1148 1501 1169 et
1511 1141 1567 1169 sine
1577 1142 1665 1180 figura

921 1184 974 1212 illis
988 1184 1149 1223 praedicarit.
1166 1192 1212 1213 IX.
1231 1190 1295 1213 319.
1316 1194 1343 1212 Ε.
1362 1184 1437 1212 Nihil
1451 1192 1615 1222 extraneum,
1626 1186 1665 1214 ni—

922 1228 960 1255 1111
974 1238 1075 1256 novum
1087 1228 1224 1256 asserebat.
1240 1236 1284 1256 IX.
1302 1233 1365 1256 318.
1382 1239 1407 1258 n.
1426 1229 1483 1256 Una
1498 1239 1562 1257 voce
1577 1230 1666 1258 omnia

921 1271 1142 1310 philosophorum
1156 1271 1281 1310 dogmata
1298 1271 1439 1300 subvertit.
1457 1280 1502 1301 IX.
1519 1277 1582 1303 320.
1597 1285 1625 1302 1).
1639 1285 1664 1302 13.

922 1317 990 1350 Cur,
1016 1316 1106 1354 paucis
1128 1316 1272 1351 conversis,
1296 1316 1414 1344 Athenas
1439 1315 1594 1346 deseruerit.
1617 1325 1664 1346 IX.

923 1363 986 1387 327.
1005 1370 1032 1387 E.
1051 1371 1078 1387 A.
1097 1364 1161 1387 328.

962 1403 1061 1430 Paulus
1074 1403 1194 1431 Corinthi
1207 1413 1255 1430 cur
1264 1403 1534 1441 commorarijiissiis.
1545 1411 1590 1433 111.
1600 1409 1662 1433 31⁶2.

922 1457 947 1474 Β.
961 1453 993 1474 Χ.
1004 1452 1028 1474 1.
1039 1451 1066 1474 2.
1089 1447 1159 1474 Vide
1170 1447 1316 1474 Mannum
1327 1446 1388 1484 lzztj.
1401 1447 1471 1473 tomi
1495 1453 1527 1474 X.
1558 1448 1664 1483 Quanta

919 1488 1062 1518 dilectione
1073 1489 1225 1518 Corinthios
1235 1490 1454 1527 prosequebatur.
1472 1497 1503 1518 X.
1516 1494 1578 1519 623.
1593 1493 1665 1519 Cum

922 1533 1030 1572 publico
1053 1533 1211 1561 fornicatore
1236 1532 1370 1570 quomodo
1393 1539 1454 1571 agat
1484 1533 1594 1564 Paulus.
1624 1542 1658 1563 X.

923 1582 987 1606 148.
1007 1588 1034 1606 13.
1055 1588 1084 1605 A.
1108 1582 1173 1606 149.
1199 1586 1263 1614 sqq.
1285 1577 1346 1604 Non
1367 1586 1428 1604 euni
1450 1577 1599 1612 contemsit,
1620 1578 1666 1606 sed

919 1621 999 1650 etiarn
1012 1621 1100 1649 frenos
1112 1627 1289 1660 respuentem,
1307 1630 1353 1648 nee
1371 1619 1534 1648 medicinam
1552 1621 1656 1649 admit-

920 1672 973 1694 tere
993 1666 1141 1701 volentcm,
1155 1665 1189 1693 ad
1204 1664 1343 1692 sanitatem
1359 1663 1393 1691 ita
1411 1663 1533 1699 reduxit,
1549 1672 1578 1693 ut
1596 1676 1660 1693 con-

919 1716 1269 1748 Ι1111150101111151111100111011
1282 1707 1418 1735 [cclesre
1428 1715 1446 1735 1
1460 1712 1522 1736 829.
1535 1719 1562 1736 E.
1574 1709 1666 1744 Quan-

925 1760 980 1782 tum
994 1753 1074 1781 fuerit
1085 1753 1169 1780 scelus
1183 1750 1254 1789 quod
1267 1751 1309 1779 hic
1325 1751 1484 1788 insequitur
1497 1758 1542 1779 III.
1560 1756 1625 1780 644.
1642 1763 1664 1781 11.

924 1808 951 1825 0.
966 1808 995 1826 D.
1018 1797 1217 1825 Fornicatmcm
1236 1802 1323 1823 11111011
1339 1795 1422 1822 nimio
1438 1805 1550 1823 moerore
1561 1806 1587 1824 se
1602 1806 1666 1824 con-

923 1841 1001 1869 ficere
1012 1842 1122 1869 minime
1131 1840 1204 1868 sinit.
1218 1846 1263 1868 III.
1279 1843 1343 1866 645.
1364 1849 1385 1866 Β
1402 1849 1425 1866 c.
1441 1839 1548 1877 Asper-is
1566 1839 1666 1868 leniora

922 1885 1021 1913 miscet.
1048 1892 1080 1913 X.
1099 1890 1162 1912 779.
1177 1888 1243 1913 780.
1273 1883 1379 1916 Quanta
1397 1882 1467 1910 bona
1481 1883 1600 1911 attulerit
1625 1883 1664 1912 ira

923 1928 1000 1957 Pauli
1011 1935 1100 1957 contra
1112 1926 1275 1956 Corinthios.
1289 1933 1347 1954 vu.
1362 1930 1426 1955 244.
1440 1937 1465 1955 A.

963 1972 1073 2006 Paulus,
1083 1972 1185 2001 Judaeis
1200 1970 1409 2008 insequentibus,
1429 1970 1538 1998 Romam
1552 1981 1666 2009 pergen-

925 2026 968 2044 sus
978 2015 1003 2044 in
1020 2016 1188 2054 naufragium
1204 2013 1309 2047 incidit,
1322 2019 1345 2040 et
1356 2013 1459 2040 infinita
1469 2012 1550 2040 subiit
1564 2013 1667 2042 incom-

925 2059 1020 2097 moda,
1038 2059 1102 2087 dum
1117 2059 1241 2087 omnibus
1261 2057 1381 2096 pecuniis
1396 2057 1538 2096 pretiosius
1554 2057 1666 2086 verbum

924 2103 1062 2142 proferret.
1081 2111 1112 2131 11.
1130 2108 1175 2131 21.
1190 2114 1216 2130 A.
1234 2109 1279 2130 IX.
1293 2106 1356 2130 434.
1370 2106 1470 2130 1).43o.
1487 2111 1510 2127 c.
1530 2102 1668 2135 Quantum

925 2147 1025 2175 bonum
1035 2157 1069 2175 ex
1084 2147 1133 2175 hac
1147 2152 1299 2185 tempestate
1314 2144 1476 2183 provenerit.
1490 2151 1533 2172 IX.
1550 2149 1614 2173 435.
1638 2156 1664 2174 c.

926 2191 1020 2219 Virtus
1036 2190 1113 2218 Pauli
1127 2190 1238 2218 salutern
1255 2188 1467 2227 periclitantibus
1492 2189 1658 2217 conciliavit.

927 2242 972 2263 Iv.
997 2239 1062 2264 261.
1094 2245 1120 2261 E.
1149 2244 1178 2263 A.
1206 2232 1317 2261 Barbari
1339 2242 1399 2259 cum
1414 2231 1534 2260 viderent
1549 2232 1668 2271 viperam

926 2278 1083 2317 pendentem
1112 2277 1145 2306 de
1169 2287 1247 2305 manu
1271 2276 1366 2311 Pauli,
1395 2275 1584 2304 existimabant
1607 2287 1668 2305 eum

928 2322 1062 2350 hominem
1079 2331 1134 2349 esse
1147 2320 1179 2348 de
1194 2330 1304 2348 numero
1315 2330 1407 2348 eorum
1420 2319 1465 2357 qui
1477 2326 1594 2348 extrema
1610 2331 1670 2359 per-

926 2371 1063 2404 petrarunt
1076 2364 1185 2393 scelera.
1198 2371 1221 2391 1.
1234 2367 1298 2391 885.
1310 2373 1337 2391 Ε.
1352 2369 1385 2391 V.
1397 2367 1443 2391 74.
1460 2363 1595 2402 1³.Yipe1·a
1608 2374 1669 2391 con-

927 2408 1019 2436 temtui
1034 2415 1089 2436 erat
1103 2407 1197 2435 Paulo.
1222 2414 1255 2437 V.
1279 2411 1342 2434 596.
1360 2417 1388 2434 A.
1406 2418 1431 2434 Β.
1449 2406 1583 2440 Quoniam
1605 2417 1669 2445 pec-

927 2459 1015 2480 catum
1039 2451 1066 2480 in
1091 2451 1137 2479 illo
1159 2460 1212 2478 non
1232 2450 1351 2485 invenit,
1368 2461 1399 2479 ne
1425 2450 1545 2478 mordere
1561 2450 1669 2488 quidem

927 2496 1023 2534 potuit.
1040 2503 1085 2524 lv.
1102 2499 1164 2523 773.
1180 2504 1205 2522 c.
1217 2493 1299 2529 Quod
1323 2492 1442 2521 videntes
1453 2493 1576 2527 barbari,
1590 2493 1670 2522 deum

927 2550 982 2568 csse
995 2539 1098 2567 dicunt.
1116 2545 1161 2566 IX.
1181 2542 1242 2565 441.
1253 2537 1359 2571 Publio,
1373 2537 1450 2565 Pauli
1463 2537 1670 2575 hospiti,viccm

1484 2592 1518 2618 22
