1910 2907
604 194 693 216 NUNC
720 192 849 215 PRtMUM
878 193 1058 216 ADORNATA
1067 207 1074 215 ·

69 255 120 284 bus
134 255 284 284 concionari
300 255 422 284 volebam
436 267 442 282 :
460 265 513 294 quo
526 255 592 294 quid
604 255 690 291 aliud,
703 264 805 293 quaeso,

69 301 182 330 indicari
192 301 285 341 possit,
298 312 379 340 quam
391 312 523 331 sermones
535 301 568 330 de
579 302 663 330 Paulo
675 300 806 342 apostolo,

68 347 104 376 de
117 348 216 386 quibus
232 358 302 376 nunc
316 349 442 387 agimus?

109 395 148 423 Ut
162 401 264 422 certum
284 402 322 423 est
342 395 390 422 has
404 394 542 423 conciones
557 393 705 422 Antiochiae
724 392 809 420 dictas

70 439 149 468 fuisse
163 443 173 476 (
188 450 250 468 nam
270 440 298 468 id
313 447 401 479 aperte
418 440 519 469 indicat
534 440 743 479 Chrysostomus
756 439 807 467 bo-

69 486 142 522 milia
164 493 258 524 quarta
278 486 312 514 de
326 486 403 514 Pauli
424 486 565 521 laudibus,
587 486 632 513 ubi
655 485 689 513 de
709 484 808 523 templo

68 533 202 572 Apollinis
225 533 251 561 in
281 533 411 561 suburbio
426 533 553 573 Daphnes
575 544 589 561 a
605 532 718 561 fulmine
737 538 808 560 tacto

68 579 150 607 verba
164 579 246 615 facit)
269 591 275 606 :
297 578 333 607 ita
352 578 386 607 de
399 589 477 613 anno,
499 590 551 617 quo
568 579 623 607 haec
638 578 809 606 concionatus

68 630 116 659 est,
134 624 202 652 nihil
214 624 257 652 vel
272 631 374 652 certum
386 624 429 652 vel
444 624 591 652 admodum
605 623 744 662 probabile
758 629 809 650 sta-

67 670 106 697 tui
120 677 216 709 potest.
232 670 332 698 Eodem
348 677 447 699 autem.
460 681 513 708 quo
526 670 650 698 Homitiae
666 669 692 697 in
706 668 809 697 Kalen-

66 715 125 750 das,
150 726 219 744 anno
237 715 278 744 liae
298 716 437 744 conciones
459 716 558 744 habitae
579 722 657 751 sunt,
678 721 758 752 atque
780 721 810 742 ut

68 761 275 801 Chrysostomus
286 762 333 796 ait,
344 762 470 790 Homitiae
485 764 511 790 in
522 761 658 790 Kalendas
673 761 806 796 Januarii,

66 807 196 836 Enromia
207 819 253 836 seu
267 819 400 837 sermones
413 809 439 836 in
457 808 572 836 Paulum
588 808 784 846 interceperunt
800 819 806 834 :

66 852 101 881 ita
120 860 149 881 ut
160 864 194 882 ex
209 854 375 882 sermonibus
388 854 413 881 in
436 853 563 887 Paulum,
575 852 687 891 quidam
703 854 807 882 Janua-

67 899 136 927 rium
151 910 266 928 mensem
284 901 476 939 praeresserint‚
493 898 602 937 quidam
617 899 643 926 in
659 908 747 926 mense
760 899 808 927 Ja-

66 945 160 974 nuario
174 945 258 974 habiti
273 946 380 974 suerint.
398 945 454 973 Hos
468 952 558 972 autem
574 945 601 972 in
618 944 733 972 Paulum
751 954 810 972 ser-

63 1001 154 1019 mones
168 992 286 1019 Anianus
302 991 461 1028 pelagianus
477 991 570 1018 Latine
585 991 729 1024 convertit,
755 1000 806 1028 pu-

63 1044 121 1065 tans
134 1037 194 1066 illos
210 1037 301 1065 baeresi
319 1048 373 1065 suae
388 1037 476 1065 favere
491 1049 497 1064 :
514 1047 565 1075 qua
581 1036 614 1064 de
634 1047 662 1064 re
679 1036 805 1075 pluribus

62 1083 165 1121 egimus
183 1083 210 1111 in
225 1084 328 1112 Monito
346 1094 372 1122 p.
388 1085 455 1112 475.
475 1084 506 1112 In
525 1083 569 1112 his
590 1093 670 1122 porro
686 1083 806 1111 homiliis

63 1135 162 1168 septem
172 1130 228 1158 sive
237 1129 403 1158 orationibus
414 1130 538 1163 Paulum,
549 1139 629 1167 quem
642 1129 668 1156 in
683 1135 736 1157 toto
747 1139 806 1168 ope-

64 1186 124 1203 rum
139 1186 247 1204 suorum
262 1175 376 1204 decursu
392 1175 489 1212 quavis
506 1174 566 1202 data
585 1174 723 1202 occasione
738 1175 807 1202 cele—

64 1221 278 1255 brat‚confertim
293 1221 419 1249 laudibus
432 1221 537 1249 extollit
552 1232 558 1249 ι
575 1221 652 1249 illum
667 1231 728 1249 cum
745 1231 806 1249 san-

65 1267 115 1295 ctis
137 1268 242 1296 Veteris
267 1274 292 1295 et
310 1267 381 1296 Novi
397 1267 561 1295 Testamenti
576 1267 687 1302 contest,
700 1266 806 1294 nullum

65 1313 130 1341 dicit
148 1313 228 1341 fuisse
237 1320 276 1341 tot
289 1323 447 1341 arcanorum
466 1319 625 1350 consortem.
637 1313 699 1341 Uno
710 1312 804 1346 verbo,

66 1359 122 1387 liaec
144 1359 221 1388 Pauli
236 1359 354 1387 encomia
369 1369 460 1387 eorum
481 1359 603 1387 omnium
617 1358 806 1397 compendium

66 1406 190 1444 essejure
201 1406 315 1441 dixeris,
332 1416 390 1443 quae
406 1406 612 1434 Commentariis
624 1405 650 1433 in
667 1408 731 1433 Acta
744 1413 768 1433 et
781 1406 807 1434 in

67 1451 202 1490 Epistolas
220 1451 297 1479 Pauli
323 1451 357 1479 de
379 1451 447 1479 tanti
475 1451 588 1489 apostoli
611 1451 763 1490 praestantia
783 1459 808 1480 et

66 1497 167 1526 virtute
185 1497 324 1536 praedicat.

106 1544 255 1582 Intercepta
268 1543 351 1581 igitur
365 1543 545 1571 Homiliarum
557 1542 582 1570 in
598 1543 714 1572 Paulum
728 1542 806 1577 serie,

67 1591 274 1629 Chrysostomus
290 1590 434 1618 Homiliam
448 1590 474 1617 in
487 1588 626 1618 Kalendas
641 1589 744 1618 habuit.
757 1589 807 1617 Hic

66 1648 130 1665 vero
145 1637 274 1666 Kalendae
290 1636 410 1666 ,Ianuarii
428 1642 618 1671 memorantur,
633 1646 684 1674 qua
701 1635 744 1663 die
755 1645 807 1663 an-

67 1694 117 1711 nus
142 1683 319 1722 incipiebatur
339 1681 411 1720 apud
438 1683 582 1714 Romanos,
605 1687 630 1709 et
652 1680 736 1716 ξένια,
761 1691 807 1709 seu

67 1729 236 1763 munuscula,
253 1729 345 1757 amicis
360 1728 532 1766 cognatisque
543 1727 732 1755 offerebantur.
747 1729 807 1756 Mos

66 1782 130 1803 tunc
143 1782 199 1803 erat
215 1774 337 1803 convivia
352 1774 496 1807 celebrare,
513 1773 618 1811 aliaque
630 1773 745 1812 publicae
760 1773 808 1801 laz-

65 1820 131 1849 ‹itiae
150 1821 225 1859 signa
238 1820 310 1855 dare,
329 1820 376 1848 ubi
392 1820 550 1859 plerumque
565 1819 706 1848 dissolutae
720 1820 807 1859 plebis

66 1873 149 1904 gesta,
163 1866 358 1905 superstitiosas
373 1866 579 1900 observationes,
597 1866 701 1904 aliaque
719 1866 746 1894 id
762 1877 808 1905 ge-

68 1923 118 1941 nus
133 1913 224 1941 videre
237 1920 301 1941 erat.
317 1913 378 1948 Qua
395 1912 428 1940 de
448 1923 475 1940 ie
491 1912 625 1940 auditores
646 1923 708 1941 suos
723 1913 808 1951 carpit

68 1960 286 2000 Cbrysostomus.
308 1959 438 1988 Libanius
456 1969 536 1997 porro
549 1959 709 1997 opusculum
723 1960 809 1989 edidit

67 2007 95 2035 in
119 2006 255 2035 Kalendas
277 2005 450 2044 inscriptum,
471 2005 517 2033 ubi
537 2016 590 2043 quo
611 2006 665 2033 ritu
681 2005 809 2035 Kalcndae

67 2054 160 2081 fierent
171 2052 324 2080 minutatim
336 2051 472 2085 describit,
484 2051 574 2088 aitque
586 2061 665 2079 unam
677 2052 809 2081 eamdem-

67 2109 118 2137 que
131 2098 311 2126 celebritatem
329 2108 376 2137 per
393 2104 479 2125 totum
496 2097 644 2125 Romanum
662 2097 806 2136 imperium

67 2145 112 2172 illa
125 2144 168 2172 die
181 2145 233 2182 agi.
249 2145 343 2181 Itaque
359 2143 392 2171 de
405 2143 450 2171 die
466 2149 491 2171 et
507 2153 596 2171 mense
612 2143 685 2172 nulla
700 2144 808 2173 videtur

66 2190 178 2228 quaestio
189 2189 288 2217 moveri
300 2200 393 2228 posse;
408 2199 482 2217 secus
493 2195 581 2217 autem
593 2188 626 2217 de
637 2200 716 2225 anno,
728 2200 807 2227 quem

68 2245 100 2263 ne
112 2235 272 2273 conjecturis
286 2234 394 2272 quidem
409 2234 585 2273 probabiliter
599 2235 730 2274 assignari
746 2247 808 2275 pos-

68 2291 94 2309 se
109 2288 244 2320 putamus.

108 2326 239 2355 Homilias
259 2326 292 2354 de
310 2328 410 2355 Lazaro
431 2338 483 2365 qua
502 2327 564 2355 anni
580 2334 737 2366 tempestate
755 2329 808 2356 ha-

67 2373 156 2402 buerit
167 2373 373 2412 Clirysostomus
384 2373 440 2412 ipse
451 2373 583 2408 declarat;
596 2373 651 2402 imo
663 2374 742 2402 etiam
754 2386 806 2413 qua

67 2420 112 2448 die
130 2419 245 2459 primam
262 2418 363 2447 dixerit
377 2419 497 2447 enuntiat
515 2420 541 2448 in
558 2419 616 2458 ipso
634 2420 729 2458 primae
745 2431 807 2449 con-

68 2466 152 2494 cionis
181 2464 260 2493 titulo
284 2477 291 2492 :
319 2465 451 2492 Homilitz
480 2467 620 2503 postridie
653 2467 806 2495 Kalendas

68 2512 226 2540 Antiochoe
241 2510 352 2545 habita,
371 2511 407 2538 de
425 2514 460 2539 iis
480 2514 531 2550 qui
544 2513 737 2549 inebriantur,
760 2515 807 2541 de-

70 2568 125 2597 que
149 2559 184 2585 iis
205 2558 256 2596 qui
276 2563 439 2584 commeant
455 2557 496 2584 ad
518 2567 683 2596 cauponas,
702 2561 808 2599 quique

73 2604 191 2631 choreas
207 2602 316 2630 ducunt
328 2612 380 2640 per
394 2605 551 2640 civitatem,
566 2604 643 2640 qnod
662 2614 717 2632 non
734 2616 816 2644 opor-

1537 186 1595 228 ¹4¹

863 261 924 283 teat
952 262 1155 294 praeceptorem
1185 256 1338 294 desperare
1365 254 1400 283 de
1431 255 1581 294 discipulis
1594 278 1601 291 ‚

862 303 978 330 etiamsi
993 304 1024 330 in
1037 312 1162 340 praesens
1177 312 1235 330 non
1249 303 1445 340 obtemperent
1462 313 1468 328 z
1488 308 1602 341 postre-

863 357 908 375 mo
920 348 955 375 de
968 349 1083 376 Lazaro
1096 349 1227 376 mendico
1240 358 1275 376 ac
1287 348 1322 376 de
1335 349 1422 376 divite
1433 359 1440 383 ;
1453 355 1510 376 tum
1523 348 1603 376 etiam

862 393 887 420 in
904 394 1038 422 concionis
1053 394 1185 433 principio
1200 395 1285 433 ipsam
1299 393 1371 421 diem
1386 393 1523 432 assignat:
1541 395 1603 422 He-

861 446 960 468 sterna
978 440 1034 475 die,
1053 451 1120 468 cum
1140 447 1211 469 esset
1225 441 1334 479 festum
1350 441 1604 479 satanoe,fecisti5

852 487 968 523 festum
983 486 1116 524 Spiritus.
1137 486 1216 514 L'nde
1237 486 1334 514 inseras
1348 486 1464 524 primam
1480 485 1554 514 illam
1570 485 1604 514 de

862 531 961 559 Lazaro
977 532 1131 560 concionem
1148 532 1247 560 dictam
1267 532 1348 560 fuisse
1369 531 1486 560 secundo
1500 533 1605 561 Janua-

861 576 894 604 rii
911 576 966 613 die,
986 585 1045 616 post
1059 578 1156 606 festum
1174 577 1374 612 Saturnalium,
1391 576 1464 615 quod
1478 587 1541 604 vere
1561 577 1603 605 fe-

859 628 930 650 stum
946 630 1043 651 satanre
1057 630 1124 658 erat,
1142 624 1187 651 ubi
1204 624 1370 658 temulentia,
1387 622 1526 662 tripudiis,
1548 623 1603 651 sal-

859 668 1005 696 tationibus
1017 691 1024 703 ,
1040 669 1294 704 comessationibus,
1308 669 1421 706 aliisque
1446 679 1479 697 ex
1495 668 1604 697 Bacchi-

859 723 889 741 co
923 714 1012 742 furore
1045 714 1269 752 consequentibus
1299 724 1407 752 operam
1436 714 1517 742 dabat
1543 725 1604 752 pars

859 760 977 788 maxima
999 760 1133 794 civitatis;
1159 760 1318 798 videturque
1338 759 1433 787 eodem
1458 770 1527 788 anno
1551 760 1604 788 ha—

858 806 914 834 bita
937 816 990 844 quo
1010 806 1122 834 homilia
1144 806 1266 845 superior
1280 805 1307 833 in
1330 805 1476 839 Kalendas,
1495 805 1604 842 quando

858 860 888 881 ut
904 854 1047 882 dissolutos
1069 865 1154 883 mores
1177 860 1365 892 compesceret,
1385 860 1492 881 strenue
1514 859 1604 881 contra

857 902 1021 928 satanicam
1038 900 1106 928 hanc
1121 899 1340 929 consuetudinem
1362 899 1534 928 concionatus
1556 906 1604 928 est.

857 946 898 974 De
913 957 982 974 anno
998 953 1100 981 autem,
1124 957 1176 984 quo
1196 946 1236 974 hae
1255 945 1374 974 homiliae
1394 946 1492 974 habitae
1512 946 1602 981 fuere,

857 1001 889 1019 ne
915 991 1052 1030 probabili
1071 991 1181 1030 quidem
1197 992 1299 1020 ratione
1317 991 1467 1029 quidquam
1488 998 1604 1020 statuere

856 1048 1007 1076 possumus.
1292 1073 1297 1077 1

896 1084 951 1112 Has
966 1094 1031 1112 vero
1050 1084 1188 1112 conciones
1202 1083 1367 1112 continenter
1380 1082 1487 1117 habuit,
1510 1083 1604 1122 paucis

857 1129 1021 1168 interpositis
1040 1130 1108 1158 inter
1122 1130 1242 1167 singulas
1256 1129 1359 1164 diebus,
1377 1129 1477 1167 quibus
1492 1129 1603 1158 fortasse

857 1175 952 1204 diebus
971 1186 1014 1204 eas
1028 1186 1087 1214 quae
1106 1175 1139 1203 de
1152 1176 1182 1204 S.
1201 1175 1285 1204 Paulo
1301 1182 1457 1215 supererant
1472 1175 1600 1204 absolvit.

857 1222 887 1250 In
902 1222 1028 1258 secunda,
1042 1233 1124 1259 quam
1140 1222 1233 1261 paucis
1245 1229 1306 1261 post
1321 1223 1435 1261 primam
1451 1221 1546 1250 diebus
1557 1221 1604 1250 ha-

857 1269 927 1301 buit,
951 1268 1041 1296 statim
1060 1268 1141 1303 dicit,
1159 1268 1277 1307 primum
1292 1268 1402 1295 virtutis
1417 1267 1530 1306 gradum
1549 1277 1605 1296 esse

858 1315 968 1342 alterius
983 1314 1078 1342 virtuti
1093 1313 1267 1353 applaudere.
1279 1314 1348 1341 Hinc
1362 1314 1458 1341 malam
1473 1324 1604 1351 quorum-

858 1360 920 1388 dam
940 1360 1091 1399 opinionem
1112 1359 1146 1388 de
1162 1359 1250 1388 medio
1265 1359 1360 1387 tollere
1381 1359 1477 1396 satagit
1500 1370 1506 1385 ε
1529 1366 1604 1387 erant

857 1407 928 1435 enim
943 1405 1054 1444 quidam
1067 1406 1111 1443 qui
1128 1412 1253 1445 putarent
1267 1406 1369 1433 animas
1384 1405 1498 1433 violenta
1518 1412 1602 1433 morte

857 1452 1042 1480 decedentium
1062 1452 1120 1479 fieri
1135 1451 1282 1481 daemonas.
1303 1453 1396 1480 Postea
1414 1451 1448 1479 de
1461 1453 1561 1480 Lazaro
1578 1458 1603 1480 et

858 1498 892 1527 de
912 1499 997 1527 divite
1018 1499 1101 1527 verba
1121 1499 1195 1533 facit,
1219 1499 1310 1536 aitque
1330 1505 1464 1537 raptorem
1485 1508 1602 1537 compu-

859 1545 971 1574 tandum
991 1555 1046 1574 esse
1061 1544 1188 1578 divitem,
1213 1543 1258 1582 qui
1277 1551 1380 1583 partem
1395 1544 1527 1572 bonorum
1549 1554 1602 1572 non

859 1591 988 1631 impertit.

882 1652 885 1653 ⁷
900 1639 929 1666 ln
952 1638 1025 1667 tertia
1042 1637 1165 1666 hortatur
1183 1635 1217 1664 ad
1233 1635 1375 1664 lectionem
1395 1635 1543 1675 Scripturae
1558 1645 1603 1664 sa-

860 1695 920 1718 crae,
941 1685 1031 1722 aitque
1049 1694 1083 1711 ex
1098 1682 1228 1721 frequenti
1243 1681 1377 1720 ejusmodi
1392 1682 1504 1710 lectione
1526 1692 1604 1710 men-

859 1737 913 1758 tem
926 1730 1025 1769 aperiri
1037 1729 1071 1757 ad
1087 1729 1215 1767 majorem
1229 1729 1284 1767 ejus
1300 1727 1514 1766 intelligentiam.
1529 1727 1602 1757 Scri-

859 1783 945 1815 pturae
960 1787 1020 1804 vero
1037 1786 1118 1804 sacrae
1134 1774 1312 1813 ignerantiam
1328 1774 1440 1802 haercscs
1460 1774 1602 1812 peperisse,

860 1832 890 1850 ac
905 1829 1044 1861 postquam
1059 1821 1092 1849 de
1109 1820 1228 1849 adversis
1243 1821 1373 1859 patienter
1386 1820 1502 1848 ferendis
1519 1820 1604 1848 mulia

861 1868 943 1904 dixit,
956 1869 1102 1896 orationem
1118 1866 1220 1894 claudit

901 1915 963 1942 Post
976 1914 1032 1942 haec
1047 1914 1184 1951 aliquanto
1196 1919 1315 1950 tempore
1329 1921 1461 1939 sermones
1474 1911 1507 1939 de
1518 1912 1603 1940 Laza-

861 1971 890 1988 ro
906 1959 1058 1992 intermisit,
1075 1959 1193 1998 primum
1206 1964 1235 1985 ut
1250 1958 1276 1986 S.
1293 1957 1403 1995 Babylae
1416 1957 1533 1996 episcopi
1547 1960 1602 1986 An-
1614 1967 1756 1997 T.2.p,52·9.

861 2007 975 2035 tiocheni
994 2012 1019 2034 et
1039 2004 1180 2043 martyris;
1203 2003 1300 2031 deinde
1319 2013 1382 2031 vero
1403 2010 1432 2030 ut
1448 2010 1601 2032 sanctorum
1614 2023 1648 2041 122

860 2052 998 2083 ‚luventini
1019 2058 1044 2079 et
1064 2049 1209 2079 Maximini
1225 2055 1376 2087 martyrum
1391 2049 1509 2076 encomia
1529 2049 1602 2078 cele-

860 2099 958 2127 braret.
974 2098 1034 2132 Qua
1052 2097 1079 2124 in
1098 2107 1125 2124 re
1145 2096 1202 2134 ipso
1218 2095 1409 2133 Chrysostomo
1427 2095 1495 2123 duce
1513 2096 1602 2134 loqui-

861 2156 921 2173 mur
942 2156 947 2171 :
968 2144 1005 2171 ait
1020 2143 1089 2171 enini
1108 2142 1154 2169 ille
1173 2141 1224 2169 sub
1244 2140 1350 2168 initium
1367 2140 1485 2169 homilia:
1501 2148 1602 2179 quarta:

860 2191 893 2219 de
910 2191 1027 2218 Lazaro:
1044 2201 1058 2214 «
1076 2189 1177 2217 Verum
1192 2197 1242 2214 non
1258 2186 1474 2215 existimavimus
1491 2198 1547 2216 esse
1559 2195 1601 2216 tu-

861 2245 919 2265 tum
932 2238 961 2266 S.
979 2234 1086 2273 Babylae
1099 2241 1123 2262 et
1135 2233 1205 2271 bigae
1217 2233 1266 2261 SS.
1281 2239 1442 2272 martyrum,
1456 2245 1470 2260 1)
1485 2235 1529 2271 qui
1543 2242 1603 2273 post

860 2283 935 2310 illam
946 2280 1083 2309 homiliam
1094 2285 1279 2317 occurrerunt,
1294 2290 1308 2304 (ι
1321 2278 1446 2317 praeclara
1457 2286 1528 2317 gesta
1538 2291 1604 2318 prae-

860 2328 948 2357 terire.
966 2339 979 2353 n
997 2326 1106 2364 Quibus
1117 2331 1242 2353 consonat
1260 2324 1393 2352 concionis
1413 2324 1439 2352 in
1459 2326 1489 2354 S.
1510 2326 1603 2365 Baby-

861 2375 914 2402 lam
928 2372 1070 2401 exordium
1083 2383 1089 2398 τ
1105 2383 1120 2397 «
1132 2371 1264 2400 Volebam
1279 2369 1403 2408 equidem
1415 2370 1546 2400 hodierno
1558 2372 1603 2401 die

859 2419 981 2449 debitum
997 2417 1117 2452 reddere,
1135 2417 1206 2455 quod
1218 2427 1304 2456 nuper
1318 2416 1407 2451 vobis,
1425 2427 1486 2445 cuin
1499 2418 1543 2446 hie
1560 2429 1602 2446 es-

861 2477 925 2500 sem,
945 2464 1074 2504 promisi:
1089 2463 1135 2492 sed
1153 2462 1218 2501 quid
1234 2462 1353 2491 faciam?
1373 2463 1405 2491 B.
1423 2463 1540 2502 Baby-las
1558 2464 1600 2492 iu-

860 2512 1008 2542 terveniens
1022 2510 1156 2550 apparuit,
1168 2517 1194 2538 et
1210 2509 1246 2538 ad
1261 2510 1378 2548 seipsum
1392 2519 1439 2537 nos
1453 2511 1569 2537 vocavit.
1584 2522 1598 2536 υ

860 2559 933 2597 Bigae
948 2564 1035 2586 autem
1050 2563 1212 2595 martyrum,
1231 2557 1276 2592 qui
1296 2561 1356 2593 post
1372 2561 1491 2582 sanctum
1507 2555 1665 2594 Baby-[2.
1680 2583 1682 2587 ,
1696 2570 1723 2591 F—

862 2605 916 2634 lam
931 2603 1062 2634 Homilias
1074 2602 1108 2631 de
1121 2603 1222 2631 Lazaro
1237 2601 1410 2640 intercepere,
1423 2607 1484 2629 sunt
1496 2609 1602 2630 sanctus
