1884 2922
707 232 809 254 INDEX
838 231 963 254 nrnuu.
1536 218 1603 252 230

73 305 174 334 pauper
202 294 248 322 fiat
272 304 375 322 necesse.
404 300 450 322 est.
483 301 515 322 X.
538 297 601 322 446.
634 303 659 321 E.
684 293 817 322 mendicis

72 338 222 366 miseriores
236 344 297 366 sunt
319 344 449 375 quotquot
465 337 562 365 vivunt
582 337 607 364 in
628 336 744 365 deliciis.
768 344 815 365 IV.

73 386 135 409 863.
154 392 178 409 E.
199 388 224 409 et
250 381 295 418 qui
325 380 393 409 male
415 388 503 419 partas
531 380 643 408 divitias
670 380 815 419 possident.

74 433 132 455 VII.
159 431 223 454 773.
243 436 266 454 11.
285 426 401 454 Somnus
422 425 585 464 pauperibus
611 424 715 452 facilior
736 436 815 463 quam

72 469 216 497 divitibus.
236 476 281 498 IV.
309 474 372 497 862.
397 480 422 497 n.
454 474 517 496 863.
546 468 685 497 Divitibus
705 476 730 496 et
752 479 817 507 pan<

74 514 183 552 peribus
212 524 286 552 aeque
308 514 453 542 necessaria
479 514 547 540 sacta
571 519 633 540 sunt
658 513 818 548 communia,

75 569 104 590 ut
118 573 163 590 aer
184 570 208 590 ct
229 562 292 590 solis
312 562 390 590 radii.
406 569 438 590 II.
462 567 506 590 35.
528 572 552 589 11.
574 566 618 589 36.
638 562 744 601 Pauper
759 561 818 600 pius

74 606 160 634 divite
188 606 310 645 improbo
338 606 515 645 prrcstantior.
546 612 592 633 III.
620 610 684 634 299.
710 616 736 636 11.
766 605 817 633 Ho-

75 649 120 677 die
139 649 229 686 dives,
247 661 305 678 cras
329 660 440 689 pauper.
466 657 498 678 II.
517 654 562 677 35.
588 660 617 679 D.
637 649 721 677 Dives
734 649 819 687 magis

76 693 103 721 in
117 694 215 722 incerto
227 705 307 732 quam
320 704 422 732 pauper
437 693 596 721 constitutus
617 699 665 723 cst,
681 700 713 721 II.
727 697 771 721 35.
790 703 814 721 A.

76 738 135 765 Non
172 745 224 766 tam
261 744 373 777 prosunt
409 737 536 766 Ecclesiis
570 737 668 767 divites
696 737 818 772 fastuosi,

77 791 157 818 quam
187 792 316 820 pauperes
355 781 529 820 magnanimi.
556 789 603 810 III.
636 786 700 811 225.
728 781 820 810 Minus

78 831 139 852 50111
163 825 218 863 apti
242 824 340 853 divites
367 825 403 853 ad
434 825 510 853 utilia
539 824 718 860 addiscenda,
740 835 820 862 quam

78 879 217 907 pauperes.
232 876 279 898 IX.
295 873 359 898 126.
375 880 403 897 A.
415 868 490 897 Idem
504 869 649 897 dicendum
660 869 694 897 de
704 868 821 907 philoso-

78 911 148 950 phice
163 912 314 950 splendore.
335 914 380 940 Ib.
396 913 538 941 Feliciores
553 919 615 941 sunt
630 923 759 952 pauperes
774 912 819 940 di-

77 955 181 983 vitibus
204 956 230 983 in
255 957 334 984 rebus
356 956 390 984 ad
416 957 529 984 salutem
555 956 759 996 pertinentibus.
783 963 817 985 Χ.

78 1003 141 1027 630.
159 1009 185 1028 Ε.
196 1000 363 1038 Pauperibus
375 1010 425 1028 non
440 1000 652 1028 nocentdivites.
667 1005 776 1029 VILSO.
791 1010 817 1027 Β.

77 1043 183 1071 Divites
195 1054 245 1072 non
261 1050 323 1071 sunt
339 1044 483 1073 metuendi.
502 1051 533 1072 V.
548 1050 613 1073 611.
631 1055 658 1072 c.

117 1087 201 1115 Dives
226 1088 316 1115 Lazari
344 1095 510 1124 contemtor,
533 1088 622 1128 lapide
655 1087 759 1116 durior.
797 1095 817 1116 I.

78 1135 142 1159 877.
161 1131 211 1159 Per
225 1133 297 1160 viam
319 1131 400 1160 latam
426 1132 551 1166 incessit,
569 1132 636 1160 nihil
662 1131 747 1160 defuit
769 1131 819 1159 illi.

78 1181 100 1202 I.
118 1179 182 1203 972.
201 1187 226 1204 Α.
249 1186 272 1203 11.
292 1176 358 1214 Ejus
384 1176 436 1203 vita
457 1176 540 1204 variis
565 1176 638 1204 vitiis
661 1176 818 1213 inquinata3

78 1225 164 1247 tamen
181 1219 283 1247 nullam
307 1220 433 1248 sentiebat
449 1220 639 1248 calamitatem.
668 1227 688 1248 I.
704 1224 769 1248 876.
791 1230 818 1249 c,

78 1263 134 1290 Cur
157 1263 251 1291 divitis
280 1264 353 1292 illius
369 1274 464 1292 nomen
486 1274 537 1292 non
561 1264 594 1291 sit
617 1274 780 1302 expressum.
798 1271 818 1292 I.

80 1310 145 1334 953.
164 1318 186 1335 11.
209 1308 283 1335 Mors
304 1309 362 1347 ejus
387 1308 510 1346 pessima.
526 1315 561 1336 II.
586 1312 631 1335 73.
655 1318 680 1335 E.
697 1309 821 1343 Quantus

79 1350 136 1388 ejus
158 1350 247 1379 luctus
270 1357 294 1379 et
314 1352 427 1389 gemitus
457 1352 483 1379 in
509 1352 620 1380 inferno.
642 1359 663 1380 Ι.
682 1356 727 1380 15.
747 1362 776 1380 D.
794 1362 819 1379 Ε.

80 1401 180 1430 quanta
195 1402 347 1434 paupertas.
365 1402 386 1423 I.
405 1399 468 1422 895.
482 1405 506 1422 E.
523 1406 546 1423 A.
563 1406 589 1425 B,

121 1438 415 1467 Dn-mmrmdiversa
428 1438 513 1475 origo,
532 1445 590 1467 VII.
601 1443 665 1466 822.
685 1449 709 1466 c.
725 1441 766 1466 Dc
778 1438 822 1466 di-

81 1481 154 1509 vitiis
165 1483 276 1521 Eeloga.
293 1490 340 1511 XII
366 1482 569 1513 677.Aliae511nt
584 1482 686 1510 divitiae
696 1484 821 1522 pecunia-

81 1533 181 1559 rum,et
193 1526 327 1555 aliaerecte
337 1526 478 1554 factorum.
492 1533 524 1556 V.
539 1531 600 1555 142.
610 1538 634 1554 B.
648 1527 757 1554 Divitiae
768 1538 818 1555 non

79 1577 141 1599 sunt
157 1581 203 1609 per
215 1581 243 1599 se
258 1571 344 1599 malae.
358 1578 403 1599 III.
419 1576 463 1599 63.
479 1576 543 1600 484.
565 1582 591 1599 c.
608 1581 636 1600 D.
655 1578 700 1599 IV.
715 1576 779 1599 735.
793 1582 817 1600 11.

79 1614 126 1643 sed
149 1625 232 1643 vanae.
251 1622 296 1643 IV.
311 1620 376 1643 661.
390 1626 417 1642 D.
434 1622 467 1643 V.
492 1620 556 1644 608.
575 1626 601 1644 c.
618 1623 689 1644 VIII.
707 1620 770 1644 224.
784 1623 819 1644 X.

79 1663 144 1687 399.
161 1669 187 1687 E.
214 1659 307 1687 fluxae.
329 1666 347 1687 I.
368 1664 432 1688 895.
447 1670 475 1688 n.
495 1670 520 1688 r..
534 1667 565 1687 II.
584 1664 691 1688 6271).
715 1664 819 1688 31.111.

78 1707 124 1730 41.
144 1714 168 1731 A.
187 1710 230 1730 [v.
251 1707 313 1731 102.
340 1710 398 1731 xu.
426 1708 470 1731 29.
489 1715 513 1733 A.
532 1703 662 1740 fugitivae.
690 1710 734 1731 III.
754 1708 820 1734 403.

78 1756 105 1774 D.
118 1756 143 1774 ε.
162 1751 226 1774 463.
244 1758 269 1774 c.
285 1754 330 1775 IV.
352 1751 415 1775 319.
433 1758 459 1775 A.
476 1754 508 1775 V.
528 1752 591 1775 628.
611 1758 636 1775 B.
652 1747 766 1775 incertae.
785 1755 817 1776 V.

78 1793 143 1817 336.
159 1789 277 1820 fallaces.
295 1798 328 1818 II.
347 1795 393 1818 33.
413 1801 440 1818 c.
459 1798 517 1820 VII.
546 1796 610 1820 531.
630 1802 654 1819 c.
670 1802 697 1820 D.
717 1791 817 1820 infidae.

78 1840 112 1861 II.
126 1838 171 1861 31.
187 1844 211 1861 B.
224 1842 257 1863 X.
272 1839 335 1863 244.
348 1839 413 1864 386.
429 1846 453 1862 11.
473 1835 620 1864 instabiles,
638 1842 683 1863 III.
700 1840 743 1863 34.
771 1836 821 1864 ho-

77 1877 195 1905 micidae.
213 1885 259 1906 III.
281 1883 344 1906 463.
361 1888 387 1908 C.
415 1879 583 1917 temporariae
610 1886 688 1914 sunt,
710 1887 734 1907 et
758 1890 819 1908 eum

78 1923 129 1951 hac.
142 1923 195 1951 vita
215 1931 434 1962 corrumpuntur.
455 1931 473 1952 1.
496 1929 559 1952 148.
575 1935 602 1952 1).
618 1932 650 1953 II.
669 1930 714 1953 31.
730 1937 754 1955 Β.
771 1926 821 1953 Di-

79 1967 152 1995 vitiae
170 1978 239 1996 verce
255 1979 323 2005 quae.
343 1975 373 1996 II.
388 1973 434 1996 31.
451 1979 476 1997 Α.
497 1975 542 1997 IV.
558 1973 662 1997 734.D.
685 1976 716 1997 V.
736 1974 779 1998 43.
793 1980 817 1998 Β.

79 2015 143 2040 611.
156 2017 348 2041 Β.Υ11.159.11.
361 2016 457 2041 812.Ε.
469 2019 538 2039 VIII.
549 2017 777 2042 550.ε.1Χ.7-23.
791 2025 817 2044 C.

80 2062 113 2083 Χ.
129 2060 193 2083 659.
210 2067 234 2084 A.
254 2067 276 2083 Β.
294 2056 324 2083 In
345 2062 479 2083 senectute
494 2063 618 2090 manent,
634 2063 657 2084 ct
682 2056 821 2085 defunctos

79 2100 250 2128 comitantur.
263 2107 283 2128 Ι.
297 2104 342 2127 89.
356 2100 483 2127 Maximae
498 2099 600 2127 divitiae
616 2111 736 2137 quaenam
753 2102 816 2130 sint.

79 2150 125 2172 XI.
142 2148 204 2172 184.
223 2155 249 2172 A.
262 2144 372 2171 Divitiae
384 2154 434 2171 non
451 2153 541 2171 omnes
557 2154 570 2170 a
587 2146 643 2171 Deo
659 2143 767 2174 dantur,
785 2152 819 2173 X.

79 2191 144 2214 372.
158 2197 186 2216 1).
200 2187 365 2214 Divinarum
379 2187 457 2215 radix
471 2194 495 2215 et
507 2188 615 2215 materia
632 2195 668 2216 est
683 2189 817 2227 snperbia.

79 2237 111 2258 II.
127 2235 171 2258 31.
187 2241 215 2257 D.
230 2231 338 2258 Divitiae
357 2231 462 2259 nomina
485 2239 546 2259 51101
563 2232 704 2266 bonorum,
718 2240 739 2259 ct
754 2243 801 2260 con
813 2251 819 2254 -

76 2274 166 2302 trariis
182 2273 321 2302 admixtae.
340 2281 398 2302 XII.
413 2280 477 2303 479.
503 2287 529 2304 c.
552 2277 635 2304 Justae
651 2276 820 2304 5101011013ἶ

76 2324 101 2345 et
115 2318 150 2345 ab
164 2318 236 2345 omni
261 2318 351 2355 rapina
378 2318 476 2347 liberae.
500 2326 544 2347 XI.
564 2325 629 2347 671.
649 2330 675 2347 D.
695 2330 719 2347 E.
742 2320 821 2348 Divi-

76 2362 175 2389 tiarum
197 2371 259 2389 cura
275 2362 356 2389 animi
374 2369 411 2389 est
427 2363 603 2400 perturbatio.
624 2371 694 2391 VIII.
712 2369 775 2393 452.
792 2375 818 2391 A.

76 2407 164 2441 Quam
179 2404 300 2433 difficilis
313 2406 472 2434 divitiarum
488 2406 620 2435 custodia.
635 2415 667 2436 II.
689 2412 733 2435 31.
749 2418 774 2435 11.
792 2418 818 2435 c.

76 2449 187 2476 Divitia‘
217 2448 342 2487 supplicii
378 2450 491 2477 accessio
516 2457 586 2478 sunt.
616 2457 673 2478 VII.
703 2455 766 2479 823.
791 2461 817 2479 E.

77 2492 153 2520 Nihil
168 2499 278 2530 prosunt
293 2492 326 2520 ad
339 2493 477 2521 vitandam
492 2493 703 2530 gelieimam.XI.
715 2499 818 2524 241.1-:.

79 2536 154 2575 Saepe
178 2536 336 2564 divitiarum
358 2537 420 2565 sinis
442 2545 479 2565 est
506 2538 620 2567 mutatio
636 2538 662 2566 in
679 2546 822 2577 pauperta-

81 2587 142 2608 tem.
157 2587 190 2607 V.
203 2585 267 2609 610.
282 2591 310 2608 D.

120 2624 287 2654 Divitiarum
310 2625 442 2662 imagines
464 2625 560 2663 varice,
580 2637 704 2664 quercus,
721 2627 818 2666 lupus,

871 293 923 329 leo,
937 299 986 321 etc.
999 299 1018 321 I.
1032 297 1095 321 953.
1109 301 1134 320 11.
1149 301 1244 325 ursus,
1262 290 1356 330 pardo.
1374 298 1418 319 III.
1434 295 1498 320 485.
1514 292 1614 320 animal

871 338 933 367 vile.
950 346 982 367 V.
999 343 1063 368 610.
1084 349 1111 369 c.
1134 337 1244 365 Divitiae
1258 337 1379 373 inclusae,
1399 337 1488 365 acrius
1505 338 1615 376 rugiunt

873 395 951 423 quam
976 385 1034 421 lco3
1052 385 1140 423 egenis
1168 394 1276 422 sparsae,
1294 394 1326 411 ex
1353 383 1416 411 feris
1436 383 1528 412 bestiis
1549 385 1617 413 fiunt

872 439 944 465 oves,
957 439 991 457 ex
1004 428 1110 457 insidiis
1124 427 1262 466 praesidia,
1276 438 1308 455 cx
1321 427 1440 466 seopulis
1451 435 1555 467 portus.
1571 436 1615 457 III.

874 477 938 501 485.
956 484 982 501 E.
1007 472 1117 501 Divitiae
1132 471 1222 499 bestia:
1240 471 1421 506 insatiabiles,
1438 472 1617 511 praecipitium

873 516 1051 554 undequaque
1071 522 1237 555 praeruptum
1251 538 1258 551 ‚
1276 526 1350 543 mare
1369 515 1516 544 innumeris
1532 517 1618 545 ventis

872 561 1003 599 agitatum
1015 583 1021 596 ,
1033 560 1140 600 tyranni
1169 559 1263 587 acerbe
1278 559 1436 598 imperantes
1451 560 1553 593 ,hostes
1566 560 1618 588 1111-

874 604 1033 642 placabiles,
1046 612 1096 632 etc.
1108 611 1151 632 III.
1163 608 1226 632 484.
1244 614 1271 632 D.
1289 603 1392 632 Tritico
1415 611 1614 643 comparantur.

875 654 908 675 v.
927 652 989 675 628.
1008 658 1031 675 c.
1052 658 1079 676 D.
1095 647 1205 675 Divitize
1224 653 1284 674 50111
1301 646 1466 675 domesticus
1480 649 1616 686 ingratus,

874 690 1072 728 sanguinarius,
1089 690 1236 719 homicida.
1255 697 1287 719 V.
1306 695 1370 718 610.
1388 702 1416 719 I).
1433 698 1459 719 et
1475 692 1543 720 sicut
1564 703 1617 720 me-

874 734 982 762 retrices
1005 735 1110 762 fucatae.
1129 742 1175 764 III.
1194 739 1256 762 542.
1280 734 1387 772 pejores
1410 742 1471 763 sunt
1495 736 1618 765 stercoris

874 788 980 807 acervo,
995 785 1053 808 VII.
1068 783 1134 807 713.
1148 789 1174 807 E.
1189 783 1255 808 714.
1271 778 1308 806 Ea
1320 789 1361 806 res
1373 785 1412 807 est
1422 789 1525 808 coenum
1539 787 1563 808 et
1576 781 1616 808 fu-

875 832 943 857 mus,
955 829 980 850 et
995 822 1081 850 malus
1100 832 1200 861 vapor,
1216 822 1330 850 tenebrae
1347 829 1371 850 et
1388 823 1471 851 multa
1485 824 1618 861 angustia,

874 873 899 894 et
924 877 1049 894 curarum
1067 866 1218 895 suffocatio.
1236 874 1294 895 XII.
1312 871 1376 895 246.
1395 878 1418 894 Β.
1434 867 1545 895 Divitiae
1568 867 1618 895 lae-

875 916 928 937 tam
943 910 1041 938 liabent
1056 911 1170 944 larvam,
1186 912 1287 938 interne
1303 911 1487 950 autenrplenae
1503 917 1564 939 sunt
1577 921 1618 939 ca-

874 953 967 992 ligine.
990 961 1023 982 X.
1048 959 1113 984 418.
1139 965 1163 982 E.
1192 955 1283 982 Tineae
1323 963 1529 994 comparantur,
1558 966 1616 993 quae

875 999 964 1027 omnia
986 999 1114 1028 corrodit.
1145 1006 1191 1027 XI.
1220 1004 1280 1028 114.
1311 1010 1338 1028 D.
1368 999 1478 1027 Divitiae
1505 1000 1619 1028 amictus

874 1042 1024 1081 spinarum.
1048 1044 1095 1070 ΙΙ).
1118 1042 1162 1071 vel
1186 1042 1274 1081 potius
1293 1043 1386 1082 spinzr.
1418 1050 1462 1072 XI.
1491 1048 1556 1071 836.
1587 1055 1615 1073 1).

875 1096 934 1124 quae
957 1087 1085 1115 lacerant.
1109 1093 1178 1115 VIII.
1202 1091 1264 1114 164.
1289 1094 1313 1115 et
1336 1098 1386 1115 non
1409 1087 1496 1115 solum
1511 1088 1617 1115 nullum

876 1129 1002 1158 habentes
1022 1130 1156 1165 fructum,
1171 1130 1218 1158 sed
1241 1130 1321 1159 etiarn
1344 1130 1417 1169 quod
1440 1131 1569 1169 germinat
1589 1131 1618 1159 id

876 1173 1060 1212 impedientes.
1079 1181 1124 1203 XI.
1136 1179 1200 1201 608.
1216 1185 1241 1204 B.
1255 1179 1320 1202 609.

916 1217 1080 1245 Divitiarum
1094 1217 1174 1245 mala.
1197 1224 1243 1247 III.
1270 1223 1333 1246 484.
1361 1223 1425 1248 541.
1447 1229 1473 1246 c.
1499 1229 1525 1246 D.
1552 1223 1616 1247 542.

877 1269 934 1290 XII.
964 1266 1026 1290 246.
1059 1271 1085 1288 B.
1107 1262 1194 1289 Causa
1227 1269 1288 1290 50111
1312 1262 1461 1298 bellorum,
1480 1263 1617 1296 moeroris,

875 1313 900 1334 et
922 1306 1043 1334 omnium
1062 1305 1206 1334 malorum.
1232 1313 1278 1334 IX.
1298 1310 1359 1334 125.
1387 1318 1411 1334 A.
1441 1307 1546 1340 Quanta
1564 1307 1616 1335 sint

875 1361 934 1387 quze
954 1351 1062 1388 pariunt
1080 1349 1159 1376 mala.
1179 1356 1224 1378 IV.
1242 1354 1306 1377 735.
1322 1360 1346 1377 Β.
1370 1357 1426 1378 VII.
1443 1355 1508 1379 897.
1527 1363 1550 1379 A.
1571 1358 1616 1379 XI.

878 1400 922 1422 17.
939 1406 964 1422 A.
982 1399 1047 1422 835.
1070 1405 1094 1421 A.
1109 1398 1172 1421 836.
1196 1395 1301 1429 Quanta
1315 1393 1413 1422 damna
1428 1395 1549 1422 asserant.
1568 1402 1615 1423 XI.

877 1443 942 1466 322.
957 1449 982 1466 11.
1001 1449 1027 1466 c..
1044 1438 1162 1465 maxime
1183 1438 1204 1465 51
1231 1438 1328 1476 injuste
1349 1444 1431 1476 partae
1454 1438 1562 1466 fuerint.
1581 1446 1614 1467 V.

877 1487 940 1511 134.
958 1493 985 1509 r..
1004 1486 1067 1510 135.
1081 1481 1268 1516 Quandonam.
1286 1488 1331 1509 XI.
1354 1486 1417 1509 188.
1436 1488 1460 1508 et
1483 1493 1549 1519 quos
1571 1482 1616 1510 lm-

875 1526 948 1554 dant.
972 1533 992 1554 Ι.
1009 1530 1072 1554 976.
1086 1536 1113 1556 c,
1131 1535 1160 1553 D.
1176 1524 1290 1553 Miseros
1306 1524 1405 1552 faciunt
1423 1536 1485 1553 suos
1509 1536 1616 1564 posses-

875 1580 956 1597 sores.
979 1577 1001 1598 Ι.
1026 1574 1071 1597 46.
1092 1580 1118 1597 A.
1136 1581 1160 1598 B.
1179 1569 1330 1597 libertatem
1355 1569 1462 1597 tollunt.
1477 1577 1534 1598 VII.
1550 1575 1614 1598 665.

876 1621 990 1642 mentem
1005 1613 1175 1641 obnubilant.
1198 1620 1256 1642 VII.
1281 1617 1345 1641 305.
1368 1625 1395 1640 A.
1427 1621 1542 1641 amentes
1558 1615 1617 1642 esti-

875 1658 959 1687 ciunt.
982 1665 1026 1686 XI.
1044 1662 1106 1686 320.
1133 1668 1158 1685 A.
1183 1658 1269 1684 Causa
1295 1664 1356 1685 sunt
1378 1657 1541 1694 ignominiae.
1567 1665 1614 1686 XI.

875 1707 940 1732 433.
965 1712 993 1730 D.
1016 1709 1121 1740 turpem
1149 1701 1264 1729 reddunt
1288 1701 1416 1730 animam.
1437 1709 1483 1729 XI.
1508 1707 1572 1730 434.
1589 1713 1614 1730 11.

876 1748 937 1783 Quo
952 1754 1028 1785 pacto
1044 1747 1160 1774 fructum
1176 1746 1290 1784 pariant.
1306 1752 1365 1773 VII.
1380 1750 1445 1774 301.
1464 1756 1488 1773 11.
1506 1756 1532 1775 c.

914 1791 1025 1819 Divitiae
1042 1790 1187 1818 multorum
1210 1789 1342 1817 honorum
1357 1796 1419 1817 sunt
1438 1789 1617 1828 impedimen-

875 1842 940 1863 tum.
957 1842 990 1863 II.
1007 1839 1071 1864 283.
1084 1845 1111 1862 E.
1131 1841 1190 1862 XII.
1205 1838 1269 1863 441.
1286 1844 1309 1862 n.
1325 1832 1364 1861 Ad
1380 1834 1506 1861 virtutem
1522 1845 1616 1872 parum

874 1886 951 1917 aptae.
976 1886 1007 1907 V.
1033 1883 1097 1906 127.
1125 1888 1153 1905 D.
1180 1878 1237 1905 11110
1263 1877 1356 1904 virtuti
1394 1876 1542 1914 plurimum
1568 1877 1615 1906 ob-

874 1929 953 1950 stant.
970 1930 991 1951 I.
1007 1927 1071 1951 538.
1088 1932 1114 1949 c.
1134 1929 1176 1949 IV.
1192 1926 1255 1949 734.
1280 1931 1307 1948 A.
1325 1920 1462 1949 Vitiorum
1483 1921 1616 1948 1101111111-

875 1967 963 1994 nistrae
980 1967 1012 1994 iis
1027 1966 1071 2003 qui
1092 1976 1142 1993 non
1168 1964 1320 1993 attendunt.
1343 1971 1388 1992 IV.
1407 1969 1451 1992 29.
1468 1975 1491 1992 B.
1520 1965 1615 1993 Otium

875 2011 992 2049 pariunt,
1018 2017 1064 2038 lv.
1089 2014 1154 2038 861.
1174 2020 1197 2037 B.
1212 2011 1310 2036 Ansam
1335 2007 1399 2036 daut
1422 2007 1544 2037 diabolo.
1568 2016 1614 2037 XI.

879 2060 940 2083 198.
956 2066 982 2081 A.
997 2053 1040 2082 Ex
1054 2059 1183 2081 set-vitute
1200 2053 1247 2079 Dei
1263 2052 1405 2089 dejiciunt.
1424 2059 1481 2079 VII.
1504 2056 1567 2080 305.
1587 2064 1614 2080 A.

877 2100 895 2125 A
912 2101 968 2126 Deo
988 2097 1155 2125 abstrahunt.
1184 2102 1239 2123 VII.
1255 2100 1320 2123 305.
1340 2106 1362 2123 13.
1383 2096 1507 2133 Magnam
1524 2095 1618 2124 salutis

873 2143 1007 2181 jacturam
1022 2142 1147 2169 ask-runt.
1163 2147 1207 2168 IV.
1229 2144 1291 2169 102.

915 2187 1080 2216 Divinarum
1093 2191 1303 2222 ainorqnantum
1315 2184 1424 2212 malum.
1440 2191 1499 2212 XII.
1511 2189 1574 2213 219.
1585 2196 1614 2214 D.

874 2232 950 2261 Nihil
974 2230 1090 2268 turpius.
1114 2231 1158 2259 Il).
1180 2229 1342 2256 Divitiarum
1366 2227 1500 2267 cupiditas
1521 2240 1571 2257 arx
1592 2237 1617 2257 et

875 2275 1005 2314 colophon
1028 2274 1172 2301 malorum.
1198 2280 1240 2300 IV.
1261 2277 1326 2300 210.
1351 2283 1377 2299 A.
1396 2278 1426 2299 Υ.
1444 2277 1507 2300 265.
1529 2273 1618 2301 Furor

874 2320 1027 2349 effrenatus.
1046 2317 1131 2344 rabies
1146 2316 1313 2344 insanabilis.
1328 2323 1375 2345 111.
1393 2320 1457 2344 538.
1476 2326 1502 2344 c.
1522 2318 1543 2344 A
1558 2316 1617 2344 dia-

875 2364 937 2391 bolo
961 2361 1154 2401 proficiscitur.
1182 2367 1228 2388 IX.
1254 2366 1303 2391 71.
1332 2371 1357 2388 11.
1389 2359 1430 2388 Ad
1457 2359 1616 2388 divitiarum

874 2417 990 2435 amorem
1013 2404 1305 2433 vehementcrconciiat
1328 2414 1401 2431 vanae
1419 2403 1512 2441 gloriae
1535 2405 1616 2442 cupi—

874 2451 954 2479 ditas.
976 2457 1033 2478 VII.
1052 2453 1116 2477 297.
1131 2459 1158 2475 Ε.
1175 2450 1299 2483 Quantus
1320 2448 1345 2475 in
1361 2447 1517 2475 hominihus
1540 2458 1618 2476 amor

873 2494 1041 2522 divitiarum.
1057 2500 1103 2521 III.
1120 2497 1184 2522 538.
1200 2503 1224 2522 11.
1235 2492 1413 2520 Diviteshuic
1428 2491 1551 2520 absurdae
1567 2503 1615 2519 eu-

874 2538 982 2578 piditati
1006 2548 1140 2575 nusquam
1165 2536 1308 2564 terminum
1325 2542 1438 2573 ponunt.
1455 2537 1501 2564 ΙΙ),
1519 2546 1545 2563 c.
1565 2536 1618 2564 Hic

874 2593 949 2611 amor
968 2592 1073 2611 omnem
1094 2591 1210 2609 amorem
1227 2580 1365 2619 propulsat
1379 2589 1411 2607 ex
1423 2579 1512 2607 corde.
1526 2580 1570 2609 ΙΙ).
1585 2591 1615 2607 n.

875 2627 929 2661 Qui
945 2626 1044 2665 opibus
1062 2625 1162 2660 studet,
1179 2634 1230 2652 non
1243 2634 1325 2662 opum
1340 2630 1444 2651 tantum
1460 2630 1496 2651 est
1511 2624 1617 2651 manci-
