1884 2922
213 177 280 223 390

252 249 336 278 Stoici
351 258 411 276 cuni
425 246 556 275 matribus
571 252 595 273 et
607 243 745 272 sororibus
765 242 878 276 misceri,
896 242 955 270 lici-

216 300 272 322 tum
288 302 342 321 esse
359 290 492 319 dicebant.
518 296 550 318 ll.
572 292 636 315 657.
659 297 686 314 c.
704 285 839 314 Mundum
859 295 956 323 corpus

215 344 241 365 ct
265 334 498 373 conflagrationem
521 342 576 360 csse
599 330 741 359 docebant.
765 336 812 358 lx.
835 333 898 357 320.
926 338 954 356 Ε.

219 380 387 409 Aristotelem
401 376 602 415 impetiverunt.
619 381 666 402 lx.
681 379 745 402 491.
763 385 789 402 Β.

258 425 350 452 STOLA
375 423 575 449 diaconorum.
597 425 667 447 Vlll.
682 422 747 446 653.
765 428 792 446 A.

259 468 462 496 ErmruAArnz
473 486 481 499 ‚
497 463 626 502 Magister
639 461 768 490 militum.
785 468 831 490 ΙΙΙ.
849 466 894 489 90.
906 471 935 488 A.

258 511 377 544 Swmo,
389 508 512 547 praefecto
534 506 618 541 urbis,
631 505 725 534 scribit
736 505 955 544 Chrysostomus,

220 561 264 582 ιιι.
289 557 353 581 856.
379 563 403 582 A.
439 561 553 589 eumque
575 549 727 579 consolatur
743 548 777 577 de
798 555 882 578 morte
901 549 959 578 sra-

221 597 278 627 tris.
295 598 338 625 ΙΙ).

260 641 416 669 STULTtTlA
438 645 546 677 propter
565 637 704 666 Christum
724 636 796 665 omni
817 636 960 676 prudentia

221 683 367 723 sapientior
377 689 423 711 est.
438 690 457 711 1.
476 687 540 711 555.
560 694 586 710 a·

260 728 394 756 Srnmms
409 725 527 754 accusari
547 735 598 753 uon
619 735 700 763 grave
712 747 719 761 ‚
735 724 816 764 plecti
833 725 960 755 terribile.

224 779 269 801 Vl.
284 776 330 800 ltS.

263 817 364 845 ὅπως
378 813 462 842 unda.
477 821 497 842 Ι.
511 817 557 842 90.
573 824 598 842 B.
614 820 660 841 Π.
677 817 741 841 352.
758 824 785 841 A.

264 861 386 889 Sanum
401 865 431 886 ut
447 859 472 886 in
484 857 573 886 officio
585 857 784 893 contineantur,
800 857 904 886 auxilio
914 857 964 885 Dei

227 915 294 943 opus
304 909 354 932 est.
375 909 407 931 V.
422 906 486 930 554.
502 913 527 930 A.
541 911 565 929 Β.

266 949 527 979 δυιιιιετιιοοεοτῆε,
546 954 591 972 seu
607 950 725 982 agapetae
737 967 743 979 ‚
758 943 877 982 virgines
891 951 967 973 erant

228 991 421 1021 cohabitantes.
447 996 466 1017 1.
487 993 550 1016 279.
567 1000 590 1015 a.
606 999 631 1016 B.
650 989 722 1023 Quot
737 995 901 1026 quantasque
918 1000 965 1017 cu-

228 1046 271 1064 ras
285 1035 408 1062 afferant.
426 1040 446 1061 1.
465 1037 529 1061 296.
551 1043 580 1060 n.
602 1043 629 1059 n.
648 1037 712 1061 297.
734 1044 761 1061 A.
779 1034 852 1068 Quot
869 1033 966 1061 damna

229 1079 344 1118 pariant.
363 1084 384 1107 1.
402 1081 465 1105 301.
485 1086 511 1105 A.
528 1080 590 1103 302.
606 1076 646 1103 De
663 1075 874 1104 subintroductis
890 1076 967 1104 semi-

230 1123 270 1151 nis
282 1120 418 1160 opuscula.
435 1127 455 1150 Ι,
470 1124 534 1147 279.
551 1129 615 1158 sqq.
635 1120 680 1147 De
692 1121 931 1150 subintroducti&
945 1127 965 1148 1.

231 1170 296 1195 993.
310 1176 337 1193 r..
355 1174 419 1203 sqq.
441 1163 513 1191 Vide
525 1163 714 1190 Gontnmrto
729 1168 756 1190 et
772 1164 928 1191 AGApm-ffi.

271 1210 498 1238 Snssmmonncn
519 1205 592 1245 apud
616 1205 746 1244 virgines,
769 1206 830 1235 illas
848 1206 970 1235 derisum

231 1261 257 1283 et
270 1252 390 1281 fabulam
405 1249 530 1279 omnibus
547 1249 712 1288 praebebant.
731 1257 752 1281 Ι,
773 1255 836 1279 304.
858 1261 884 1279 B.
902 1251 970 1280 Vir-

232 1299 306 1337 gines
325 1296 395 1325 enim
413 1295 469 1323 istae
493 1294 566 1323 viros
590 1294 643 1322 sibi
661 1294 771 1322 minime
785 1301 910 1333 cognatos
929 1305 972 1324 se-

233 1352 296 1370 cum
317 1339 490 1368 includebant
513 1345 538 1367 et
556 1338 757 1367 contubernales
782 1339 924 1367 faciebant.
949 1346 969 1369 Ι,

235 1390 299 1415 306,
311 1396 338 1412 E.
351 1394 415 1421 sqq.
429 1381 703 1411 Subintroductorum
716 1382 887 1421 turpissimus
897 1393 970 1411 usus.

237 1437 256 1459 1.
275 1433 340 1457 323.
369 1438 394 1457 c.
420 1437 484 1465 sqq.
515 1425 668 1463 Aliquando
697 1432 760 1454 sunt
794 1425 921 1465 zelotypi.
950 1433 970 1456 1.

236 1477 300 1501 324.
318 1482 342 1500 13.

276 1517 451 1545 Scammos
477 1514 592 1542 humilia
624 1513 752 1542 admiscet
778 1514 897 1551 Paulus,
928 1515 975 1553 qui

237 1570 316 1589 suum
335 1570 439 1598 semper
453 1558 574 1587 imitatur
590 1558 762 1596 Magistrum.
783 1566 842 1590 ΧΗ,
864 1564 926 1588 199.
948 1570 973 1587 c.

277 1605 473 1633 SUBSTANTIAM
494 1613 553 1640 qua.¹
574 1613 621 1630 nec
644 1613 659 1630 a
682 1603 779 1642 seipsa,
802 1613 849 1631 nec
871 1603 904 1631 ab
924 1603 976 1631 alia

237 1648 363 1687 quapiam
378 1657 433 1675 esse
445 1646 593 1685 acceperit,
608 1646 675 1675 ratio
690 1646 804 1675 humana
821 1657 915 1686 capere
924 1658 976 1676 non

238 1698 334 1730 potest.
357 1699 378 1721 1.
399 1696 464 1719 547-
481 1701 509 1718 D.
527 1690 577 1718 Dei
590 1701 652 1728 ergo
667 1690 844 1719 substantiam
858 1702 884 1719 se
902 1702 978 1720 nosse

240 1735 396 1774 profitentes
419 1741 447 1762 ut
471 1734 555 1762 insani
577 1741 639 1762 sunt
658 1734 790 1772 fugiendi.
816 1742 836 1763 1.
862 1740 926 1764 548.
951 1746 974 1763 n.

239 1779 394 1808 Substantia
410 1779 459 1807 Dei
475 1778 620 1807 invisibilis
636 1778 712 1806 nobis
725 1778 825 1817 ignota.
842 1786 860 1808 1.
873 1784 936 1809 564.
952 1790 977 1808 c.

239 1823 394 1852 Substantia
414 1822 514 1861 quippe
537 1823 713 1851 substantiam
738 1824 902 1862 superiorem
927 1834 978 1852 non

241 1868 325 1906 probe
348 1877 424 1895 nosse
445 1873 540 1905 potest,
564 1866 668 1895 etiamsi
692 1877 775 1905 parvo
793 1867 873 1895 distet
895 1868 980 1896 inter-

241 1911 320 1940 vallo.
333 1919 350 1940 1.
366 1916 430 1940 593.
446 1922 470 1938 A.
483 1911 555 1938 lide
569 1911 626 1939 Der
644 1920 818 1940 SUBSTANTIA.

282 1954 440 1984 Substantia
456 1953 550 1982 eadem
574 1954 660 1982 Patris
681 1960 706 1982 ct
724 1955 796 1983 Filii.
814 1962 846 1984 V.
871 1961 934 1984 110.
954 1967 979 1986 n.

242 1999 396 2027 Substantia
412 2005 435 2026 et
449 1998 532 2037 gloria
544 2008 596 2026 una
611 1998 697 2026 Patris
708 2005 733 2027 et
749 1999 824 2028 Filii.
838 2007 896 2029 VII.
915 2004 980 2028 630.

243 2052 271 2069 A.
290 2053 312 2070 n.

283 2086 424 2114 SUBURmA
440 2084 600 2114 Antiochiae.
616 2092 637 2113 1.
654 2090 719 2114 793.
737 2097 762 2114 B.

284 2130 413 2158 Summa
425 2135 450 2157 et
461 2129 622 2157 semicinctia
633 2130 708 2158 Pauli
716 2130 851 2159 mirabilia
861 2132 981 2169 quidem,

245 2175 353 2203 vincula
370 2185 434 2203 vero
453 2174 510 2212 ejus
526 2174 702 2204 mirabiliora.
720 2183 765 2204 Xl.
781 2181 828 2205 63,
848 2188 874 2205 A.
889 2177 985 2205 Suda-

245 2222 291 2246 ria
303 2225 329 2246 et
342 2220 522 2247 semicinctia
534 2225 603 2247 ante
617 2226 718 2257 portas
733 2220 872 2255 ecclesiae,
888 2221 985 2250 Judaei

246 2262 420 2292 vendebant.
440 2269 510 2294 thl,
527 2267 591 2292 832.
604 2273 633 2291 A.

288 2307 416 2335 Senonas
435 2306 560 2344 exemplo
581 2313 734 2335 sanctorum
756 2317 807 2335 non
839 2307 984 2337 metuendi.

247 2357 292 2380 ΙΙΙ.
307 2355 369 2378 192.

286 2394 358 2422 Sues
374 2399 508 2431 unguento
526 2393 650 2422 suffocari
669 2393 806 2423 dicuntur.
825 2402 857 2423 x.
878 2400 942 2424 546.
958 2405 983 2424 1³.

287 2438 436 2465 Scmzmmx
447 2443 578 2475 argentea.
593 2444 624 2466 11.
639 2442 704 2468 929.
722 2449 746 2466 Β.

288 2481 426 2508 δυνεῐιωΛ
442 2480 574 2509 malorum
590 2488 680 2509 mater.
701 2489 745 2510 Vl.
767 2487 827 2513 145,
846 2495 871 2510 A.
887 2490 911 2511 ct
925 2494 985 2517 arx,

250 2532 365 2562 itemque
380 2524 438 2552 fons
451 2532 477 2552 ct
491 2525 570 2553 radix
590 2526 676 2555 omnis
695 2527 826 2565 nequitiae.
845 2535 899 2556 Vll.
922 2532 985 2557 214.

251 2577 275 2594 11.
297 2578 322 2597 o,
336 2578 358 2595 Β.
378 2574 444 2596 vni.
462 2573 507 2596 64.
523 2579 548 2596 n.

856 181 960 204 mimx
988 180 1112 202 RERUM.

1051 240 1297 279 Stipeibia111}3'nihil
1314 240 1349 268 ita
1361 241 1447 278 giguit
1460 248 1488 268 ut
1497 241 1750 276 bona'conscicutia,

1011 285 1061 313 nisi
1085 283 1275 322 advigilemus.
1300 291 1320 312 ι.
1343 288 1406 312 964.
1429 295 1452 312 n.
1481 292 1523 313 Vl-
1551 290 1614 313 130.
1646 295 1672 313 Ε.
1693 286 1748 314 Su-

1012 327 1134 367 perbiam
1147 327 1255 366 pariunt
1272 327 1450 366 principatus,
1468 334 1492 356 et
1506 328 1587 366 primi
1601 337 1748 357 consessus.

1014 378 1071 400 vu.
1086 375 1151 399 704.
1170 381 1196 401 c,
1217 370 1260 398 Ex
1275 370 1425 409 ignorantia
1441 381 1546 409 quoque
1560 372 1689 400 nascitur.
1706 379 1749 401 xl.

1014 420 1077 444 697.
1094 426 1120 442 F.

1053 457 1295 497 Superbiajustum
1305 458 1458 488 labefactat.
1473 466 1493 487 1.
1508 463 1573 489 964.
1585 470 1610 487 n.
1623 460 1752 498 Quisquis

1014 513 1075 531 cum
1098 502 1225 541 superbia
1247 509 1372 541 operatur
1387 503 1485 531 bonum
1499 525 1506 539 ‚
1522 503 1667 532 mercedem
1690 504 1753 533 hinc

1014 546 1213 585 provenientem
1243 545 1382 584 disperdit.
1407 554 1451 575 lv.
1477 551 1541 577 486.
1565 558 1589 575 Β.
1614 548 1752 587 Superbiae

1016 590 1125 618 morbus
1138 590 1258 618 avaritia:
1269 590 1438 629 adjungitur.
1460 598 1505 619 Vt.
1521 596 1565 620 49.
1578 602 1606 619 E.
1619 591 1752 631 Superbia

1017 634 1134 662 maxime
1159 634 1185 661 in
1208 633 1334 662 muliebri
1352 645 1415 662 sexu
1437 634 1538 664 odiosa.
1566 642 1611 664 Vl.
1635 640 1680 664 51.
1706 636 1756 664 Est

1017 678 1115 707 vulnus
1135 677 1328 716 periculosum.
1350 685 1394 707 vl.
1414 684 1474 707 135.
1494 689 1522 707 D.
1541 681 1571 708 In
1594 679 1693 708 animis
1710 679 1755 708 id-

1019 723 1106 762 ipsum
1116 728 1163 756 est,
1174 721 1246 760 quod
1258 722 1360 750 inssatio
1374 722 1401 750 in
1417 723 1582 762 corporibus.
1597 730 1642 752 Vl.
1652 727 1716 751 137.
1728 732 1743 750 Ε

1018 767 1150 805 Superbia
1173 769 1313 805 quantum}
1327 774 1439 801 noceat;
1466 768 1604 797 humilitas
1625 774 1757 806 quantum

1018 810 1113 849 prosit.
1136 817 1194 840 Vll.
1217 815 1262 839 45.
1286 821 1311 838 Β.
1332 822 1359 842 c.
1374 811 1449 840 Nihil
1463 812 1592 851 superbia
1605 811 1755 850 abjectius;

1020 854 1171 882 humilitate
1192 854 1260 883 nihil
1283 855 1437 884 sublimius.
1465 863 1520 885 vlt.
1540 860 1605 884 733.
1624 866 1653 886 D.
1677 866 1757 893 quam

1020 898 1105 926 aliena
1125 898 1159 926 sit
1179 898 1213 926 ab
1229 899 1316 927 anima
1333 899 1493 928 Christiana.
1511 907 1556 929 xl.
1575 905 1640 930 266.
1659 911 1684 928 c.
1701 900 1757 929 Su-

1021 941 1112 980 perbia
1131 942 1272 980 fugienda,
1296 943 1455 982 simplicitas
1470 955 1533 973 vero
1547 943 1680 973 sectanda.
1697 951 1755 972 vtt.

1021 991 1085 1014 480.
1108 997 1136 1014 A.
1155 986 1286 1025 Superbia
1299 997 1389 1016 omnes
1404 988 1517 1016 virtutes
1538 988 1646 1016 inutiles
1661 987 1757 1016 reddit.

1023 1036 1092 1058 viu.
1119 1034 1165 1058 64.
1193 1041 1220 1058 A.
1258 1041 1418 1069 omnemque
1438 1032 1519 1060 animi
1543 1032 1667 1060 virtutem
1683 1032 1760 1060 labe-

1021 1073 1111 1101 factat.
1128 1080 1197 1101 ΠΗ.
1213 1080 1276 1104 109.
1294 1085 1320 1103 E.
1334 1075 1467 1114 Superbia
1480 1076 1597 1108 hominis
1611 1086 1759 1115 argumen-

1022 1123 1079 1144 tum
1099 1123 1137 1144 est
1152 1117 1224 1154 quod
1238 1124 1312 1155 egeat
1329 1119 1442 1149 ratione.
1462 1128 1509 1150 XI.
1526 1126 1590 1151 594.
1607 1132 1633 1149 A·
1652 1124 1692 1149 De
1705 1121 1758 1149 Su·

1023 1160 1115 1198 perbia
1131 1166 1156 1188 et
1172 1160 1244 1188 inani
1259 1160 1343 1198 gloria
1360 1162 1471 1200 Eeloga.
1489 1170 1546 1192 xit.
1562 1168 1625 1192 721.

1063 1204 1206 1232 sopanus
1228 1204 1274 1232 ille
1295 1211 1344 1241 est,
1361 1206 1407 1243 qui
1428 1206 1490 1244 plus
1512 1208 1597 1246 exigit
1610 1218 1691 1245 quam
1708 1208 1761 1236 sibi

1023 1247 1136 1275 debetur
1146 1258 1162 1275 a
1176 1248 1309 1286 proximo,
1328 1255 1360 1279 v.
1378 1254 1404 1278 9.
1417 1250 1570 1289 Superbum
1580 1262 1636 1280 esse
1646 1258 1672 1280 et
1685 1262 1761 1280 arro-

1024 1297 1131 1330 gantem
1149 1291 1280 1330 injustitia
1294 1299 1342 1321 est.
1362 1301 1391 1322 v.
1411 1299 1437 1323 8.
1454 1305 1478 1323 Β.

1066 1335 1181 1374 Superbi
1197 1342 1222 1363 et
1234 1336 1386 1375 arrogantes
1401 1345 1565 1378 quantopere
1579 1346 1641 1369 sunt
1665 1340 1765 1379 fugien-

1025 1379 1065 1409 di.
1081 1386 1113 1408 v.
1128 1384 1194 1408 447.
1215 1391 1241 1408 A.
1260 1381 1375 1420 Superbi
1389 1393 1450 1411 cum
1471 1382 1571 1412 humili
1587 1384 1763 1423 comp-arado.

1028 1430 1086 1451 VH.
1115 1427 1178 1453 338.
1204 1435 1228 1452 B.
1255 1435 1282 1453 c.
1305 1429 1371 1454 733.
1392 1437 1419 1454 A.
1443 1437 1466 1454 n.
1487 1427 1626 1466 Superbus
1649 1429 1767 1457 maxime

1027 1467 1148 1496 omnium
1165 1478 1233 1496 sesse
1252 1469 1364 1507 ignorat.
1382 1477 1439 1499 VII.
1462 1475 1525 1500 354.
1541 1483 1566 1502 e.
1584 1473 1632 1501 Est
1645 1473 1766 1501 omnium

1028 1512 1146 1540 maxime
1156 1512 1295 1542 ridiculus.
1312 1521 1369 1543 Vll.
1381 1519 1446 1543 735.
1464 1525 1487 1543 Β.

1069 1555 1218 1593 δυΡΕιηοΒ,
1233 1558 1278 1595 qui
1293 1557 1320 1586 in
1334 1559 1424 1597 aliqua
1436 1570 1463 1588 re
1472 1559 1506 1587 ab
1519 1560 1643 1589 inferiore
1655 1570 1767 1599 supera-

1030 1606 1083 1636 tus,
1101 1599 1167 1628 illud
1182 1600 1285 1630 fortiter
1300 1602 1401 1640 tulerit,
1415 1604 1556 1633 fortissimi
1570 1604 1620 1632 erit
1634 1603 1728 1632 animi.
1743 1611 1762 1632 1.

1031 1648 1096 1672 513.
1116 1655 1143 1675 Α.

1071 1689 1212 1718 Summa
1226 1690 1347 1720 Virtutes
1371 1693 1458 1721 Deum
1479 1703 1529 1721 non
1554 1692 1670 1732 perfecte
1692 1702 1768 1720 com-

1031 1732 1205 1771 prehendunt.
1226 1742 1247 1764 1.
1266 1740 1329 1764 579.
1344 1747 1371 1765 c.

1071 1777 1313 1808 Srpznsrmoms
1332 1780 1412 1809 variae
1429 1781 1499 1809 circa
1521 1788 1657 1810 nascentes
1682 1780 1772 1808 infan-

1034 1826 1071 1848 tes
1087 1821 1226 1851 adhibitae.
1250 1831 1283 1852 X.
1310 1830 1374 1855 108.
1400 1830 1464 1854 125.
1489 1838 1514 1854 A.
1536 1837 1559 1854 B.
1584 1833 1631 1855 xl.
1656 1830 1721 1854 448.
1745 1835 1768 1852 n.

1074 1865 1195 1904 Surum,
1216 1867 1257 1895 vel
1272 1867 1372 1906 Ophir,
1387 1875 1455 1897 terra
1467 1869 1592 1898 aurifera.
1609 1876 1641 1897 V.
1659 1873 1724 1897 212.
1745 1878 1771 1897 C.

1074 1908 1209 1938 SUPPLEx
1224 1911 1283 1948 quis
1297 1921 1359 1940 vere
1374 1912 1417 1941 sit.
1436 1920 1467 1943 V.
1486 1918 1531 1941 38.
1549 1924 1573 1942 c.

1078 1952 1282 1984 Suppmcmo.
1301 1955 1372 1983 lide
1388 1956 1517 1993 Ouum,
1533 1958 1684 1993 Priscu-10,
1703 1957 1775 1984 Pur.-

1036 2008 1093 2029 ces,

1076 2044 1255 2072 Suppucmm
1270 2049 1398 2072 aeternum
1416 2044 1473 2072 fore
1490 2044 1629 2084 probatur.
1649 2051 1694 2073 Χῖ.
1709 2048 1773 2072 558.

1038 2098 1066 2116 n.
1083 2098 1110 2115 E.
1137 2092 1199 2115 559.
1223 2097 1286 2127 sqq.
1304 2092 1367 2117 560.
1397 2099 1423 2117 Ε.
1447 2099 1508 2127 sqq.
1537 2089 1637 2117 Futura
1661 2088 1776 2116 immor-

1038 2131 1100 2159 talia
1125 2137 1204 2165 sunt,
1227 2138 1285 2159 tum
1306 2132 1470 2171 supplicium
1494 2139 1552 2160 tum
1576 2142 1684 2160 merces.
1705 2138 1774 2160 viti.

1039 2180 1103 2203 300.
1139 2186 1165 2202 Ε.
1200 2176 1333 2214 Supplicii
1359 2177 1449 2205 aeterni
1484 2177 1609 2205 memoria
1649 2183 1778 2214 quantum

1039 2219 1152 2258 peccatis
1170 2219 1328 2248 remedium.
1352 2227 1384 2249 ΙΙ.
1412 2225 1477 2249 237.
1500 2232 1526 2249 Ε.
1548 2232 1573 2249 A.
1594 2222 1649 2249 Cur
1672 2219 1780 2259 suppli-

1039 2264 1080 2292 cia
1100 2274 1149 2302 pro
1169 2264 1282 2302 peccatis
1304 2264 1329 2293 in
1351 2265 1401 2293 hac
1420 2266 1475 2294 vita
1497 2276 1549 2293 non
1570 2265 1726 2293 inferantur.
1745 2271 1776 2294 v.

1039 2312 1085 2337 76.
1109 2318 1135 2336 c.
1160 2308 1331 2347 Supplicium
1351 2316 1390 2337 est
1413 2309 1568 2338 inevitabile
1589 2310 1621 2338 iis
1643 2309 1689 2347 qui
1711 2314 1781 2337 recte

1040 2353 1124 2381 vitam
1148 2362 1200 2380 non
1229 2352 1412 2382 instituerunt.
1437 2361 1494 2382 Vll.
1518 2358 1582 2384 182.
1610 2363 1636 2381 A.
1665 2352 1781 2380 Insertur

1040 2397 1106 2424 etin
1130 2396 1180 2424 hoc
1202 2403 1227 2424 et
1247 2397 1273 2425 in
1296 2397 1386 2426 futuro
1403 2398 1510 2426 saeculo.
1535 2405 1590 2426 ΠΙ.
1616 2402 1679 2426 506.
1703 2407 1732 2426 n.
1753 2406 1779 2424 Ε.

1041 2440 1150 2479 Duplex
1161 2440 1281 2468 snturum
1291 2447 1330 2469 est
1342 2440 1541 2475 damnatorum,
1557 2448 1613 2469 tuni
1625 2440 1699 2479 quod
1710 2450 1781 2468 com-

1042 2485 1184 2520 burantur,
1202 2491 1257 2512 tum
1273 2484 1345 2521 quod
1365 2495 1377 2513 a
1394 2485 1478 2523 gloria
1493 2485 1627 2513 excidant.
1643 2492 1701 2515 vn.
1717 2489 1779 2513 550.

1042 2528 1213 2567 Supplicium
1224 2535 1352 2557 internum
1365 2529 1502 2558 horrorem
1513 2536 1643 2567 quantum
1659 2529 1780 2569 inspiret.

1046 2580 1101 2601 xil.
1121 2577 1185 2601 (330.
1205 2583 1231 2602 D.
