1950 2922
200 806 236 825 ²27

96 984 235 1015 T-3.[=.337.

102 2560 239 2583 'ff-initio.

249 220 315 263 148
731 230 759 252 s.

245 294 313 322 tium
326 292 398 331 fidei,
408 293 541 321 auxilium
551 292 601 320 Dei
616 302 670 320 esse
685 290 870 319 necessarium.
882 290 986 319 Verum

245 339 314 367 alius
329 338 363 367 ad
378 338 435 367 haec
447 338 571 377 pluribus
587 335 723 365 tractanda
742 335 818 363 nobis
830 341 868 363 est
886 334 987 363 consti-

244 390 318 412 tutus
333 385 413 412 locus.
426 383 512 412 Aliam
525 382 668 411 dubitandi
683 391 789 409 causam
801 381 876 409 effert
889 381 911 409 is
922 381 987 419 ipse,

245 430 290 466 qui
304 430 420 468 priorem
436 428 546 467 protulit
562 439 567 454 :
584 427 635 455 sub
650 426 756 455 initium
771 426 889 454 homiliae
903 425 987 454 teriiae

244 473 344 502 dicitur
357 485 370 502 a
387 473 464 501 Pauli
478 479 595 511 tempore
613 472 772 509 quingentos
788 481 870 500 annos
883 471 987 510 elapsos

244 530 308 556 esse,
321 531 379 558 quae
400 520 476 557 longe
493 518 664 547 recentiorem
679 518 873 557 Clirysostomo
895 524 988 545 aucto-

245 577 301 594 rem
325 572 447 603 arguant.
463 565 533 593 Hinc
548 575 611 593 vero
633 563 734 592 nullam
751 563 840 592 afferri
860 563 988 592 dubitan-

245 612 275 640 di
286 621 391 639 causam
404 611 492 640 statim
504 610 624 639 advertet
637 609 757 648 quisquis
774 609 880 638 lectioni
896 609 988 648 Chry-

245 656 353 685 sostomi
366 663 486 684 assuctus
499 662 656 695 perpetuam
671 656 727 694 ejus
746 654 773 683 in
787 665 918 683 annorum
931 654 988 683 cal-

245 702 312 731 culis
322 702 510 740 negligentiam
523 700 713 730 observaverit.
726 700 771 729 Sic
785 711 837 729 non
853 700 933 729 semel
943 700 989 728 ille

245 759 328 777 annos
341 748 499 787 quingentos
515 754 651 775 enumerat
664 758 677 775 a
693 754 824 785 postrema
839 746 932 785 templi
943 747 989 775 Je—

247 794 430 834 rosolymitani
440 793 628 829 destructione,
641 803 700 831 quae
716 793 818 830 aliquot
829 792 905 821 annis
916 802 990 820 mor-

245 848 299 871 tem
312 841 390 870 Pauli
404 840 564 877 subsequuta
574 846 625 868 est.
640 839 685 867 Sic
697 846 722 867 et
734 839 798 867 alibi
811 838 912 878 passim
923 840 990 867 ἀνα-

245 887 394 927 χρονισμοὶ,
406 886 432 915 in
448 886 577 925 scriptore
587 896 681 924 nempe
695 892 845 924 temporum
859 884 989 912 rationem

246 944 344 973 parum
360 939 469 961 curante
486 931 733 971 deprehenduntur.

294 979 527 1018 Elegantissimam
540 978 691 1007 concionem
706 978 741 1007 de
753 978 932 1006 Futurorum
941 977 991 1005 de-

251 1027 341 1062 liciis,
359 1033 423 1063 etc.‚
439 1025 535 1054 habuit
553 1025 760 1063 Clirysostomus
783 1022 946 1059 Antiochiae,
961 1029 990 1051 ut

248 1072 371 1111 arguitur
384 1082 419 1100 ex
434 1071 478 1108 iis,
500 1082 558 1109 quae
572 1071 622 1098 sub
639 1070 745 1098 initium
760 1069 897 1103 dicuntur,
915 1079 990 1097 nem-

248 1129 282 1158 pe
295 1118 413 1146 adhunc
426 1124 576 1156 martyrum
591 1116 678 1144 locum
695 1115 825 1155 populum
838 1115 989 1144 ventitasse.

249 1165 334 1193 Extra
350 1164 443 1192 urbem
457 1173 552 1201 nempe
566 1169 620 1190 erat
635 1162 744 1190 ecclesia
759 1168 867 1200 propter
881 1168 989 1200 marty-

249 1219 309 1236 rum
323 1207 462 1245 Reliquias
473 1207 649 1244 frequentata,
668 1216 720 1244 quo
735 1206 879 1245 pergebant
897 1205 989 1244 populi

249 1255 354 1295 pietatis
372 1265 449 1283 causa
459 1277 466 1290 ,
480 1261 504 1282 et
520 1254 566 1282 ubi
585 1254 737 1291 frequenter
752 1253 890 1281 conciones
904 1253 989 1280 habe-

250 1301 360 1336 bantur,
384 1307 414 1328 ut
430 1301 485 1339 jam
509 1310 561 1327 non
579 1299 659 1327 semel
676 1298 802 1326 vidimus.
823 1298 884 1333 Quo
900 1305 989 1326 autem

249 1357 319 1375 anno
338 1346 411 1374 dicta
437 1345 469 1373 sit
489 1356 523 1373 ex
540 1344 614 1372 nulla
637 1350 696 1372 nota
711 1343 815 1381 assequi
833 1354 986 1382 possumus.

288 1391 517 1421 commentarium
541 1389 720 1428 homiliasque
743 1389 770 1417 in
793 1389 913 1418 Psalmos
935 1391 990 1417 An-

247 1439 353 1468 tiocliiae
369 1437 488 1467 emisisse
506 1437 728 1475 Chrysostomum
744 1442 846 1464 eertum
860 1434 987 1464 videtur:

248 1495 314 1524 opus
340 1484 475 1523 egregium
496 1490 521 1511 et
538 1482 605 1510 inter
620 1481 836 1521 praestantissima
851 1481 908 1520 ejus
922 1491 989 1520 ope-

247 1542 275 1559 ra
297 1529 518 1569 computandum,
545 1535 575 1556 ut
597 1528 683 1556 cuivis
700 1527 797 1565 legenti
820 1527 908 1566 palam
927 1527 985 1555 erit.

248 1577 383 1616 Opinatur
397 1574 597 1611 Tillemontios,
615 1573 664 1601 lios
680 1574 705 1601 in
722 1573 842 1601 Psalmos
856 1582 990 1601 sermones

248 1622 384 1661 scripsisse
407 1621 642 1660 Chiysostomum,
669 1630 716 1648 nec
741 1620 940 1647 concionantem
963 1619 988 1647 in

248 1675 317 1696 eoetu
335 1667 428 1707 populi
446 1666 596 1706 protulisse.
612 1666 643 1694 ld
658 1676 733 1699 vero,
752 1672 779 1692 ut
795 1671 834 1693 est
850 1664 875 1692 in
889 1664 990 1703 judicio

248 1713 356 1742 ferendo
382 1719 492 1748 cautus,
523 1711 702 1740 subdubitans
728 1717 832 1738 tautum
862 1710 990 1739 enuntiat.

248 1760 320 1788 Mihi
341 1770 404 1788 vero
421 1769 495 1787 secus
512 1758 599 1787 visum
615 1764 662 1785 est.
676 1757 705 1785 In
723 1756 764 1784 liis
773 1756 846 1784 enim
859 1757 990 1784 sermoni-

248 1806 299 1834 bus
319 1805 418 1844 passim
440 1804 570 1843 populum
590 1802 749 1840 alloquitur,
771 1802 889 1839 taliaque
908 1812 991 1830 enun-

249 1852 312 1887 tiat,
327 1862 387 1889 quae
403 1849 570 1879 concionanti
585 1856 687 1876 tantum
708 1854 856 1887 competere
877 1847 990 1886 possint,

250 1905 277 1925 ut
293 1897 385 1925 videas
401 1897 427 1924 in
443 1896 600 1924 Praefatione
613 1893 647 1922 ad
660 1894 776 1922 Tomum
793 1893 927 1931 quintum.
950 1893 991 1921 Ad

250 1955 356 1973 morum
379 1944 551 1983 disciplinam
577 1942 605 1970 hi
634 1941 816 1970 commentarii
843 1941 990 1971 admodum

249 1990 396 2030 opportuni
414 1996 475 2018 sunt
495 2001 501 2016 ε
522 1988 627 2016 nullum
644 1987 742 2015 ethices
761 1993 926 2026 praeceptum
946 1987 992 2015 hic

250 2047 301 2065 non
324 2036 453 2065 offendas.
479 2034 624 2064 Occasione
649 2040 736 2062 sumta
765 2044 797 2061 ex
823 2034 991 2062 Psalmorum

251 2083 426 2122 argumentis,
447 2091 525 2110 omne
541 2082 673 2110 virtutum
695 2090 778 2118 genus
799 2079 844 2108 bic
859 2090 991 2108 commen-

251 2129 343 2164 datur,
367 2129 431 2158 vitia
455 2127 544 2156 omnia
566 2126 737 2165 exagitantur
757 2137 762 2153 z
781 2125 910 2165 exemplis
934 2126 991 2154 sre-

251 2175 409 2213 qucntibus,
438 2173 518 2202 modo
547 2172 706 2211 fugiendum
731 2178 883 2211 peccatum,
910 2171 990 2200 modo

251 2220 463 2260 amplectendam
478 2219 606 2247 virtutem
620 2228 675 2246 esse
692 2217 828 2245 suadetur.

293 2266 442 2296 Antiochiae
456 2266 554 2294 dictam
570 2265 746 2304 probabiliter
757 2271 883 2303 putamus
898 2263 991 2293 homi—

252 2315 316 2343 liam
336 2313 379 2341 cui
395 2312 492 2340 titulus
509 2324 515 2339 :
537 2311 670 2339 Homilia
689 2312 792 2339 hahita
808 2314 838 2338 in
854 2322 991 2349 magnam

252 2359 492 2393 Hebdmnaclam,
509 2360 540 2386 in.
556 2368 614 2395 qua
629 2358 750 2385 docetw·
762 2367 815 2385 cnr
830 2367 864 2385 ea
884 2368 992 2396 magna

253 2405 447 2436 Hebdomada
461 2404 633 2442 appelletur,
645 2410 672 2431 et
684 2406 713 2430 in
725 2403 816 2438 illud,
828 2403 921 2431 Lauda
933 2403 992 2431 ani-

253 2463 295 2481 ma
314 2462 371 2480 mea
391 2449 554 2485 Dominum,
571 2459 606 2477 ac
626 2449 660 2476 de
680 2449 796 2477 custode
816 2451 941 2477 carceris
960 2451 992 2477 in

253 2499 348 2527 Actis.

292 2542 540 2583 Interpretationem
564 2541 589 2569 in
606 2541 719 2576 lsaiam,
737 2548 850 2579 eoeptam
867 2548 892 2570 et
909 2552 992 2580 usque

253 2590 286 2619 sul
308 2588 454 2618 dimidium
475 2587 570 2626 capitis
594 2587 681 2615 octavi
703 2585 847 2614 deductam
872 2587 992 2616 creditur

253 2636 459 2675 Chrysostomus
477 2633 649 2662 adornavisse
669 2631 827 2668 Antiochiae,
849 2639 990 2671 antequam

788 230 846 252 JOA
853 229 868 251 N
876 228 927 250 Nts
954 226 1185 249 CHRYSOSTOMI
1211 226 1305 258 Vt'rA,

1041 288 1180 327 presbyter
1197 294 1264 316 esset
1281 300 1289 316 z
1306 298 1391 326 neque
1406 287 1476 316 enim
1492 288 1519 316 in
1534 288 1672 317 conciones
1683 287 1780 317 distri-

1040 335 1104 363 buta
1119 341 1174 371 est,
1190 342 1220 363 ut
1235 334 1359 363 Homiliae
1376 334 1403 362 in
1423 334 1549 363 Genesim
1569 342 1594 363 et
1610 335 1635 363 in
1651 335 1781 363 psalmos.

1040 381 1117 409 Circa
1138 388 1242 420 tempus
1257 387 1281 409 et
1295 380 1397 415 Iocum,
1418 380 1492 418 queis
1507 380 1558 408 hoc
1577 390 1644 419 opus
1658 381 1781 419 Chryso-

1040 435 1141 456 stomus
1155 437 1296 465 aggressus
1315 433 1368 461 est,
1385 433 1531 464 czeteraque
1542 425 1576 454 ad
1591 426 1709 466 idipsum
1722 436 1781 465 spe-

1040 472 1150 508 ctantia,
1164 472 1331 501 Tillemontii
1347 472 1503 500 sententiam
1516 472 1630 500 libenter
1644 472 1780 511 amplecti-

1041 530 1110 548 mur.
1137 532 1150 545 «
1172 519 1228 547 Hoc
1242 529 1324 556 opus,
1345 530 1358 544 »
1379 518 1465 556 inquit
1480 518 1540 553 ille,
1560 530 1574 545 «
1595 518 1781 557 Clirysostomi

1039 576 1095 593 esse
1115 575 1191 593 nemo
1213 575 1265 593 non
1285 564 1421 593 existimet
1440 576 1445 591 :
1463 564 1543 603 idque
1563 564 1700 601 elegantiae
1717 575 1782 602 spe-

1041 612 1138 639 cimina
1153 621 1207 650 prae
1222 621 1249 639 se
1264 611 1313 639 sert
1328 621 1379 639 non
1392 610 1525 649 vulgaria.
1540 611 1581 638 De
1595 610 1707 649 imperio
1724 611 1782 638 Ro-

1041 668 1119 685 mano
1130 657 1252 695 quaedam
1263 657 1307 685 hic
1320 657 1453 685 habentur
1465 668 1492 696 p.
1507 657 1546 684 ΕΜ
1558 655 1644 694 (quod
1658 656 1783 685 videlicet

1041 713 1144 731 summa
1159 713 1224 742 pace
1240 709 1302 730 tunc
1318 702 1480 737 frueretur),
1497 702 1554 741 ejus
1568 701 1649 730 statui
1666 709 1784 740 tempore

1041 749 1226 788 Chrysostomi
1241 748 1425 786 congruentia,
1437 748 1556 776 maxime
1567 758 1639 784 vero,
1650 747 1670 776 si
1683 754 1783 787 spectes

1041 805 1069 822 ea
1086 805 1145 832 quae
1159 804 1258 822 annum
1272 795 1329 823 577
1341 800 1542 832 praecesserunt.
1559 793 1629 821 Illud
1645 804 1708 821 vero
1720 803 1783 832 ope-

1041 841 1077 869 ris
1100 841 1142 869 vel
1166 840 1192 868 in
1213 840 1377 877 solitudine,
1398 840 1441 869 vel
1464 850 1523 868 cum
1545 839 1674 868 diaconus
1697 846 1780 873 esset,

1040 887 1151 915 fortasse
1166 886 1292 915 emiserit.
1309 887 1380 914 Nam
1395 896 1428 914 ex
1440 896 1493 924 quo
1508 892 1626 925 tempore
1641 885 1784 925 presbyter

1043 932 1103 969 fuit,
1127 942 1179 960 non
1201 931 1309 960 videtur
1325 938 1365 959 sat
1384 931 1431 960 otii
1453 938 1479 959 et
1498 931 1576 970 spatii
1598 931 1739 968 babuisse,
1755 936 1784 959 ut

1043 985 1116 1007 tanto
1131 977 1234 1007 edendo
1246 978 1320 1017 operi
1335 988 1445 1006 manum
1457 977 1622 1005 admoveret.
1639 988 1654 1003 2>

1820 474 1910 495 Tittem.

1794 513 1816 534 p.
1845 511 1885 535 90.

1084 1025 1318 1064 Elegantissimam
1330 1024 1472 1052 homiliam
1486 1023 1581 1051 babuit
1594 1022 1741 1051 Antiochiae
1756 1022 1783 1050 in
1796 1024 1937 1054 Ί“.6.Ρ.Ξ54.4

1043 1081 1140 1109 magna
1160 1070 1270 1099 ecclesia
1289 1070 1362 1109 [imo
1382 1069 1616 1108 Constantinopoli
1638 1068 1703 1104 (cfr.
1723 1079 1783 1106 quae

1043 1117 1162 1145 diximus
1183 1117 1208 1145 in
1226 1116 1331 1145 Monito
1349 1115 1383 1144 ad
1398 1126 1495 1144 nonam
1512 1114 1652 1142 homiliam
1670 1115 1784 1143 Vatica-

1043 1170 1136 1192 namt.
1156 1165 1218 1198 152),
1241 1169 1383 1201 postquam
1405 1161 1474 1189 alius
1494 1160 1636 1200 episcopus
1659 1160 1784 1195 incertus,

1043 1220 1095 1239 non
1116 1209 1278 1244 Flavianus,
1302 1208 1380 1236 titulo
1399 1208 1498 1235 ferente
1518 1205 1705 1245 προειρηκότος
1728 1206 1785 1233 ἐπι-

1044 1255 1156 1290 σκόπου,
1178 1261 1252 1283 antea
1274 1253 1445 1282 concionatus
1465 1258 1530 1280 erat.
1542 1252 1598 1279 Ta.
1611 1252 1707 1289 F1x.],
1724 1261 1785 1280 cum

1043 1311 1126 1339 pauca
1151 1300 1276 1339 prmsatus
1302 1306 1367 1327 esset
1396 1299 1537 1338 episeopus
1565 1298 1727 1334 Flavianus,
1757 1297 1785 1326 in

1042 1346 1112 1375 illud
1132 1345 1289 1384 Evangelii,
1314 1345 1410 1374 Filius
1431 1355 1467 1372 ez*
1488 1346 1581 1382 seipso
1605 1344 1783 1383 nihilfacit,

1045 1393 1100 1420 nisi
1122 1392 1201 1431 quod
1225 1392 1333 1419 viderie
1360 1391 1480 1419 Patrem
1496 1392 1671 1429 facientem.
1699 1390 1786 1429 Hujus

1043 1444 1130 1465 autem
1147 1437 1296 1471 concionis,
1316 1446 1362 1464 seu
1380 1437 1469 1475 potius
1490 1435 1690 1475 disceptationis
1704 1438 1784 1472 (nam

1043 1490 1096 1512 tota
1121 1482 1147 1510 in
1172 1493 1267 1521 genere
1287 1483 1424 1520 πολεμικῷ
1447 1484 1582 1518 versatur)
1607 1482 1710 1511 occasio
1734 1483 1785 1512 suit

1044 1531 1233 1557 Anomoeorum
1247 1528 1370 1566 quaedam
1386 1528 1508 1567 objectio.
1525 1529 1593 1557 Cum
1609 1529 1679 1557 enim
1695 1528 1786 1568 Chry-

1043 1581 1175 1603 sostomus
1195 1575 1222 1603 in
1238 1574 1399 1614 praeeedenti
1420 1574 1545 1603 concione
1565 1575 1642 1613 [quae
1659 1582 1697 1603 est
1715 1585 1783 1604 nona

1044 1622 1191 1659 Vaticana]
1207 1621 1257 1649 hoc
1274 1620 1346 1649 dicto
1367 1620 1520 1659 evangelico
1542 1621 1568 1649 in
1590 1621 1709 1650 medium
1730 1621 1784 1650 ad—

1044 1666 1136 1701 ducto,
1162 1668 1254 1696 Pater·
1276 1677 1355 1696 meus
1377 1677 1467 1706 usque
1485 1668 1569 1695 modo
1590 1674 1736 1706 operatur,
1756 1675 1785 1698 ec

1044 1722 1096 1749 ego
1109 1723 1219 1751 operor,
1235 1712 1390 1741 ostendisset
1402 1713 1465 1741 Filii
1480 1723 1541 1741 cum
1556 1714 1634 1741 Patre
1647 1713 1785 1751 aequalita-

1044 1766 1107 1795 tem,
1123 1769 1204 1797 quam
1218 1758 1309 1793 etiam,
1327 1759 1425 1796 inquit,
1436 1758 1553 1786 declarat
1566 1759 1730 1797 evangelista
1742 1759 1785 1788 his

1045 1804 1143 1838 verbis,
1161 1805 1321 1842 Propterea
1341 1807 1435 1843 magis
1448 1806 1694 1843 persequebantur·
1707 1815 1783 1841 eum,

1046 1860 1104 1877 non.
1119 1849 1213 1877 solum
1226 1851 1297 1888 quia
1309 1850 1440 1878 solvebat
1452 1851 1617 1886 sabbatum,
1629 1851 1716 1878 sedet
1728 1851 1787 1879 Pa-

1045 1902 1115 1924 trem
1128 1906 1212 1924 suam
1223 1896 1337 1924 dicebat
1352 1896 1444 1924 Deum
1457 1916 1465 1930 ,
1484 1896 1624 1934 aequalern
1634 1896 1786 1935 sefaciens

1047 1943 1128 1975 Deo;
1140 1942 1175 1970 ita
1188 1952 1335 1970 sermonem
1351 1942 1456 1970 elausit.
1471 1941 1594 1970 Haeretici
1607 1949 1695 1970 autem
1710 1944 1784 1970 Ano-

1044 1989 1107 2017 moei
1134 1988 1197 2016 huic
1229 1994 1387 2026 argumento
1418 1998 1454 2016 ex
1486 1988 1589 2017 Joanne
1623 1987 1785 2026 evangelista

1044 2035 1180 2070 desumto,
1195 2034 1279 2062 atium
1294 2044 1440 2073 opposuere
1452 2033 1563 2063 Joannis
1576 2033 1676 2069 locum,
1690 2043 1785 2072 nempe

1043 2082 1112 2110 illud
1128 2081 1236 2111 Joannis
1248 2081 1275 2116 5,
1290 2082 1327 2109 49
1341 2093 1347 2109 :
1363 2080 1447 2108 Nihil
1461 2080 1782 2120 potestsacereFili115‚

1045 2130 1100 2156 nisi
1120 2128 1229 2156 viderit
1249 2127 1368 2154 Patrem
1380 2126 1556 2165 facientem.
1581 2126 1705 2163 Cumque
1724 2125 1785 2153 talis

1043 2180 1109 2202 esset
1127 2173 1240 2212 objectio
1259 2182 1318 2211 quae
1333 2179 1421 2210 posset
1437 2171 1571 2199 auditores
1586 2171 1694 2199 turbare
1707 2177 1786 2209 atque

1043 2219 1198 2259 percellere,
1213 2228 1280 2257 opus
1298 2224 1354 2246 erat
1371 2217 1449 2245 hasce
1465 2218 1654 2245 Anomoeorum
1667 2216 1786 2255 argutias

1043 2265 1187 2294 confutare.
1201 2263 1383 2300 Quamobrem
1394 2262 1540 2292 Flavianus
1549 2263 1689 2302 episcopus
1699 2272 1786 2302 pauca

1044 2311 1185 2350 praefatus,
1201 2320 1262 2339 cum
1276 2309 1355 2338 sciret
1372 2309 1504 2348 populum
1520 2308 1646 2337 audiendi
1662 2319 1691 2337 ea
1710 2308 1744 2337 de
1757 2318 1787 2337 re

1045 2357 1231 2397 Chrysostomi
1255 2355 1384 2394 cupidum
1406 2365 1479 2392 esse,
1502 2356 1554 2383 cito
1577 2355 1657 2383 finem
1679 2354 1786 2383 dicendi

1043 2404 1116 2441 fecit,
1130 2410 1154 2432 et
1171 2403 1362 2442 Chrysostomo
1374 2401 1511 2430 haereticos
1527 2400 1681 2437 confutandi
1693 2410 1785 2429 curam

1044 2449 1217 2479 demandavit
1238 2461 1243 2475 :
1266 2454 1374 2476 noverat
1390 2448 1460 2476 enim
1477 2447 1609 2475 neminem
1631 2456 1708 2486 posse
1730 2452 1786 2474 tam

1045 2495 1149 2524 fortiter
1166 2495 1297 2532 lucifugas
1317 2494 1377 2521 illos
1397 2493 1549 2532 profligare,
1571 2503 1652 2530 quam
1673 2493 1786 2522 Joannes

1044 2542 1097 2577 hic,
1120 2541 1196 2580 cnjus
1220 2540 1411 2578 eloquentiam,
1434 2548 1545 2567 acumen
1567 2537 1682 2576 ingenii,
1705 2544 1786 2575 atque

1046 2586 1213 2621 διαλεκτικὴν
1233 2585 1336 2625 experti
1355 2595 1424 2624 saepe
1438 2585 1552 2613 fuerant.
1577 2584 1785 2622 Chrysostoinus

1046 2643 1119 2670 vero,
1135 2640 1164 2662 ut
1177 2638 1231 2661 erat
1246 2631 1408 2668 moderatus,
1424 2630 1501 2659 initio
1516 2630 1635 2670 queritur
1649 2627 1701 2658 sibi
1712 2628 1786 2658 dela-

1929 1662 1950 1700 ln
