1884 2922
715 206 817 230 tnossx
845 206 972 229 RERUM.

75 280 128 301 tum
142 282 191 311 pro
208 271 333 300 universo
357 271 466 310 populo.
492 272 535 300 lh.
557 269 734 299 sacerdotum
751 280 822 308 quo-

74 327 125 354 que
140 316 219 351 filiae,
232 321 342 355 propter
360 322 499 354 paternam
512 313 688 353 dignitatem,
704 320 821 353 peccato·

74 370 134 388 rum
150 369 262 388 suorum
283 359 369 388 multo
392 359 555 387 acerbiorem
580 368 686 396 poenam
707 357 819 386 dabant.

75 403 151 432 lbid.

119 446 308 474 Sacerdotium
322 456 373 474 non
385 445 501 483 amplius
519 451 604 473 exstat
618 443 692 483 apud
699 445 716 474 J
719 444 820 473 udaeos.

76 497 95 518 l.
117 495 180 519 803.
206 501 233 518 A.
257 497 283 518 et
302 489 460 529 patriarchae
480 489 546 517 dicti
560 488 631 516 nihil
644 488 719 516 aliud
732 494 795 516 sunt
809 510 817 523 ,

77 544 158 571 quam
170 533 369 562 histrionest.
382 543 432 561 nec
441 543 496 561 esse
507 532 616 570 quidem
627 538 748 571 possunt,
757 542 819 560 cum

78 577 148 606 desit
159 577 287 607 civitas.1.
301 581 364 605 811.
375 587 402 606 E.
414 576 617 605 Cessavitvctus
630 575 820 610 sacerdotium,

78 631 233 659 novumque
245 619 388 648 inductum
405 627 458 654 est,
474 630 527 648 non
538 619 687 648 secundum
701 619 822 648 ordinem

78 664 203 702 Aaronis,
215 663 261 693 scd
273 663 421 693 secundum
437 663 558 692 ordinem
575 662 785 693 Melchisedech.
803 670 822 691 1.

79 713 185 737 817-
196 713 261 737 819.
278 707 465 737 Sacerdotium
476 707 544 745 legis
553 707 609 746 jam
625 707 746 746 ejectum.
761 713 820 736 xn-

80 756 144 780 204.
158 765 184 781 A.
193 751 378 782 Sacerdotium
388 751 588 780 Melchisedech
601 751 696 779 melius
711 751 823 779 Aaronis

80 796 240 833 sacerdot103
250 795 310 824 ideo
320 796 395 835 prius
404 796 431 823 in
447 795 582 834 novalege
589 797 713 834 ejectum,
726 805 824 823 secun-

80 839 145 868 dum
154 850 218 869 vero
228 847 374 868 servatum.
388 840 590 869 x11.183.1›.1n
598 849 666 868 nova
674 838 731 877 lege
739 838 825 867 multo

81 883 166 922 magis
186 884 353 913 tremendum
366 890 406 912 est
421 883 598 913 sacerdotium
611 905 617 919 ‚
641 893 723 920 quam
735 883 761 910 in
774 892 824 912 ve·

82 930 142 959 teri.
160 938 180 959 l.
198 935 257 959 467.
275 940 299 958 c.
314 941 340 959 o.

121 973 307 1002 Sacerdotium
344 972 457 1011 imperio
484 978 556 1000 tanto
587 971 731 1000 sublimius
763 978 802 999 est
814 993 822 1008 ,

81 1025 213 1056 quantum
238 1017 410 1047 intervallum
431 1024 470 1045 est
491 1017 560 1045 inter
582 1017 709 1056 spiritum
725 1023 750 1045 et
764 1027 823 1045 car-

83 1072 152 1091 nem.
175 1069 196 1091 1.
222 1066 287 1090 465.
303 1071 330 1092 A.
357 1061 487 1090 Sacerdos
510 1060 632 1100 principe
650 1060 822 1093 honoratior,

83 1107 191 1145 ipseque
204 1107 339 1145 princeps.
365 1112 400 1133 ΙΙ.
427 1109 473 1133 45.
491 1114 516 1132 e.
536 1104 624 1132 Sacrae
650 1104 722 1143 leges
739 1105 828 1144 ipsum

82 1151 187 1190 regium
210 1157 290 1190 caput
318 1149 464 1178 sacerdotis
490 1148 615 1178 manibus
648 1150 828 1188 subjecerunt.

83 1197 129 1223 ΙΙ).
157 1206 187 1225 D.
221 1195 257 1224 Et
287 1193 395 1232 quando
432 1192 538 1232 aliquid
567 1193 630 1221 boni
656 1193 758 1221 caelitus
784 1203 827 1221 re-

83 1238 221 1276 quiritur,
245 1248 293 1266 rex
313 1237 347 1266 ad
367 1236 548 1271 sacerdotem,
572 1247 625 1265 non
649 1236 772 1265 sacerdos
794 1236 830 1265 ad

84 1293 172 1321 regem
195 1283 337 1321 confugere
357 1281 431 1310 solet.
446 1283 491 1318 ΙΙ),
508 1281 637 1309 Sacerdos
660 1291 720 1309 cum
740 1288 828 1316 terete,

85 1335 142 1355 tum
157 1337 248 1356 eorum
262 1337 320 1365 quae
332 1326 360 1354 in
374 1333 445 1354 terra
460 1332 602 1364 geruntur,
619 1325 710 1354 verius
735 1325 830 1364 praefe-

85 1378 142 1400 etus
167 1378 214 1407 est,
230 1381 312 1409 quam
336 1370 360 1398 is
381 1369 427 1408 qui
451 1379 571 1408 purpura
595 1367 707 1397 indutus
727 1376 775 1399 est.
793 1375 826 1397 11.

85 1420 150 1444 657.
168 1426 194 1443 Δ.
210 1415 324 1454 Oportet
344 1413 508 1442 sacerdotem
523 1413 592 1442 hanc
605 1419 762 1452 potestatem
776 1423 829 1441 non

85 1459 216 1495 minuere,
233 1457 280 1486 sed
295 1457 384 1497 potius
399 1457 516 1485 animam
530 1467 638 1492 exuere,
651 1467 732 1495 quam
757 1463 830 1496 pote-

85 1509 179 1531 statem
186 1504 264 1530 aDeo
274 1501 332 1540 ipso
341 1502 536 1540 acceptamJb.
553 1500 692 1529 Sacerdoti
708 1501 830 1529 commis-

85 1557 120 1575 sae
130 1552 192 1575 sunt
203 1545 308 1582 animae,
317 1545 377 1584 regi
390 1555 453 1575 vero
465 1555 586 1584 corpora.
600 1551 645 1573 VI.
661 1549 725 1573 147.
736 1555 763 1574 E.
779 1545 830 1573 Sa-

86 1589 200 1618 cerdotis
213 1589 299 1628 major
312 1596 349 1617 est
362 1589 539 1628 principatus,
557 1598 638 1627 quam
663 1589 747 1628 regis3
769 1599 830 1628 pro-

87 1641 176 1673 pterea
191 1643 239 1661 rex
251 1639 331 1672 caput
340 1632 476 1661 submittit
487 1633 578 1661 manui
592 1631 676 1669 illius,
692 1639 717 1662 et
729 1633 830 1672 ubique

87 1678 112 1706 in
125 1677 208 1707 veteri
224 1677 365 1716 Scriptura
387 1676 536 1706 sacerdotes
556 1688 631 1716 reges
650 1677 826 1715 inungebant.

86 1723 133 1751 ΙΙ).
151 1726 217 1750 153.
234 1732 261 1751 A.
277 1720 465 1750 Sacerdotium
478 1728 516 1749 est
527 1721 704 1761 principatus,
719 1721 830 1760 ipsoque

86 1775 168 1804 regno
180 1764 361 1794 venerabilius
372 1775 403 1793 ac
418 1766 470 1804 maj
476 1772 568 1795 ule.
580 1765 831 1795 152.c.Sacerdotis

86 1809 245 1847 (lignitatem
259 1819 307 1837 rex
324 1819 376 1837 non
395 1808 475 1837 debet
497 1819 637 1848 usurpare.
656 1816 701 1838 vl.
720 1813 782 1837 146.
799 1820 827 1837 A.

87 1853 146 1880 Rex
157 1852 267 1890 quidem
276 1862 306 1880 ea
321 1862 381 1890 quae
396 1859 458 1881 sunt
475 1853 502 1880 in
517 1853 593 1881 terris
605 1852 714 1882 sortitus
728 1859 764 1881 est
779 1851 829 1881 ad-

87 1895 281 1932 ministranda;
306 1895 452 1925 sacerdotis
471 1906 534 1925 vero
553 1897 598 1936 jus
617 1907 757 1936 esuperno
783 1896 829 1925 de-

86 1940 199 1968 scendit.
224 1940 273 1969 lb.
298 1950 323 1968 c.
345 1940 500 1969 Sacerdotes
521 1941 689 1980 principibus
711 1952 742 1969 ac
759 1941 830 1980 regi-

87 1984 138 2012 bus
153 1983 396 2020 formidabiliores,
418 1991 443 2013 et
462 1985 586 2023 patribus
611 1985 828 2014 venerabiliores.

88 2035 108 2056 1.
127 2033 191 2057 469.
207 2041 233 2057 Δ.

117 2072 245 2101 Sacerdos
255 2083 353 2112 puram
366 2083 448 2113 prope
461 2080 485 2102 et
500 2074 605 2102 beatam
615 2074 776 2103 constitutus
784 2084 831 2102 na-

88 2122 186 2144 turam.
202 2123 221 2145 1.
233 2121 298 2145 468.
312 2128 338 2147 13.
352 2118 509 2146 Potestatem
519 2118 560 2146 illi
570 2118 645 2146 dedit
655 2119 738 2153 Deus,
751 2127 831 2156 quam

88 2170 172 2199 neque
192 2161 294 2199 angelis
319 2171 404 2199 neque
425 2161 594 2200 archangelis
620 2161 763 2190 commisit.
788 2162 830 2189 Ib.
855 2178 858 2180 ψ

90 2215 115 2232 c.
127 2204 201 2232 Solet
215 2205 357 2244 Scriptura
371 2206 535 2234 sacerdotem
552 2216 650 2234 vocare
664 2212 690 2234 et
707 2205 832 2244 angelum

90 2254 114 2275 et
131 2247 221 2275 deum.
234 2255 268 2278 V.
284 2253 349 2277 488.
366 2260 392 2277 n.
410 2249 539 2279 Sacerdos
561 2256 613 2278 stat
635 2249 739 2278 medius
765 2248 833 2277 inter

89 2294 177 2319 Deum
191 2298 216 2320 et
226 2299 349 2320 naturam
363 2293 633 2323 humanam.v1.153.
649 2304 674 2322 E.
691 2293 769 2321 Illinc
783 2302 831 2321 ve-

91 2335 188 2363 nientia
204 2335 332 2364 beneficia
347 2335 383 2364 ad
396 2347 444 2364 nos
456 2337 552 2371 defert,
567 2343 594 2365 et
608 2344 710 2365 nostras
724 2336 833 2375 petitio-

91 2389 135 2407 nes
148 2379 213 2408 illuc
228 2380 288 2408 fert.
304 2381 348 2408 ΙΙ).
371 2380 502 2409 Sacerdos
522 2381 632 2420 angelus
646 2381 756 2409 Domini
780 2387 828 2409 est.

94 2430 137 2451 xt.
167 2428 233 2452 720.
262 2433 288 2452 ε.
323 2423 478 2453 Sacerdotes
514 2432 575 2453 sunt
603 2425 643 2453 sal
676 2424 781 2453 mundi.
812 2432 831 2453 1.

92 2472 156 2495 3519.
174 2478 197 2497 t,
215 2467 323 2501 Quanto
339 2467 438 2496 honore
454 2468 573 2507 Spiritus
588 2470 673 2507 gratia
687 2479 731 2497 eos
751 2479 831 2497 orna-

92 2510 159 2538 x‘crit
174 2521 180 2538 :
199 2518 298 2548 quanta
322 2522 415 2540 corum
431 2512 465 2541 sit
479 2513 596 2551 dignitas
622 2520 646 2541 et
666 2519 791 2552 potestas.
809 2521 828 2542 1.

95 2560 156 2584 468.
175 2566 199 2584 Β.
216 2557 342 2586 Privatus
353 2568 412 2586 cum
424 2558 559 2588 sacerdote
575 2569 625 2587 non
642 2559 829 2595 conserendus;

94 2610 152 2628 uam
175 2600 218 2629 hic
234 2600 311 2630 illum
328 2602 405 2640 louge
426 2610 542 2641 superat,
562 2611 592 2630 V.
609 2608 672 2633 358.
697 2615 720 2633 n.
744 2605 831 2639 Quam

875 269 1006 297 excellens
1027 268 1063 297 sit
1083 267 1269 296 sacerdotium.
1290 273 1322 295 v.
1337 272 1400 297 381.
1419 268 1486 307 Ejus
1500 267 1617 307 dignitas

876 319 901 341 et
912 323 986 341 onus.
1004 319 1075 341 VIII.
1090 317 1153 341 589.
1169 323 1198 343 n.

916 355 1073 386 Sacerdotes
1087 366 1184 394 magno
1196 355 1296 384 honore
1318 356 1433 386 colendi.
1453 364 1496 386 lv.
1509 361 1574 386 726.
1590 368 1614 388 e.

879 407 949 430 vul.
967 405 1032 429 589.
1045 411 1074 429 n.
1088 399 1217 428 Sacerdos
1227 410 1278 428 non
1290 401 1465 440 spernendus3
1482 401 1567 430 multo
1579 402 1619 429 di-

877 444 955 481 gnior
975 449 1013 472 est
1036 443 1137 472 honore
1161 453 1192 471 ac
1219 445 1386 473 veneratione
1399 456 1479 483 quam
1497 456 1554 474 rex.
1575 453 1618 474 tv.

878 492 977 516 830.A.
988 486 1191 525 Necjudicandi
1202 494 1275 523 sunt,
1289 498 1336 516 nec
1350 489 1491 527 puniendi,
1506 489 1553 518 sed
1565 490 1620 518 illis

877 530 1011 560 dehemus
1033 530 1131 569 subjici
1154 541 1184 558 ac
1204 530 1305 558 cedere.
1323 533 1368 560 ΙΙ).
1390 533 1444 560 Nec
1467 533 1619 562 adhortatio

877 586 970 604 eorum
985 573 1168 614 aspernanda,
1183 574 1380 612 quantumlibet
1404 575 1543 615 depravati
1567 579 1620 606 sint

880 619 1013 648 moribus.
1032 626 1076 647 lv.
1094 623 1159 648 831.
1177 629 1201 646 c.

918 663 1108 693 Sacerdotibus
1124 662 1264 692 commissa
1286 662 1447 702 dispensatio
1466 675 1557 693 rerum
1571 676 1620 694 cm-

878 709 996 737 lestium.
1021 715 1040 736 1.
1056 711 1118 736 468.
1138 718 1162 735 B.
1175 706 1304 736 Sacerdos
1319 707 1345 735 in
1359 708 1449 737 officio
1460 716 1545 747 gestat
1560 711 1620 749 Spi-

878 753 961 781 ritum
985 759 1115 783 sanctum.
1138 753 1185 780 112.
1201 763 1227 781 A.
1245 753 1313 780 Ante
1326 762 1427 781 sacram
1449 764 1565 782 mensam
1580 755 1621 783 in-

880 796 993 825 vocabat
1006 796 1139 836 Spiritum
1162 802 1282 824 sanctum
1304 807 1384 835 super
1405 798 1560 836 proposita,
1573 809 1620 827 ex-

880 841 960 870 tensis
984 842 1011 869 in
1035 840 1129 869 caelum
1149 840 1284 869 manibus.
1301 848 1336 872 ΙΙ.
1354 846 1418 869 474.
1432 853 1460 871 n.
1478 842 1621 872 Sacerdote

879 885 1030 924 proferente
1055 883 1113 912 haec
1128 884 1209 913 verba
1221 906 1229 921 ,
1247 885 1312 912 Hoc
1326 891 1368 913 est
1389 895 1493 922 corpus
1513 897 1619 920 meum,

879 928 1085 957 transformatur
1099 928 1268 966 propositum
1281 928 1308 956 in
1320 939 1418 967 corpus
1431 936 1455 957 et
1465 930 1620 968 sanguinem

880 971 994 1000 Christi.
1011 978 1044 999 11.
1059 975 1125 999 453.
1142 981 1163 998 B.
1183 971 1239 999 Soli
1251 971 1382 1000 sacerdoti
1397 972 1496 1001 licebat
1510 974 1621 1012 sangui-

879 1015 920 1043 nis
931 1014 1040 1043 calicem
1055 1013 1170 1042 tradere.
1182 1021 1239 1042 ΠΙ.
1254 1019 1319 1043 539.
1335 1026 1359 1043 B.
1372 1016 1524 1046 Sacerdotis
1538 1017 1622 1046 oratio

882 1058 909 1086 in
922 1057 1056 1096 Liturgia,
1070 1067 1118 1096 pro
1130 1057 1194 1086 orbe
1203 1080 1211 1093 ,
1229 1068 1278 1096 pro
1289 1058 1432 1096 defunctis,
1449 1060 1603 1090 viventibus
1612 1083 1621 1098 ‚

882 1102 998 1139 futuris,
1028 1107 1077 1130 etc.
1107 1108 1165 1130 VH.
1196 1106 1261 1130 352.
1286 1113 1313 1130 Α.
1330 1114 1355 1132 Β.
1380 1104 1443 1133 Vox
1471 1105 1600 1133 terribilis
1611 1127 1620 1142 ‚

883 1156 929 1184 per
956 1156 1038 1184 quam
1062 1144 1183 1174 sacerdos
1207 1152 1311 1174 sanctos
1333 1147 1368 1176 ad
1389 1149 1517 1187 mysteria
1532 1156 1618 1179 vocat.

884 1197 942 1219 xit.
961 1195 1026 1219 243.
1044 1200 1068 1218 Β.

923 1233 1098 1263 sacerdotum
1121 1235 1206 1273 major
1230 1242 1346 1274 potestas
1367 1246 1448 1274 quam
1470 1244 1621 1276 parentum,

883 1287 934 1306 non
951 1278 978 1307 in
991 1277 1128 1318 puniendo
1140 1279 1290 1315 solum‚sed
1306 1287 1331 1309 et
1342 1281 1368 1308 in
1382 1281 1579 1310 benefaciendo.
1598 1289 1619 1310 1.

884 1326 948 1350 470.
978 1333 1005 1351 1).
1028 1324 1119 1362 Neque
1144 1323 1215 1352 enim
1240 1335 1301 1353 cum
1319 1335 1367 1354 nos
1388 1333 1553 1364 regenerant,
1575 1326 1622 1355 sed

883 1365 964 1394 etiam
978 1373 1040 1405 post
1062 1368 1288 1405 regenerationem
1307 1369 1423 1398 admissa
1438 1377 1544 1409 peccata
1558 1381 1624 1399 con-

882 1409 982 1438 donare
1006 1418 1125 1449 possunt.
1148 1413 1192 1441 111.
1208 1423 1236 1441 E.
1252 1414 1382 1452 Magnum
1403 1413 1547 1443 sacerdotis
1562 1425 1622 1443 mu—

883 1464 942 1482 nus.
958 1461 978 1483 1.
989 1459 1053 1484 471.
1068 1465 1093 1483 c.
1105 1465 1132 1483 D.
1151 1456 1205 1494 Ipsi
1221 1457 1368 1485 concrediti
1391 1465 1452 1486 sunt
1471 1458 1621 1497 spiritualis

883 1505 992 1536 partus,
1013 1504 1039 1526 et
1060 1499 1192 1537 generatio
1215 1511 1261 1539 per
1276 1500 1451 1540 baptismum.
1471 1509 1492 1530 Ι.
1510 1506 1574 1532 469.
1592 1514 1620 1531 A.

883 1541 998 1580 dataque
1020 1549 1136 1581 potestas
1157 1543 1259 1582 ligandi
1273 1545 1457 1583 solvendique.
1472 1553 1492 1574 Ι.
1511 1551 1575 1575 468.
1594 1557 1620 1576 e.

883 1588 1048 1625 Acceperunt
1058 1594 1215 1626 potestatem
1229 1589 1428 1618 immunditiam
1438 1590 1532 1619 animae
1543 1601 1623 1630 pror—

883 1643 928 1660 sus
941 1632 1086 1670 purgandi.
1100 1639 1120 1660 Ι.
1136 1636 1199 1661 469.
1212 1643 1237 1660 13.
1252 1633 1406 1662 Sacerdotes
1418 1644 1469 1662 non
1480 1634 1623 1673 divulgant

884 1682 998 1714 peccata.
1017 1683 1063 1704 ΙΙΙ.
1081 1680 1145 1704 412.
1160 1687 1184 1705 c.
1200 1676 1332 1705 Sacerdos
1350 1678 1477 1706 evocabat
1489 1678 1523 1706 ad
1532 1678 1623 1717 bapti-

883 1719 997 1748 zandum
1007 1730 1050 1748 eos
1063 1720 1109 1758 qui
1123 1731 1207 1758 usque
1220 1720 1254 1749 ad
1267 1727 1379 1750 mortem
1394 1721 1559 1760 baptismum
1571 1721 1624 1750 dif-

883 1763 1012 1792 ferebant.
1030 1770 1063 1792 ΙΙ.
1088 1768 1152 1792 266.
1170 1774 1195 1792 E.
1213 1769 1275 1792 267.
1293 1776 1317 1793 A.
1337 1765 1430 1803 Imago
1449 1765 1552 1800 luctus,
1569 1777 1624 1804 quo

883 1809 940 1847 ipse
954 1807 1146 1846 baptizandus,
1163 1818 1243 1845 uxor,
1270 1808 1319 1836 filii
1332 1831 1339 1844 ,
1364 1808 1456 1844 amici,
1471 1809 1625 1838 domestici-

884 1863 934 1890 qne
944 1852 1011 1891 ejus,
1029 1851 1055 1879 in
1070 1852 1120 1880 hoc
1133 1863 1255 1891 supremo
1268 1859 1386 1891 tempore
1396 1852 1561 1882 afficiuntur.
1578 1854 1622 1883 Ib.

886 1908 912 1923 A.
944 1906 1008 1935 sqq.
1030 1895 1187 1924 Sacerdotes
1215 1903 1355 1934 antequam
1378 1897 1566 1926 benedicerent
1596 1898 1623 1926 in

883 1939 1003 1977 ecclesia,
1023 1949 1112 1978 pacem
1127 1939 1252 1968 omnibus
1267 1940 1456 1979 precabantur.
1473 1948 1507 1972 ΙΙ.
1523 1946 1589 1972 749.
1600 1952 1626 1976 ο,

885 1985 992 2019 Quanta
1006 1984 1109 2014 utilitas
1122 1984 1266 2014 sacerdotis
1287 1985 1314 2013 in
1329 1984 1414 2015 villis.
1433 1993 1479 2015 IX.
1504 1990 1568 2014 157.
1596 1998 1623 2015 Λ.

887 2034 950 2058 158.
967 2040 1033 2068 sqq.

924 2073 1054 2102 Sacerdos
1068 2083 1116 2112 pro
1131 2072 1288 2103 hominibus
1303 2074 1353 2113 ipsi
1370 2073 1529 2102 concreditis
1543 2074 1626 2103 ratio-

886 2128 945 2146 nem
958 2117 1062 2146 reddet.
1079 2124 1098 2145 Ι.
1117 2122 1182 2147 515.
1197 2129 1224 2146 A.
1240 2118 1373 2146 lufirmari
1387 2117 1467 2146 debet
1481 2128 1530 2156 pro
1548 2117 1625 2146 infir-

886 2161 931 2189 mi.
948 2168 968 2190 Ι.
986 2166 1051 2191 471.
1068 2172 1096 2190 n.
1111 2161 1180 2200 Ejus
1201 2162 1322 2190 officium
1338 2169 1377 2190 est
1390 2161 1513 2190 dolentes
1529 2173 1625 2191 conso-

886 2206 944 2234 lari.
960 2213 994 2234 11.
1011 2210 1056 2234 86.
1078 2217 1102 2234 ιι.
1121 2216 1146 2234 c.
1161 2213 1297 2245 peccantes
1317 2206 1469 2241 admonere,
1493 2207 1627 2246 etiamque

885 2249 920 2278 ab
933 2249 1040 2278 ecclesia
1056 2260 1151 2278 arcere.
1168 2257 1212 2279 lv.
1229 2256 1293 2279 890.
1311 2262 1336 2279 13.
1353 2261 1379 2279 c.
1394 2250 1545 2280 Sacerdotis
1565 2258 1626 2280 tan-

886 2301 943 2322 tum
956 2301 994 2322 est
1016 2303 1127 2331 arguere
1149 2304 1179 2322 ac
1200 2304 1306 2322 monere
1319 2305 1394 2334 reges
1406 2294 1547 2323 sacerdotii
1563 2292 1624 2323 fun-

887 2337 985 2365 ctiones
1011 2336 1065 2365 sibi
1094 2344 1256 2376 arrogantes.
1273 2344 1317 2366 Vt.
1340 2342 1403 2366 148.
1428 2348 1454 2365 Ε.
1484 2338 1626 2374 Quomodo

886 2380 1008 2410 sacerdos
1046 2391 1120 2419 reges
1144 2381 1193 2409 ista
1218 2381 1340 2410 facientes
1363 2382 1496 2421 corripere
1519 2381 1625 2419 debeat,

886 2436 918 2454 ex
939 2425 1061 2464 exemplo
1088 2425 1188 2453 Azariae
1210 2436 1270 2464 erga
1286 2426 1379 2455 Oziam
1403 2425 1560 2454 ostenditur.
1578 2433 1623 2455 Vt.

891 2475 950 2498 153.
975 2475 1035 2498 154.
1061 2470 1173 2508 Oportet
1195 2470 1357 2499 sacerdotem
1384 2481 1443 2499 cum
1470 2470 1627 2499 auctoritate

887 2514 971 2552 loqui.
993 2521 1038 2542 XI.
1054 2511 1127 2541 6714
1147 2524 1174 2544 n,

927 2557 1112 2588 Sacerdotium
1128 2558 1153 2585 in
1175 2565 1242 2586 terna
1254 2558 1402 2597 peragitur,
1420 2558 1466 2587 scd
1480 2558 1625 2587 caelestium

887 2602 1013 2631 ordinum
1025 2603 1111 2631 locum
1125 2601 1235 2631 obtinet.
1251 2609 1268 2630 t.
1290 2607 1351 2630 167.
1366 2613 1388 2631 Β.
1402 2602 1462 2641 Ipse
1474 2602 1626 2632 Paracletus
