1849 2927
795 206 978 230 l‘ttAEFATIO.
1622 206 1679 228 xltt

122 272 235 301 debatur
246 272 340 300 oratio.
351 271 419 306 Quis
433 271 503 299 enim
514 269 566 299 sibi
582 269 738 309 persuadeat
754 269 856 298 Zosimi
866 268 1002 298 Pontificis
1014 266 1129 296 Maximi
1141 265 1306 304 temporibus
1322 266 1433 294 Romani
1448 266 1565 305 primum
1577 266 1681 295 venisse

121 320 204 347 nostri
218 319 375 358 scriptorem
390 318 507 357 dialogi,
521 317 566 356 qui
584 317 611 345 in
626 317 684 357 ipso
698 316 921 345 animadverterit
941 315 1116 344 Theodorum
1133 313 1276 342 diaconum
1304 314 1337 341 ab
1355 313 1480 353 episcopo
1498 323 1615 351 quaerere
1626 336 1633 350 ,
1648 324 1681 342 an

120 367 235 395 Joanues
250 373 372 395 mortuus
392 367 444 403 sit3
459 365 619 405 respondere
631 376 692 394 vero
708 365 865 404 episcopum
878 375 884 392 :
900 364 990 398 Vixit,
1006 363 1069 402 quia
1083 369 1203 391 mortuus
1216 368 1264 390 est.
1280 361 1349 390 Sane
1364 361 1572 399 haudquaquam
1584 362 1683 390 verisi-

120 414 184 442 mile
196 421 244 449 est,
253 414 419 444 celeberrimi
428 413 566 443 Pontificis
579 413 683 442 obitum
699 420 753 441 tam
763 412 812 441 diu
827 413 909 441 latere
921 411 1038 451 potuisse
1049 410 1235 446 Theodorum,
1248 410 1375 438 Romanae
1388 409 1512 437 Ecclesir
1525 409 1681 445 diaconum,

122 461 166 489 cui
179 461 230 490 alia
241 462 367 501 pleraque
382 461 416 491 de
430 461 622 501 Chrysostomo
636 468 771 500 comperta
787 466 870 489 erant.
883 459 1004 496 Accedit,
1015 457 1097 497 quod,
1107 468 1168 486 curn
1181 456 1299 496 episcopi
1314 456 1348 484 ab
1362 456 1516 485 Innocentio
1527 457 1599 495 Papa
1611 458 1681 485 Con—

121 508 322 548 stantinopolim
333 509 419 544 missi,
432 508 460 537 in
471 508 565 537 itinere
580 508 649 536 male
660 507 760 546 accepti
775 507 896 541 fuissent,
908 517 968 534 eum
981 506 1100 534 maxime
1110 504 1256 534 soHicitum
1266 503 1376 532 reddere
1386 502 1519 531 debebant
1529 513 1571 531 res
1582 503 1683 533 Orien—

120 553 196 582 tales.
210 555 293 583 Porro
307 565 322 583 a
339 561 423 584 morte
435 555 546 584 Joannis
560 553 595 582 ad
614 552 914 593 pontificatumZosimi
928 552 991 581 anni
1006 551 1098 580 decem
1113 551 1196 590 elapsi
1211 550 1331 579 eraut.Si
1344 557 1532 588 argumentum
1545 549 1686 579 chronolo-

123 600 214 637 gicum
225 600 342 640 pressius
353 611 447 640 urgere
459 611 501 629 me
515 601 585 628 sinas
598 622 606 633 ‚
619 600 720 638 rogabo
733 607 757 628 tc
770 622 776 635 ‚
794 606 823 628 ut
837 599 928 628 oculos
944 598 1070 637 conjicias
1082 598 1108 626 in
1120 598 1177 625 haec
1189 597 1271 626 verba
1285 596 1425 626 Theodori
1437 618 1444 633 ‚
1458 606 1517 634 quae
1537 596 1588 625 sub
1604 596 1684 625 finem

124 647 225 686 dialogi
239 647 323 676 nostri
336 648 502 687 leguntur&
522 647 618 680 σκοπὸς
635 649 681 682 ’.ἧς
692 647 854 682 Ἐκκλησίοις
868 646 1012 684 Ῥωμαίων
1028 641 1101 678 οῧτός
1123 646 1208 678 ἐστιν,
1223 645 1272 677 ἕως
1285 644 1374 677 τέλους
1395 644 1431 682 μὴ
1454 646 1613 679 κοινωνῆσαι
1632 648 1686 676 τοῖς

124 696 285 728 ἀνατολικοῑς
298 695 462 731 ἐπισκόποις,
472 695 588 733 μάλιστα
601 695 846 735 Θεοφίλῳ.8εοριις
860 696 914 722 iste
928 694 1067 722 Romanae
1083 692 1224 721 Ecclesioe
1235 698 1287 727 est,
1302 702 1461 730 numquam
1471 694 1687 721 communicare

125 742 326 772 Orientalibus
337 745 485 782 episcopis,
498 744 657 782 proesertim
680 743 852 781 leeoplzilo.
865 741 921 777 Qui
934 741 992 769 haec
1005 740 1087 769 verba
1100 739 1176 778 legit,
1190 749 1276 767 nonne
1287 740 1377 767 statim
1388 738 1573 777 Theophilum
1587 739 1684 768 vivum

123 789 212 819 adhuc
222 797 247 819 et
261 791 407 830 spirantem
420 791 494 821 videt
510 801 540 820 eo
551 798 680 831 tempore,
689 801 741 829 quo
754 791 811 820 haec
823 790 906 819 vcrba
916 789 1067 829 proferebat
1080 787 1251 816 Theodorus.
1262 786 1447 825 Theophilum
1458 794 1559 823 autem⁷
1571 788 1687 816 Alexan-

124 837 234 866 drinum
248 839 405 878 episcopum
415 862 423 875 ,
433 849 503 868 anno
517 840 576 868 ΜΞ
591 846 726 867 mortuiun
739 849 795 868 esse
804 861 813 873 ‚
827 837 899 878 apud
913 847 1003 866 omnes
1019 843 1131 865 constat.
1147 834 1229 870 Quod
1240 834 1298 862 dixi
1314 834 1350 862 de
1362 835 1492 873 prooemio
1502 834 1602 873 dialogi
1614 835 1688 864 aliis—

124 894 175 921 que
189 895 236 923 per
248 885 421 923 Ambrosium
438 885 604 925 interpolatis
618 886 694 920 locis,
706 884 734 913 id
747 885 828 913 etiam
843 884 979 913 affirmare
996 882 1083 912 ausim
1096 881 1129 910 de
1143 881 1297 910 nominihus
1311 881 1429 920 propriis
1443 891 1549 915 eorum,
1562 881 1608 920 qui
1621 882 1689 910 inter

126 940 153 958 se
167 930 304 969 loquentes
316 931 385 960 inibi
399 932 577 961 inducuntur.
589 932 658 960 Nam
674 931 719 969 qui
736 931 762 959 in
777 931 899 960 versione
914 930 1092 960 Ambrosiana
1111 928 1241 957 dicuntur
1265 927 1403 956 Palladius
1422 935 1447 956 et
1463 927 1622 957 Theodorus
1636 949 1643 963 ‚
1659 929 1686 957 in

126 978 221 1006 Graeco
235 978 332 1007 Codice
352 978 474 1008 Mediceo
488 979 629 1018 episcopus
648 985 673 1007 et
686 978 815 1007 diaconus
835 978 995 1018 simpliciter
1017 977 1205 1017 appellantur:
1222 975 1303 1014 idque
1324 976 1358 1003 ab
1379 976 1527 1014 lntei'prete
1546 975 1689 1004 Ambrosio

126 1032 216 1053 contra
233 1025 313 1054 fidem
331 1026 522 1066 Manuscripti‚
537 1034 567 1054 ut
581 1026 673 1054 lectori
688 1027 847 1062 consuleret,
859 1027 960 1056 factum
982 1026 1064 1054 fuisse
1085 1025 1177 1053 nullus
1196 1024 1301 1052 dubito.
1316 1024 1385 1052 Sane
1405 1023 1529 1052 omnibus
1549 1025 1689 1052 contestari

126 1081 178 1100 uon
192 1082 285 1100 verear
295 1073 448 1101 Mediceum
464 1072 589 1102 Codicem
605 1072 739 1111 integrum
755 1083 819 1109 esse,
827 1080 852 1101 et
865 1073 936 1101 bona
948 1071 1012 1107 fide,
1029 1071 1067 1100 uti
1082 1073 1152 1109 jacet
1169 1071 1194 1098 in
1212 1069 1391 1108 archetyp0,a
1404 1080 1446 1097 mc
1458 1076 1688 1108 repraesentatum.

125 1119 154 1148 si
169 1119 230 1156 quis
243 1126 365 1158 reponat,
377 1119 445 1148 hanc
458 1119 607 1148 versionem
624 1120 728 1155 Romae,
741 1127 769 1148 ut
781 1119 904 1159 superius
920 1119 1056 1153 notabam,
1067 1117 1224 1146 adornatam
1234 1127 1289 1145 csse
1304 1116 1337 1144 ab
1353 1116 1508 1151 Ambrosio,
1522 1126 1605 1154 neque
1618 1127 1632 1145 a
1645 1127 1691 1145 ve-

126 1175 155 1195 ro
166 1166 284 1194 alienum
295 1167 396 1203 videri,
409 1177 470 1195 eum
487 1166 605 1205 quodam
619 1168 803 1207 manuscripto
819 1166 931 1203 Codice,
945 1167 992 1204 qui
1008 1166 1100 1194 Romae
1118 1173 1175 1193 tuin
1190 1171 1307 1193 exstaret
1320 1185 1327 1198 ,
1340 1174 1418 1191 usum
1430 1163 1528 1200 fuisse3
1543 1163 1692 1203 responde—

125 1213 160 1242 bo
171 1214 322 1253 ‚probabili
335 1225 409 1253 aeque
423 1221 580 1253 argumento
592 1214 647 1243 dici
661 1225 735 1253 posse
749 1214 924 1244 Ambrosium
939 1221 985 1242 aut
996 1212 1102 1242 Codicis
1120 1212 1267 1241 Florentini
1283 1222 1330 1240 seu
1344 1210 1460 1240 Medicei
1475 1211 1551 1250 prius
1566 1211 1692 1242 habuisse

127 1261 242 1300 copiam,
254 1269 300 1290 aut
311 1262 437 1292 Codicem
450 1262 538 1302 ipsum
554 1263 645 1291 Romae
661 1263 758 1291 Cosmo
773 1264 873 1301 Magno
885 1272 1064 1301 comparasse,
1075 1261 1102 1289 in
1115 1261 1191 1299 cujus
1204 1259 1396 1288 bibliothecam
1410 1258 1536 1287 Codicem
1548 1259 1615 1288 facta
1627 1271 1692 1289 ver-

127 1307 201 1336 sione
215 1309 389 1338 transtulerit.
404 1309 538 1337 Ambrosii
552 1309 623 1337 enim
634 1310 704 1338 curis
721 1320 752 1338 ac
762 1309 910 1348 diligentiae
923 1309 1118 1337 institutionem
1131 1307 1258 1335 Mediceae
1274 1306 1448 1334 Bibliotheca:
1461 1313 1597 1346 acceptam
1611 1307 1691 1336 refer-

128 1355 149 1382 ri
165 1354 261 1384 debere
271 1378 278 1391 ,
289 1366 383 1393 nemo,
399 1358 446 1395 qui
465 1357 523 1395 ejus
543 1357 626 1385 vitam
639 1364 662 1385 et
680 1358 806 1396 epistolas
819 1357 929 1395 legerit,
941 1356 1114 1385 diffitebitur.
1134 1355 1196 1383 Hzec
1210 1354 1243 1382 de
1253 1353 1353 1382 Codice
1369 1353 1440 1382 dicta
1455 1361 1534 1382 sunto
1548 1367 1553 1381 ε
1571 1365 1641 1382 nunc
1658 1355 1692 1384 de

129 1408 237 1430 auctore
247 1401 349 1441 dialogi
362 1403 511 1431 videamus.
529 1415 542 1428 »

169 1460 183 1474 «
204 1448 336 1487 Dialogus
349 1449 383 1478 de
399 1450 461 1478 Vita
474 1450 584 1479 Joannis
600 1450 786 1489 Chrysostomi
805 1450 874 1478 inter
892 1450 1047 1489 episcopum
1065 1454 1089 1475 et
1110 1446 1284 1475 Theodorum
1306 1448 1432 1474 Romanae
1448 1445 1572 1474 Ecclesiae
1593 1445 1690 1474 diaco-

127 1505 192 1523 num
202 1496 313 1525 habitus
329 1504 368 1525 est
381 1498 488 1533 Romae,
504 1507 595 1526 coram
607 1498 701 1526 multis
711 1520 718 1531 ‚
735 1505 760 1525 et
776 1507 822 1536 per
835 1497 925 1536 plures
939 1496 1007 1525 dies.
1022 1496 1101 1524 Hunc
1116 1494 1271 1533 episcopum
1289 1500 1414 1523 vocatum
1429 1493 1511 1521 fuisse
1523 1493 1675 1522 Palladium
1686 1515 1693 1529 ,

129 1549 155 1572 et
169 1543 307 1582 prael'uisse
325 1543 451 1573 Ecclesiae
466 1543 693 1584 Helenopolitanae
704 1567 711 1579 ,
734 1543 813 1572 fidem
834 1543 936 1572 faciunt
953 1543 1009 1571 haec
1024 1541 1096 1570 tituli
1119 1541 1212 1575 verba,
1230 1540 1357 1578 Διάλογος
1376 1540 1529 1569 Παλλαδίου
1547 1540 1691 1569 ἐπισκόπου

129 1590 353 1627 Ἑλενουπόλεως,
368 1591 462 1620 eadem
478 1592 505 1620 in
527 1592 580 1620 sine
594 1592 681 1620 libelli
696 1593 816 1631 repetita.
833 1591 914 1631 Apud
933 1590 1066 1620 Savilium
1084 1589 1198 1617 habetur
1211 1587 1337 1616 elenchus
1351 1594 1491 1615 auctorum
1501 1610 1507 1622 ‚
1525 1587 1571 1626 qui
1586 1587 1690 1626 aliquid

129 1636 163 1666 de
175 1639 276 1668 Joanne
297 1639 489 1678 Chrysostomo
509 1639 682 1678 scripserunt.
699 1639 761 1667 Fuit
782 1646 871 1667 autem
895 1645 1037 1677 excerptus
1054 1636 1158 1665 Patavii
1175 1646 1207 1663 cx
1230 1634 1330 1664 Codice
1351 1635 1530 1663 vetustissimo
1551 1635 1692 1663 Michaelis

130 1685 275 1725 Sophiani,
292 1693 318 1715 et
333 1686 484 1726 praefigitur
495 1687 569 1726 apud
579 1686 705 1715 eumdem
719 1686 853 1715 Savilium
867 1686 939 1715 Vitae
954 1686 982 1714 S.
998 1684 1109 1715 Joannis
1119 1683 1318 1722 Chrysostomi‚
1335 1683 1443 1721 scriptze
1454 1682 1487 1710 ali
1501 1689 1609 1710 auctore
1620 1694 1691 1721 quo-

126 1733 189 1762 dam
206 1744 341 1773 anonymo
350 1757 358 1770 ,
375 1734 423 1772 qui
440 1744 467 1762 se
480 1745 539 1763 eam
552 1735 723 1763 concinnasse
734 1735 800 1763 dicit
813 1745 847 1762 ex
864 1733 989 1762 omnibus
1000 1732 1046 1771 qui
1064 1732 1091 1760 in
1106 1731 1179 1760 dicto
1195 1730 1304 1761 elencho
1317 1731 1490 1758 nominantur
1502 1729 1688 1768 scriptoribus.

127 1780 181 1809 Hos
193 1781 261 1810 inter
275 1781 373 1820 legitur
385 1782 535 1814 Παλλάδιος
549 1783 691 1814 ἐπίσκοπος
707 1782 934 1814 Ἑλενουπόλεως.
948 1780 1094 1819 Georgius,
1107 1777 1306 1807 Alexandrinus
1321 1777 1484 1816 patriarcha,
1501 1777 1548 1815 qui
1562 1777 1646 1805 multa
1658 1788 1692 1806 ex

127 1828 177 1856 hoc
196 1828 304 1867 dialogo
320 1829 346 1857 in
365 1829 459 1858 Vitam
475 1830 586 1859 Joannis
604 1829 790 1868 Chrysostomi
806 1841 821 1857 a
837 1839 864 1857 se
879 1829 1006 1868 scriptam
1021 1826 1176 1859 transtulit,
1194 1836 1222 1853 ea
1241 1825 1329 1853 omnia
1347 1831 1454 1863 accepta
1473 1825 1551 1853 refert
1569 1823 1691 1853 Palladio

124 1876 262 1915 episcopo:
272 1886 331 1914 quae
340 1875 432 1904 eadem
442 1877 532 1904 omnia
545 1877 571 1904 in
582 1875 632 1904 hoc
641 1876 748 1914 dialogo
761 1876 859 1915 scripta
872 1876 1009 1914 leguntur.
1022 1874 1091 1903 Τινὰ
1103 1874 1149 1912 μὲν
1162 1874 1213 1912 γὰρ
1223 1874 1308 1900 αὐτῶν
1318 1873 1348 1900 ἐκ
1357 1873 1403 1905 τῆς
1414 1871 1692 1909 γεγονυίαςδιαλέξεως

125 1922 197 1961 παρὰ
212 1923 363 1951 Παλλαδίου
374 1926 418 1952 τοῧ
430 1923 573 1952 ἐπισκόπου
588 1924 652 1962 πρὸς
664 1923 800 1962 Θεόδωρον
816 1923 859 1952 τὸν
870 1923 989 1951 διάκονον
1006 1923 1051 1956 τῆς
1062 1920 1205 1957 (Ρωμαίων
1214 1918 1375 1953 Ἐκκλησίας
1387 1917 1581 1955 ἑξηντλῆσαμεν
1591 1941 1597 1954 ,
1613 1919 1691 1946 αὐτοῦ

124 1971 151 1998 ἐν
172 1974 225 2002 τοῖς
243 1970 345 2009 χρόνοις
359 1970 466 2002 ἐκείνοις
477 1970 604 2009 παρόντος
618 1972 643 1999 ἐν
658 1971 935 1999 Κωνσταντινουπόλει
946 1993 953 2005 ,
969 1970 1015 1998 καὶ
1035 1966 1316 2007 παρακολουθήσαντος
1330 1970 1396 1994 πᾶσι
1417 1969 1469 1997 τοῖς
1481 1965 1692 2003 πεπραγμένοις,

125 2017 346 2056 ὑποχωρήσαντος
367 2017 395 2045 δὲ
416 2017 530 2054 ὑστέρως
545 2019 590 2046 καὶ
607 2021 653 2052 ’.ἧς
668 2018 768 2050 πόλεως
795 2019 844 2046 καὶ
868 2020 915 2052 τῆς
938 2019 1017 2046 αὑτοῦ
1037 2016 1198 2049 ἐπισκοπῆς,
1217 2012 1406 2051 βδελυξαμένου
1427 2012 1471 2040 καὶ
1485 2012 1621 2041 κοινωνίαν
1641 2015 1693 2041 τῶν

125 2064 341 2092 συσκευασάντων
355 2063 424 2092 κατὰ
447 2067 491 2092 τοῦ
524 2065 654 2103 μακαρίου
676 2064 813 2099 Ἰωάννου,
829 2066 873 2093 καὶ
889 2064 1065 2095 ἀκανονίστως
1080 2060 1343 2099 καταψηφισαμένων
1367 2060 1462 2094 αὐτοῦ,
1481 2060 1580 2096 μᾶλλον
1600 2059 1626 2087 δὲ
1640 2072 1691 2088 κα-

124 2110 157 2138 τὰ
168 2111 214 2145 π’ἶς
226 2111 324 2138 ἑαυτῶν
335 2111 460 2149 κεφαλῆς.
479 2111 619 2148 Quoedam
635 2121 734 2139 eorum
749 2121 785 2138 ex
797 2111 916 2149 dialogo
929 2109 1061 2139 Palladii
1076 2108 1199 2145 episcopi
1211 2116 1276 2134 cum
1295 2104 1445 2132 Theodoro
1455 2125 1462 2139 ,
1477 2104 1617 2132 Romame
1633 2106 1692 2133 Ec-

125 2158 219 2186 clesioe
232 2158 370 2194 diacono,
386 2158 546 2187 hausimus.
564 2159 620 2186 Ille
633 2160 807 2197 temporibus
826 2161 888 2188 istis
904 2160 981 2186 vixit
1004 2153 1269 2191 Constantinopoli,
1289 2159 1316 2180 et
1331 2151 1466 2191 interfuit
1478 2153 1612 2180 omnibus
1628 2162 1692 2190 quae

125 2211 194 2233 acea
206 2212 272 2233 sunt
285 2216 295 2231 .-
309 2211 410 2243 postea
426 2215 494 2233 vero
508 2207 578 2234 urbe
597 2212 687 2244 atque
701 2209 869 2245 episcopatu
884 2216 935 2235 suo
951 2204 1070 2233 decessit
1083 2225 1090 2238 ,
1105 2202 1292 2230 abominatus
1307 2200 1540 2227 communionem
1561 2209 1625 2226 cum
1643 2201 1690 2232 iis,

125 2254 175 2290 qui
186 2252 307 2280 insidias
320 2259 488 2282 struxerant
505 2254 644 2282 adversus
661 2255 777 2282 beatum
789 2255 953 2289 Joamwm,
968 2259 1057 2290 atque
1071 2257 1173 2278 contra
1192 2251 1296 2286 ipsum,
1313 2248 1401 2274 immo
1413 2252 1516 2274 contra
1528 2255 1582 2274 sua
1595 2248 1693 2284 capita

125 2302 281 2328 sententias
302 2300 442 2337 tulerant,
459 2301 543 2329 nulla
566 2311 714 2329 canonum
737 2303 839 2330 linbila
864 2303 986 2330 ratione.
1005 2299 1131 2332 Photius,
1147 2296 1193 2334 qui
1214 2295 1283 2323 hanc
1298 2294 1381 2323 sancti
1406 2293 1518 2322 Joannis
1543 2303 1558 2321 a
1575 2293 1693 2332 Geor-gio

125 2347 297 2385 compositam
309 2347 403 2377 Vitam
417 2348 492 2386 legit,
505 2356 530 2377 et
544 2359 578 2377 ex
592 2359 620 2377 ea
632 2348 756 2387 quiedam
768 2350 794 2378 in
810 2360 858 2377 sua
872 2347 1039 2378 Bibliotheca
1051 2345 1127 2374 nobis
1144 2343 1271 2381 reliquit,
1288 2342 1345 2370 haec
1358 2341 1438 2369 habet
1453 2353 1460 2368 :
1477 2340 1548 2379 λέγει
1561 2340 1588 2369 δὲ
1604 2341 1634 2369 ἐκ
1647 2343 1693 2369 τοῦ

125 2393 284 2422 Παλλαδίου·
298 2394 439 2427 ἐπίσκοπος
454 2395 481 2424 δὲ
494 2397 508 2424 ὁ
522 2396 686 2431 Παλλίδιος,
700 2396 744 2424 καὶ
760 2397 901 2434 διαλογικῷ
923 2395 998 2434 τύπῳ
1010 2394 1096 2425 καλῶς
1112 2391 1156 2420 καὶ
1173 2388 1392 2426 ἐσπουδασμένως
1409 2388 1442 2417 τὰ
1453 2387 1513 2427 περὶ
1528 2388 1571 2416 τὸν
1587 2389 1693 2427 Χρυσό-

125 2451 220 2477 στομον
236 2442 410 2480 ἀνεγράψατο.
429 2442 529 2482 Refert
544 2444 680 2482 quoedam
694 2454 730 2471 et
746 2443 887 2471 Palladio
905 2454 913 2468 :
931 2441 1088 2470 Palladius
1103 2440 1157 2468 ille
1172 2437 1405 2477 episcopussuit,
1422 2442 1449 2463 et
1467 2434 1693 2476 dialogisorma

123 2485 245 2523 pulchre
258 2492 285 2514 et
301 2487 424 2516 studiose
437 2498 481 2516 res
491 2489 695 2524 Clirysostomi
705 2491 884 2527 conscripsit.
896 2488 1068 2522 Theodorus,
1079 2484 1274 2515 Trimithuntis
1288 2483 1315 2510 in
1332 2482 1423 2521 Cypro
1438 2481 1526 2509 insula
1541 2481 1692 2520 episcopus,

126 2532 172 2570 qui
188 2533 295 2571 scripsit
308 2534 448 2563 homiliam
457 2535 516 2575 περὶ
528 2539 574 2565 τοῦ
588 2536 644 2574 βίου
657 2537 701 2564 καὶ
714 2536 812 2574 ἐξορίας
822 2537 866 2564 καὶ
880 2538 931 2564 τῶν
948 2536 1059 2574 θλίψεων
1073 2533 1195 2563 Ἰωάννου
1209 2534 1254 2560 τοῦ
1269 2529 1472 2568 μακαριωτάτου
1488 2528 1695 2568 ἀρχιεπισκόπου

127 2581 428 2614 Κωνσταντινουπόλεως
443 2582 642 2621 Χρυσοστόμου,
663 2584 697 2611 (lc
710 2583 791 2611 nostri
807 2590 915 2611 auctore
929 2582 1031 2621 dialogi
1043 2582 1101 2609 haec
1117 2579 1194 2608 habet
1209 2590 1214 2605 τ
1229 2576 1378 2614 διαλέγεται
1392 2576 1418 2604 δὲ
1437 2576 1497 2615 περὶ
1514 2575 1636 2604 Ἰωάννου
1650 2577 1695 2604 καὶ

125 2630 176 2656 τῶν
192 2628 398 2666 συμῧεὲηκοτων
414 2629 519 2658 πάντων
536 2631 602 2667 μετὰ
622 2630 758 2670 Θεοδώρου
771 2631 891 2660 διακόνου
905 2633 951 2665 τῆς
963 2630 1080 2669 μεγάλης
1095 2628 1195 2659 πόλεως
1210 2625 1318 2663 Ῥώμης
1336 2624 1400 2662 ἀνήρ
1417 2635 1455 2655 τις
1470 2623 1567 2661 τίμιος,
1581 2624 1694 2652 Παλλα-
