1884 2922
199 177 264 212 IQO
838 174 943 196 Ianssx
968 174 1093 196 RERUM·

196 246 229 268 X.
240 243 341 267 678.13.
353 242 418 266 679.
435 244 480 266 XI.
496 239 573 265 670”.
593 247 621 266 υ.
640 246 667 265 L.
681 236 762 263 Avari
775 242 934 274 carpuntur.

198 289 233 311 Χ.
247 286 311 310 218.
328 292 355 309 ι).
370 281 451 309 Avari
479 278 702 308 immisericordes
717 285 742 306 et
757 289 864 317 rapaces
879 289 936 306 car-

197 333 309 365 puntur.
323 332 380 354 ΠΙ.
399 329 462 352 694.
479 334 508 351 n.
524 334 552 350 Γ.
565 329 633 350 ΠΗ.
649 327 712 352 463.
727 333 753 349 Α.
769 333 792 350 [ι.
809 327 936 351 514.(;.ῐ).

196 370 390 407 Exagitantur‚
402 378 431 395 eo
445 366 516 404 quod
532 365 694 403 cogitatione
703 365 795 394 mortis
807 376 857 394 non
871 377 937 405 prze-

199 418 371 451 occupentur.
391 418 434 439 IX.
455 414 520 437 399.
536 419 563 437 Ε.
581 408 703 436 Avaritia
720 416 744 436 et
759 409 832 436 avari
849 409 938 448 impu-

197 463 322 492 guantur.
341 461 386 482 Iv.
402 458 466 482 440.
480 464 503 481 1⁵.
522 456 584 480 554.
600 463 626 479 r..
642 459 673 481 V.
692 457 755 480 258.
769 463 792 480 n.
811 457 876 482 259.
890 460 934 481 Π.

199 505 263 527 170.
277 510 301 526 a.
315 497 464 526 Avaritiam
485 495 652 524 medicorum
676 496 822 524 insectatur
844 496 937 536 Chry-

201 548 342 570 sostomus.
360 547 419 568 ΠΙ.
435 544 499 568 813.
515 550 538 567 n.

236 584 318 613 Avari
330 584 479 622 cujuspiam
495 582 540 620 qui
555 592 650 609 aurum
666 588 734 610 terra
750 582 841 610 obruit
857 582 938 611 histo-

197 631 248 658 ria.
264 636 282 657 I.
292 632 356 657 486.
368 638 394 656 13.
406 627 490 655 Avari
504 626 573 654 alius
584 625 807 664 Antiocheni‚qui
820 627 938 655 innume-

196 683 242 700 ras
254 671 379 700 frumenti
394 680 533 699 mensuras
546 669 708 705 custodiens,
723 670 861 698 decidente
875 671 939 710 plu-

195 717 238 744 via
263 723 288 744 et
304 715 420 744 adducta
433 714 553 742 ubertate
566 721 675 742 moestus
691 721 757 750 erat,
769 715 889 744 historia.
902 722 936 745 X.

196 765 264 789 435.
280 770 308 787 E.
326 771 352 789 A.

236 803 367 832 Avaritiae
383 808 525 841 proeccpta.
554 808 599 830 XI.
622 806 688 832 706.
713 813 741 830 n.
758 802 878 830 Avaritia
895 813 939 841 pe-

196 847 266 886 perit
283 846 450 882 servitutem,
468 855 515 873 nec
530 855 582 873 non
594 845 724 873 invidiam
737 852 763 874 et
778 845 941 875 insatiabili-

197 898 291 919 tatem.
308 898 353 919 XI.
373 894 434 918 192..
449 901 475 917 ε.
487 889 572 917 Avari
585 895 610 917 et
625 889 703 927 plura
726 889 842 918 habendi
865 890 942 928 cupi-

198 934 239 970 di,
258 934 342 962 vincti
358 940 430 961 sunt.
446 939 493 962 XI.
511 937 557 961 73.
571 943 594 960 Β.
611 943 637 962 c.
654 933 775 961 Avaritia
796 934 865 962 nihil
892 935 941 962 im-

199 977 330 1005 mundius
344 983 383 1005 cst
396 998 403 1012 ,
421 976 509 1005 omnia
524 976 658 1013 inquinat.
678 984 725 1007 XI.
742 982 806 1006 812.
823 989 850 1006 Α.
865 980 943 1005 Ava-

200 1031 247 1049 rus
262 1031 409 1058 numquam
425 1019 475 1048 erit
500 1020 527 1047 in
548 1031 613 1058 pace
641 1030 701 1048 cum
723 1031 814 1050 avaro.
836 1028 881 1050 XI.
897 1026 940 1050 83.

200 1076 228 1094 12.
241 1075 268 1094 F.
284 1064 364 1093 Yivit
377 1064 404 1092 in
420 1063 544 1091 tenebris.
560 1071 608 1092 XI.
623 1068 687 1093 151.
704 1075 730 1091 Β.
744 1064 866 1092 Avaritia
881 1076 941 1093 ava-

199 1119 230 1136 ro
247 1107 367 1135 inimica.
387 1113 432 1134 XI.
446 1110 509 1134 352.
523 1116 549 1134 c.
562 1106 646 1133 Avari
662 1113 763 1134 tantum
776 1107 888 1146 pecunia
903 1108 943 1135 in-

200 1157 313 1178 structos
329 1149 440 1178 adeunt.
459 1155 492 1177 V.
505 1154 534 1176 8.
550 1160 577 1178 E.
592 1152 698 1177 Avarus
712 1149 747 1177 ad
761 1161 802 1178 res
816 1150 942 1179 domesti-

205 1205 247 1222 cas
261 1194 378 1232 ineptus.
396 1199 454 1220 ΠΙ.
473 1197 536 1221 869.
551 1203 579 1222 D.
593 1193 721 1221 Avaritiae
738 1193 844 1221 ssamma
861 1204 944 1222 reser-

207 1245 277 1266 vata.
290 1244 336 1266 IV.
354 1241 416 1265 556.
432 1247 458 1264 E.
476 1239 583 1264 Avarus
604 1237 649 1274 qui
665 1236 841 1274 thesaurizat,
858 1238 943 1266 vermi

207 1281 353 1310 immortali
367 1287 443 1320 parat
453 1279 620 1309 alimentum.
639 1288 685 1309 XI.
703 1285 766 1311 204.
784 1292 812 1310 n.
828 1292 855 1309 Ε.
871 1283 944 1310 Ava-

204 1336 296 1354 rorum
319 1332 344 1353 et
366 1324 483 1353 divitum
511 1325 642 1353 interitus.
658 1332 690 1355 V.
708 1330 771 1354 261.
789 1336 818 1355 D.
832 1326 945 1355 Avari-

202 1372 245 1398 tia
258 1370 442 1398 sacerdotum
460 1375 590 1397 notatur.
608 1375 651 1396 Π.
668 1373 730 1398 928.
746 1380 773 1398 1).

242 1416 418 1441 Acnlronmr
433 1411 487 1440 duo
510 1422 616 1450 genera.
633 1419 679 1441 III.
698 1418 760 1441 130.
774 1425 799 1440 Α.
815 1425 837 1443 Β,
853 1413 944 1442 Audi—

202 1463 273 1485 tores
301 1466 400 1496 paucos
429 1466 499 1494 saepe
534 1456 628 1484 h.·l›uit
652 1457 872 1495 Chrysostomus.
897 1465 942 1486 III.

204 1505 269 1529 155.
284 1511 312 1528 Ε.
328 1511 353 1528 Λ.
368 1499 512 1528 Auditores
521 1499 706 1538 Chrysostomi
721 1501 816 1530 faciem
830 1501 881 1529 sibi
897 1511 944 1529 cae-

203 1544 271 1573 dunt
289 1544 377 1583 ipsum
408 1543 544 1571 audientes
569 1554 622 1581 prae
649 1544 740 1572 dolore
768 1545 862 1573 animi.
897 1552 942 1573 III.

206 1592 271 1617 254.
289 1598 316 1616 Ε.
330 1587 493 1615 Auditorum
505 1586 690 1626 Clnysostomi
702 1588 782 1618 risus.
801 1596 833 1617 X.
847 1592 944 1617 551.Α.

206 1631 374 1660 Auditorum
393 1632 513 1670 paucitas
527 1641 559 1659 ne
573 1631 709 1660 contristet
723 1633 943 1661 concionatorem.

206 1682 252 1705 IV.
270 1680 334 1703 858.
360 1686 386 1704 Α.
407 1674 569 1703 Auditorum
595 1675 778 1704 benevolentia
803 1677 946 1705 necessaria

207 1718 386 1747 concionanti.
404 1725 448 1747 Iv.
465 1723 529 1747 527.
547 1730 575 1748 E.
592 1719 758 1748 Auditorum
784 1720 901 1749 conditio
920 1721 947 1749 in

207 1762 380 1791 concionibus
402 1773 460 1800 quae
481 1762 516 1791 sit
529 1770 643 1802 oportet.
661 1771 691 1792 V.
709 1769 772 1793 244.
788 1776 811 1793 13.
829 1764 947 1794 Audito-

207 1817 263 1835 rem
278 1817 330 1834 non
345 1806 431 1834 solum
450 1807 546 1844 quaerit
568 1808 650 1842 Deus,
667 1808 714 1836 sed
725 1815 749 1836 et
761 1808 898 1837 factorem.
913 1816 945 1840 V.

210 1855 274 1881 330,
304 1862 329 1878 B.
356 1849 500 1878 Auditores
524 1850 611 1879 divini
635 1852 725 1887 verbi,
751 1852 868 1881 sitientes
895 1863 950 1882 esse

209 1901 321 1933 oportet.
336 1902 406 1924 ΠΙΙ.
424 1899 487 1923 343.
501 1908 527 1924 Δ.
543 1900 606 1924 344.
621 1895 747 1925 Auditori
764 1897 879 1925 multum
891 1908 951 1936 pro-

209 1938 267 1966 dest
280 1938 473 1968 concionatoris
486 1939 626 1967 modestia.
638 1947 684 1968 IX.
701 1945 747 1968 79.
763 1951 791 1968 n.
809 1946 855 1970 80.

249 1983 419 2011 Amemus
433 1993 477 2011 seu
493 1984 637 2012 Januarius
650 1985 756 2012 mensis.
778 1991 812 2015 II,
834 1989 899 2013 427.
923 1996 949 2014 c.

250 2027 339 2054 Ares.
360 2027 402 2054 Ab
427 2027 523 2055 avibus
557 2034 581 2056 et
607 2028 727 2067 piscibus
752 2028 900 2056 abstinetur
924 2029 951 2056 iu

213 2069 481 2108 Quadragesima.11.
505 2076 550 2101 49.
573 2084 599 2100 Α.
628 2073 739 2101 Avium
763 2083 849 2101 voces
877 2073 953 2100 nihil

211 2115 398 2151 portendunt.
417 2121 486 2144 VIII.
504 2119 568 2143 712.
589 2126 615 2144 Ε.

253 2160 406 2197 Arnum-M
429 2158 537 2186 insaniae
558 2159 636 2187 multi
656 2170 712 2189 sese
735 2159 868 2189 dedebant
887 2167 953 2189 tem-

214 2211 278 2239 pore
289 2201 484 2240 Cbrysostomi.
498 2210 543 2231 Π.
556 2207 599 2231 32.
613 2215 636 2232 13.
650 2205 772 2242 Auguria
793 2205 865 2244 apud
876 2205 953 2233 Chri<

215 2245 315 2273 stianos
340 2246 517 2275 Antiochenos
539 2247 565 2275 in
590 2258 649 2275 usu.
677 2256 710 2277 X.
729 2253 774 2276 36.
793 2260 815 2277 B.
834 2249 953 2287 Auguria

215 2296 240 2317 et
267 2289 318 2317 alia
341 2291 525 2329 superstitiosa
547 2290 746 2321 adhibebantur
766 2304 780 2321 a
796 2293 955 2322 Christianis

217 2332 389 2369 quibusdam.
412 2341 445 2363 X.
467 2339 531 2363 794.
557 2335 679 2373 Auguria
700 2336 869 2366 observantes
894 2348 955 2365 cum

217 2375 289 2403 omni
312 2375 425 2414 imperio
452 2376 485 2404 ad
516 2377 625 2405 meliora
653 2377 768 2407 ducendi
801 2387 872 2408 sunt.
906 2388 953 2409 XI.

219 2423 282 2447 824.
318 2430 345 2447 a.
375 2420 517 2459 Auguriis
553 2422 713 2451 Christiani
749 2425 955 2453 incumbentes.

220 2468 290 2490 Vlll.
308 2467 372 2491 712.
384 2474 410 2490 E.

260 2508 413 2535 Amrsvrrs
433 2508 540 2545 gentilis
569 2510 716 2548 Imperator
738 2511 883 2540 Ecclesiam
906 2523 958 2551 op-

221 2549 358 2586 pugnavit.
378 2557 395 2577 1.
415 2555 478 2578 706.
495 2564 519 2579 e.
537 2553 584 2580 Dei
601 2560 667 2581 nutu
681 2553 796 2583 edictum
813 2566 860 2594 pro
878 2567 955 2584 censu

992 235 1184 273 promulgavit.
1206 242 1239 266 II.
1258 240 1323 264 420.
1344 246 1371 264 ε.
1398 236 1619 264 Bethleliemitico
1643 236 1730 274 partui

991 279 1164 313 ministravit,
1177 278 1243 307 dum
1260 290 1367 307 censum
1383 279 1440 307 fieri
1454 280 1543 318 jussit.
1558 284 1688 308 ΠΙ.146.
1703 290 1728 307 Α.

991 322 1143 361 Augustus
1161 322 1323 350 Ecclesiam
1339 324 1526 361 impugnavit.
1540 330 1584 351 III.
1597 327 1661 351 956.
1672 333 1693 350 B.
1703 334 1729 350 (j.

991 365 1145 404 Augustus
1167 366 1331 404 Imperator
1355 368 1486 404 regnas-it
1514 368 1598 394 annis
1626 376 1676 394 sea:
1704 372 1731 393 ec

991 413 1219 450 quinquaginta,
1237 418 1418 450 qualiterque
1431 412 1586 441 mensibus.
1598 416 1730 441 II.9.·57.1=.

1031 457 1149 489 ΑΝΝΑΝ,
1164 455 1236 483 silius
1263 455 1341 484 Judze
1353 479 1360 490 ,
1379 456 1466 484 malus
1491 466 1580 483 coram
1595 455 1711 484 Domino
1722 477 1729 490 ‚

991 498 1126 526 occiditur
1137 510 1151 526 a
1162 500 1228 528 Deo.
1248 506 1293 528 IV.
1313 504 1377 528 685.
1392 510 1422 528 D.

1030 544 1141 570 Acnffl
1167 542 1324 580 popularem
1348 543 1396 581 qui
1419 543 1550 582 despicit,
1565 553 1645 581 quam
1660 548 1731 570 tran-

990 584 1095 623 quillus
1111 586 1153 613 sit.
1167 592 1187 614 I.
1204 590 1267 614 514.
1279 596 1305 614 ι).
1321 588 1392 615 Aura
1405 587 1498 626 populi
1516 597 1567 615 non
1578 586 1730 625 quaerenda.

993 635 1039 659 IX.
1054 634 1117 658 391.
1133 641 1160 657 Α.

1034 674 1221 702 Amnum-cs
1237 680 1262 702 et
1276 673 1436 702 Saturninus
1449 672 1734 712 Constantinopolitani

992 716 1046 746 viri
1066 716 1191 755 primarii
1226 717 1261 746 ad
1285 727 1375 746 necem
1389 717 1533 756 postulati,
1555 717 1582 745 in
1608 716 1735 744 exsilium

995 761 1118 789 acti.111.
1138 765 1202 790 482.
1221 773 1246 789 A.

1034 808 1166 833 Aramo
1185 803 1356 843 Carthaginis
1380 803 1505 842 episcopo
1528 802 1623 831 scribit
1645 802 1736 841 Chry-

994 855 1138 878 sostomus.
1155 855 1200 876 III.
1214 853 1278 876 828.
1293 859 1317 876 13.

1036 894 1132 920 Acus
1144 891 1326 920 custodienda:
1341 890 1483 929 quomodo.
1496 898 1543 921 IV.
1560 895 1605 919 36.
1622 901 1647 918 c.

1036 938 1138 964 Acuta
1150 935 1274 974 capitella
1287 935 1312 963 in
1327 934 1461 963 domibus.
1476 941 1508 963 V.
1526 938 1591 964 621.
1609 944 1634 961 e.
1649 934 1736 961 Aurea

994 979 1139 1017 laquearia.
1155 986 1186 1007 V.
1199 984 1262 1007 621.
1276 990 1302 1006 E.
1314 981 1402 1007 Aureo
1417 978 1490 1006 freno
1514 977 1575 1016 equi
1590 977 1687 1005 ornati.
1703 984 1734 1005 v.

996 1028 1059 1051 626.
1075 1034 1098 1050 n.
1117 1024 1210 1050 Aureae
1224 1022 1328 1050 tabellae
1343 1022 1546 1059 magistratibus
1556 1021 1625 1049 datae
1637 1021 1670 1048 ab
1682 1022 1734 1048 Im-

995 1067 1164 1106 peratoribus
1179 1066 1352 1104 magistratus
1372 1066 1413 1094 sui
1429 1065 1546 1104 signum.
1566 1073 1611 1095 Π.
1626 1070 1688 1094 126.
1706 1076 1732 1095 Ε.

998 1115 1062 1139 127.
1079 1112 1166 1138 Aurea
1177 1111 1339 1148 operimenta
1355 1109 1450 1143 servis,
1464 1109 1556 1146 mulis,
1569 1109 1661 1147 equis;
1675 1119 1736 1147 pau·

996 1165 1071 1193 peres
1086 1164 1149 1182 vero
1164 1154 1288 1192 neglecti.
1308 1160 1380 1181 ΠΙΙ.
1398 1158 1461 1181 181.
1474 1164 1501 1181 c.
1512 1164 1542 1181 n.
1557 1153 1653 1181 Aureis
1674 1153 1736 1181 lite-

997 1199 1034 1226 ris
1046 1198 1138 1237 scripti
1153 1198 1228 1226 libri.
1244 1204 1313 1225 ΠΙΙ.
1334 1201 1398 1225 216.
1416 1208 1439 1225 Β.

1039 1244 1113 1270 AL-nt
1134 1241 1231 1269 fodinae
1253 1241 1321 1268 ratio
1343 1246 1369 1267 et
1393 1239 1498 1267 modus.
1518 1246 1551 1268 x.
1570 1244 1635 1268 245.
1658 1251 1682 1268 c.
1706 1251 1734 1269 D.

998 1285 1065 1314 Auri
1088 1285 1205 1324 potentia
1223 1291 1283 1313 ante
1305 1285 1393 1312 Deum
1415 1285 1519 1322 penitus
1542 1284 1684 1312 evanescit.
1700 1291 1734 1313 II.

999 1334 1044 1358 33.
1063 1340 1087 1358 n.
1109 1330 1213 1357 Aurum
1234 1338 1281 1367 per
1304 1328 1499 1366 eleemosynam
1517 1327 1739 1363 oblatum,orna-

998 1380 1117 1401 mentum
1128 1380 1167 1401 est
1181 1372 1307 1402 Ecclesiae
1323 1372 1386 1400 Dei.
1404 1378 1450 1400 IX.
1470 1375 1534 1400 197.
1551 1371 1626 1400 Auro
1647 1371 1739 1410 splen—

998 1416 1064 1445 dens
1084 1427 1183 1445 mensa.
1200 1424 1233 1445 V.
1251 1421 1316 1445 621.
1336 1427 1363 1444 ε.
1383 1417 1485 1443 Aurum
1505 1415 1628 1444 virtutem
1650 1416 1740 1454 expri-

999 1461 1058 1488 mit.
1074 1467 1105 1488 Υ.
1122 1464 1185 1489 215.
1201 1471 1227 1488 c.
1245 1462 1348 1488 Aurum
1361 1459 1408 1497 qni
1423 1459 1562 1497 colligunt,
1576 1459 1644 1487 nihil
1659 1459 1740 1488 diffc-

998 1511 1062 1532 runt
1075 1503 1109 1531 ab
1129 1504 1162 1532 iis
1175 1504 1222 1541 qui
1235 1504 1308 1532 luteo
1322 1503 1396 1542 operi
1411 1502 1512 1531 addicti
1527 1510 1602 1531 crant
1612 1504 1639 1531 in
1654 1504 1740 1542 AEgy-

999 1554 1056 1586 pto.
1070 1554 1126 1575 ΠΙ.
1140 1553 1204 1576 490.
1218 1559 1244 1577 c.
1258 1549 1362 1576 Aurum
1378 1546 1404 1575 in
1419 1547 1487 1575 arcis
1501 1547 1650 1585 aliquando
1660 1548 1739 1575 etiam

999 1591 1026 1619 in
1044 1598 1112 1619 terra
1124 1591 1320 1620 occultabatur.
1334 1597 1390 1619 ΠΙ.
1403 1595 1465 1619 159.
1480 1601 1497 1618 D
1510 1602 1515 1617 ε
1530 1601 1590 1619 cum
1602 1590 1740 1629 possiden—

999 1634 1119 1663 dentium
1133 1634 1254 1674 periculo
1268 1641 1293 1662 et
1305 1633 1414 1662 damno.
1431 1641 1486 1662 ΠΙ.
1502 1639 1565 1663 160.
1581 1634 1647 1662 Auri
1665 1635 1741 1674 cupi-

1000 1678 1113 1706 ditatem
1127 1689 1250 1716 magnam
1265 1678 1372 1717 explere
1391 1677 1531 1706 difficilius
1545 1685 1584 1706 est
1599 1689 1679 1716 quam
1694 1689 1742 1707 ro-

1001 1722 1066 1751 lare.
1081 1729 1138 1751 ΠΙ.
1156 1727 1220 1751 712.
1239 1734 1263 1750 n.
1282 1722 1346 1750 Auri
1365 1721 1458 1761 cupidi
1479 1722 1660 1761 exagitantur.
1681 1729 1740 1751 ΠΙ.

1003 1771 1066 1795 869.
1085 1777 1112 1795 Ε.
1131 1767 1197 1795 Auri
1213 1766 1347 1806 cupiditas
1371 1777 1404 1795 ex
1419 1765 1524 1794 desidia
1541 1766 1670 1795 nascitur.
1683 1773 1740 1795 VII.

1003 1814 1068 1838 869.
1086 1822 1111 1838 A.
1129 1810 1196 1839 Auri
1210 1811 1293 1839 sames
1307 1817 1437 1849 quantum
1460 1810 1573 1839 malum.
1592 1817 1637 1841 Π.
1656 1816 1701 1839 18.
1717 1821 1742 1839 n.

1043 1855 1154 1883 Acsms
1173 1854 1247 1893 regio
1266 1854 1328 1884 Jobi
1343 1853 1440 1893 patria.
1463 1861 1509 1882 III.
1528 1859 1592 1883 670.
1609 1865 1638 1883 D.
1655 1855 1744 1883 Ausi-

1004 1899 1040 1926 tis
1052 1900 1131 1937 regio
1141 1900 1222 1927 Esaiae'
1237 1906 1310 1929 erat.
1324 1905 1368 1926 VI.
1387 1902 1451 1926 687.
1466 1908 1491 1927 Β.

1044 1944 1184 1971 AusPIcrI
1199 1943 1356 1981 prohibita.
1373 1949 1443 1970 ΠΙΙ.
1455 1946 1522 1970 712.
1538 1952 1567 1971 E.

1048 1989 1155 2015 Acron
1165 1998 1211 2014 tn
1229 1986 1361 2014 mundum
1375 1986 1536 2014 constituere
1550 1985 1673 2014 dicebant
1685 1987 1744 2023 qui-

1004 2032 1077 2061 dam.
1092 2038 1111 2059 1.
1127 2035 1193 2059 700.
1217 2041 1245 2058 n.
1268 2030 1308 2058 Ea
1323 2040 1378 2058 esse
1399 2040 1441 2058 res
1462 2037 1563 2058 creatas
1577 2028 1656 2057 multi
1671 2027 1743 2057 dice-

1005 2077 1081 2106 bant.
1097 2082 1131 2104 X.
1153 2079 1217 2103 182.

1046 2122 1206 2148 Auximum.
1228 2118 1293 2147 Sine
1314 2116 1418 2145 auxilio
1443 2116 1492 2145 Dei
1520 2126 1571 2144 non
1601 2126 1743 2154 possumus

1005 2175 1038 2193 ne
1053 2161 1179 2191 mediocri
1203 2161 1310 2199 quidem
1342 2160 1466 2188 resistere
1481 2159 1639 2195 tentationi,
1659 2170 1744 2198 neque

1006 2207 1088 2237 sancti
1100 2212 1219 2245 possunt.
1231 2212 1266 2233 III
1290 2209 1336 2233 44.
1347 2203 1456 2233 Auxilio
1468 2203 1564 2232 caelesti
1580 2203 1744 2242 indigemus,

1006 2263 1058 2281 non
1081 2249 1160 2279 modo
1182 2249 1208 2278 in
1225 2249 1366 2288 periculis,
1379 2259 1439 2286 quae
1454 2248 1524 2278 vires
1540 2254 1643 2276 nostras
1665 2258 1745 2277 exee-

1006 2296 1085 2331 dunt‚
1106 2293 1152 2323 sed
1167 2293 1247 2322 etiam
1271 2293 1297 2321 in
1313 2293 1345 2321 iis
1361 2315 1369 2327 ,
1384 2303 1444 2331 quae
1464 2303 1516 2321 non
1540 2292 1682 2321 excedunt.
1697 2299 1742 2321 III.

1008 2345 1053 2369 44.
1077 2351 1100 2368 n.
1120 2338 1261 2367 Auxilium
1281 2339 1355 2366 Deus
1376 2337 1454 2365 nobis
1475 2343 1539 2365 tunc
1563 2336 1626 2371 dat,
1640 2335 1748 2374 quando

1009 2394 1066 2421 quae
1078 2389 1165 2410 nostra
1178 2388 1239 2410 sunt
1252 2382 1354 2420 priores
1369 2380 1573 2409 contulerimus.
1589 2386 1635 2408 ΙΙΙ.
1657 2384 1702 2408 44.
1720 2389 1745 2409 n.

1009 2427 1121 2455 Auxilio
1135 2426 1194 2461 Dei,
1206 2436 1264 2463 quae
1277 2424 1334 2454 sieri
1350 2434 1401 2452 non
1417 2434 1492 2462 posse
1508 2422 1645 2459 videntur,
1658 2422 1748 2452 facilia

1008 2469 1136 2498 evadunt.
1157 2476 1204 2497 III.
1222 2473 1266 2497 38.
1282 2479 1310 2496 n.
1328 2475 1359 2496 V.
1381 2472 1445 2496 427.
1471 2478 1498 2496 Ε.
1520 2478 1546 2495 c.
1568 2466 1631 2496 Sine
1645 2465 1747 2494 auxilio

1008 2513 1101 2541 divino
1118 2512 1184 2540 nibil
1209 2523 1318 2551 prorsus
1337 2519 1407 2540 recte
1434 2522 1510 2549 agere
1530 2520 1682 2550 possumus,
1698 2510 1745 2538 etsi

1012 2556 1107 2585 millies
1123 2556 1265 2585 enitamur.
1284 2563 1327 2584 tv.
1345 2560 1408 2584 658.
1432 2566 1453 2583 n.
1471 2555 1610 2583 Auxilium
1628 2553 1677 2583 Dei
1703 2563 1747 2581 ne-
