1884 2922
747 229 849 253 INDEX
879 228 1003 253 uenum.
1568 218 1635 263 517

97 303 167 322 nune
178 299 266 321 autem
279 292 380 321 utiliter
395 302 447 320 non
468 291 536 320 fiunt
552 314 559 326 ,
581 302 672 329 quare.
692 299 724 320 X.
742 297 788 320 53.
806 303 831 319 A.

96 339 174 366 Nunc
184 348 255 366 rara.
270 341 377 365 V.1G7.
395 347 422 364 D.
434 346 460 364 Ε.
477 340 542 364 479.
557 347 583 365 Α.
599 336 676 364 Nunc
686 345 737 363 non
752 335 833 371 fiunt,

95 382 157 419 quia
170 381 270 418 ubique
285 379 350 408 sides
359 380 492 418 plantata.
506 386 550 407 XI.
566 383 629 407 448.
644 389 671 406 A.
686 378 835 407 JIiracula

88 425 168 463 fides
184 427 324 463 sequitur.
340 431 383 452 VI.
400 428 464 452 1'23.

136 469 269 496 Miracula
296 467 446 496 Maximino
468 473 493 494 et
513 465 621 495 Juliano
642 465 836 504 imperantibus

95 518 207 549 patrata.
225 519 258 541 V.
276 516 338 539 325.
354 522 380 538 n.
398 521 422 538 E.

136 557 262 584 Misssnos
270 565 347 582 nemo
362 564 409 582 nos
420 553 498 587 facit,
512 552 563 580 nisi
577 551 683 590 nosipsi
697 551 833 581 faciamus.

97 605 132 628 ΙΙ.
154 603 217 626 219.
243 608 269 626 Ε.
291 598 350 626 Non
372 603 475 635 oportet
490 606 517 623 se
539 596 666 624 miserum
679 595 833 624 existimare

96 649 205 681 propter
221 647 418 681 paupertatem.
436 647 484 668 IX.
500 644 563 668 725.
579 651 605 667 A.

136 687 365 714 MISERICORDIAE
379 690 404 712 et
429 683 600 721 benignitatis
617 681 778 710 differentia.
802 688 835 710 V.

99 734 142 758 50.
159 740 184 756 c..
199 729 248 757 Dei
261 735 359 766 quanta
372 726 557 756 misericordia
570 737 632 765 erga
648 726 795 754 hominem.
813 733 833 754 I.

100 777 146 801 25.
160 785 186 801 A.
211 780 254 801 IV.
270 778 332 800 176.
348 783 371 800 B.
391 783 416 800 c.
429 776 494 800 347.
512 782 538 799 A.
554 782 618 810 sqq.
635 775 700 798 799.
718 780 745 798 E.
769 771 841 798 Deus

100 816 345 844 misericordiarum
357 822 432 855 pater
442 821 564 848 vocatur.
581 815 644 852 quia
658 813 842 842 misericordia

101 860 142 888 illi
170 860 313 900 peculiaris
337 867 361 888 et
381 858 579 898 quodammodo
604 858 691 886 insita.
715 864 750 886 x.
778 861 842 885 489.

102 917 127 932 A.
152 915 175 932 ις.
198 904 248 932 Dei
269 903 452 932 misericordia
476 913 528 931 non
543 902 623 930 datur
642 900 842 929 indiscrimina-

102 949 151 976 tim
168 971 175 985 ‚
203 947 250 976 sed
270 948 326 986 ipsc
355 948 473 985 aliquam
498 945 695 974 distinctionem
723 943 841 973 adhibet.

103 999 135 1020 v.
166 997 230 1021 492.
261 1003 287 1020 A.
326 990 513 1020 Misericordia
541 990 592 1018 Dei
620 989 722 1017 donum
743 988 841 1026 regale.

104 1043 163 1064 XII.
196 1040 258 1064 107.
292 1046 317 1063 e.
359 1035 457 1063 Oleum
484 1040 523 1061 est
550 1032 706 1071 symbolum
738 1031 844 1060 miseri—

103 1079 200 1108 cordiae
224 1079 292 1115 Dei3
317 1078 376 1107 ideo
391 1085 416 1107 et
436 1088 510 1116 reges
533 1084 558 1105 et
575 1076 723 1105 sacerdotes
738 1082 763 1103 et
777 1085 842 1114 pro-

104 1123 188 1162 phetae
201 1122 259 1150 oleo
275 1122 454 1160 ungebantur.
466 1128 512 1149 XI.
530 1125 594 1149 259.
613 1131 639 1149 c.

143 1165 330 1194 Misericordia
350 1176 441 1194 omnes
467 1175 584 1203 egemus.
607 1170 639 1193 V.
654 1168 699 1192 49.
718 1174 743 1190 Β.
761 1163 840 1190 Mise-

104 1208 216 1237 ricordia
228 1219 275 1237 nos
292 1216 396 1244 servat,
414 1208 518 1236 etiamsi
533 1207 568 1235 ad
582 1207 721 1244 fastigium
734 1206 843 1235 virtutis

105 1253 264 1281 venerimus.
284 1260 318 1281 V.
338 1257 382 1282 13.
401 1263 425 1280 c.
441 1252 504 1281 Sine
516 1250 699 1279 misericordia
711 1250 767 1277 lime
782 1250 843 1278 vita

104 1303 223 1325 constare
233 1306 285 1324 non
301 1303 396 1335 potest.
417 1302 475 1324 VII.
492 1299 555 1323 602.
572 1305 599 1324 E.
614 1294 708 1322 Oratio
724 1294 843 1322 auxilia-

105 1340 198 1368 tricem
216 1339 297 1368 habet
316 1339 462 1367 maximam
478 1337 690 1366 misericordiam
706 1337 764 1372 Dei,
786 1347 844 1375 quae

106 1385 181 1412 illam
197 1383 285 1412 reddit
308 1384 450 1412 efficacem.
475 1390 520 1411 111.
540 1387 584 1410 15.
608 1392 634 1412 Ε.
652 1381 783 1409 Animum
797 1380 846 1409 ha-

104 1427 208 1456 bentem
232 1434 355 1466 paratum
379 1425 570 1454 misericordiae
586 1426 674 1453 omnia
689 1431 836 1462 sequuntur

105 1471 185 1500 bona.
205 1478 251 1499 IX.
268 1475 333 1500 726.
359 1480 385 1498 o.
410 1471 564 1498 Peccatores
588 1469 615 1496 iu
637 1468 691 1496 vita
715 1469 843 1506 praesenti

106 1514 262 1554 poenitentia
289 1524 394 1552 semper
418 1519 529 1552 possunt
550 1512 600 1540 Dei
628 1511 842 1540 misericordiam

107 1558 243 1597 consequi.
254 1565 299 1587 IV.
317 1562 381 1586 504.
394 1568 419 1585 Β.
432 1556 619 1585 Misericordia
632 1556 681 1585 Dei
696 1556 842 1584 exoranda.

108 1611 126 1631 I.
146 1607 192 1632 31.
208 1614 233 1630 c.
250 1613 277 1630 n.
293 1612 323 1630 E.
339 1601 368 1631 Si
381 1600 593 1630 misericordiam
609 1600 735 1629 volumus
750 1610 844 1628 conse-

107 1647 172 1685 qui,
198 1646 363 1675 occasionem
377 1646 436 1684 ejus
451 1644 597 1673 clementiae
623 1654 657 1672 ex
677 1644 755 1672 nobis
778 1643 844 1683 ipsis

108 1697 212 1730 oportet
230 1690 358 1728 proferre.
383 1695 416 1717 V.
433 1693 495 1717 554.
513 1687 627 1717 Etiamsi
649 1689 722 1716 Deus
737 1687 845 1716 miseri-

108 1733 199 1763 cordia
213 1733 246 1762 sit
260 1739 397 1772 permotus
409 1754 415 1767 ,
430 1739 518 1760 tamen
531 1731 648 1770 precatio
664 1731 780 1759 multum
795 1731 847 1760 ad-

106 1777 221 1817 jumenti
233 1777 320 1806 affert.
337 1784 369 1805 X.
381 1781 444 1804 503.
462 1787 487 1804 A.
502 1775 689 1804 Misericordia
712 1775 845 1804 rationem

107 1821 252 1859 quamdam
271 1820 351 1848 habet
363 1830 396 1848 ex
411 1819 464 1848 fide
477 1819 628 1857 rogantium
643 1819 764 1858 petitam.
784 1826 842 1848 vlt.

110 1870 175 1894 412.
192 1876 218 1893 A.

150 1905 362 1936 Misericordiam
379 1906 514 1944 quomodo
530 1906 623 1935 doceat
638 1906 773 1935 Christus.
789 1912 847 1935 VII.

110 1956 173 1980 298.
189 1962 214 1979 B.
225 1950 276 1979 Vis
291 1949 502 1979 misericordiam
519 1949 644 1987 assequi?
659 1949 792 1978 miserere.
812 1957 845 1978 v.

111 2000 156 2024 35.
171 2006 194 2023 a.
210 1996 308 2032 Magna
321 1993 409 2021 danda
424 2001 462 2022 est
475 2005 555 2033 opera
568 1993 768 2022 misericordiae.
785 2001 845 2023 VII.

110 2044 174 2068 228.
188 2049 215 2066 n.
229 2036 423 2066 Misericordiae
435 2048 515 2076 opera
525 2048 606 2076 quam
616 2038 771 2066 necessaria.
785 2045 844 2066 VII.

111 2087 173 2112 856.
194 2093 219 2110 n.
235 2081 297 2110 Sine
312 2081 496 2110 misericordia
515 2089 540 2110 et
561 2081 713 2109 humilitate
733 2082 846 2110 salutem

111 2125 234 2164 consequi
247 2135 299 2153 non
315 2135 465 2163 possumus,
489 2132 548 2154 VII.
567 2129 630 2153 553.
649 2137 674 2154 A.
692 2125 849 2153 Misericor-

110 2170 156 2198 dia
180 2176 219 2198 est
242 2179 288 2197 cor
309 2168 452 2197 virtutum.
476 2170 520 2197 lb.
550 2168 744 2196 Misericordiae
769 2178 849 2207 opera

111 2220 236 2251 quantam
250 2212 354 2251 pariant
369 2211 529 2240 mercedem.
546 2219 601 2240 VII.
618 2217 682 2241 857.
698 2224 724 2240 A.
743 2217 807 2241 858.
821 2224 848 2240 A.

112 2257 183 2294 Erga
201 2266 330 2294 pauperes
347 2255 581 2286 commendantur,
598 2263 646 2286 IX.
662 2260 726 2284 135.
743 2266 768 2283 B.
784 2263 846 2284 XII.

113 2305 176 2329 165.
199 2310 224 2327 Β.
244 2310 269 2327 c.
286 2300 398 2337 Oportet
418 2309 464 2327 nos
479 2299 594 2338 proximi
610 2299 731 2327 misereri
746 2306 845 2336 quanta

111 2353 253 2381 possumus
269 2341 459 2370 misericordia.
474 2350 545 2371 VIII.
568 2348 630 2371 409.
645 2354 671 2373 r..
692 2342 850 2371 Misericor-

111 2386 185 2414 diam
198 2385 341 2414 exercendi
356 2384 424 2412 varii
441 2385 524 2413 modi.
539 2392 597 2414 VII.
616 2390 680 2414 217.
698 2396 725 2414 n.
741 2390 805 2414 218.

152 2429 370 2458 Misericordiam
391 2438 495 2468 semper
517 2436 624 2467 generat
651 2429 746 2457 animae
762 2429 851 2457 subli-

115 2473 203 2503 mitas,
219 2480 266 2502 IX.
282 2478 344 2502 196.
358 2484 382 2500 e.
397 2473 427 2501 Si
442 2473 556 2501 velimus
571 2483 628 2501 eam
643 2483 765 2501 exercere
775 2494 784 2506 ‚
797 2472 852 2501 sola

115 2517 252 2545 voluntate
263 2527 382 2556 egemus.
403 2524 459 2546 VII.
470 2522 534 2545 601,
558 2528 585 2546 n.
601 2523 626 2545 et
638 2517 716 2545 facile
728 2524 776 2545 est.
792 2524 848 2546 VII.

116 2566 180 2590 6⁷15.
197 2573 223 2590 A.

158 2609 343 2638 Misericordia
367 2609 412 2638 ubi
435 2616 490 2647 est,
511 2609 547 2637 ibi
570 2619 616 2638 uec
636 2608 789 2648 disquisitio
805 2621 851 2639 uec

884 291 1030 331 judiciuin.
1060 298 1091 319 v.
1115 294 1177 320 644.
1202 302 1228 319 A.
1251 291 1293 320 Ex
1314 289 1497 318 misericordia
1519 290 1633 318 salutem

887 335 1087 373 consequimur.
1106 341 1141 364 V.
1162 339 1225 362 412.

930 380 1110 407 Misnmcous
1137 378 1218 406 homo
1248 384 1286 406 est
1312 384 1405 416 portus
1432 377 1459 405 in
1484 376 1637 405 necessitate

890 423 1103 450 constitutorum.
1118 429 1138 449 I.
1157 427 1221 450 900.
1237 432 1265 449 n.
1289 421 1336 449 Est
1354 428 1446 460 portus
1469 420 1635 456 communis,

892 473 964 504 pater
981 467 1120 501 omnium,
1135 465 1248 493 baculus
1270 475 1374 494 senum.
1400 472 1432 493 V.
1459 469 1524 492 612.
1556 475 1583 493 o.
1605 464 1635 493 Si

890 509 994 547 aliquid
1009 511 1119 538 insuave
1134 509 1264 548 patiatur,
1282 518 1372 536 omnes
1383 518 1430 547 pro
1445 508 1492 536 itlo
1519 518 1636 547 precan-

892 560 945 581 tur.
962 561 994 583 V.
1011 558 1075 582 613.
1090 553 1159 588 Quis
1175 562 1237 580 vere
1252 552 1286 580 sit
1297 551 1457 579 misericors.
1474 558 1505 580 V.
1522 556 1586 580 341.
1603 562 1630 579 A.

894 596 1076 626 Misericordis
1092 596 1207 625 hominis
1222 595 1349 634 splendor
1363 602 1387 623 et
1402 595 1497 633 gioria.
1519 602 1551 623 V.
1569 599 1633 624 342.

894 652 920 669 o.
935 642 989 677 Qui
1003 652 1065 669 vero
1077 651 1128 669 nou
1144 641 1294 669 misericors
1305 647 1343 668 est
1355 662 1363 677 ‚
1379 640 1538 668 tenebrosus
1556 650 1636 668 voea-

894 691 947 713 tur.
964 691 1022 712 VII.
1040 689 1103 713 sto.
1120 696 1146 712 A.

934 729 1041 761 Missio,
1053 739 1184 766 qzcoenam
1197 739 1265 757 vere
1276 731 1316 757 sic
1329 734 1461 757 vocetur.
1472 734 1517 756 III.
1529 733 1592 756 981.
1609 738 1632 755 n.

897 772 1044 800 Missionis
1059 772 1131 799 Filii
1143 773 1200 799 Dei
1214 774 1298 800 ratio.
1318 779 1362 799 ιιι.
1377 776 1441 799 989.
1458 783 1482 798 ss.

939 816 1142 843 Mmmmnns
1163 826 1195 843 ex
1210 825 1321 843 numero
1335 824 1426 842 eorum
1442 814 1488 852 qui
1503 813 1611 843 Judauos
1624 825 1638 841 a

896 859 988 897 templi
1003 859 1192 887 restauratione
1207 869 1297 887 arcere
1309 858 1483 886 conabantur.
1508 864 1528 887 I.
1544 862 1588 885 54.
1612 867 1640 885 c.

937 904 1113 930 MODERATIO
1128 902 1340 931 commendatur.
1360 909 1418 930 VII.
1438 906 1502 931 854.
1517 913 1543 929 A.

938 947 1087 974 Mormsrrs
1103 946 1170 973 nihil
1188 946 1367 984 praestantius.
1387 952 1446 974 VII.
1465 949 1528 973 794.
1546 955 1573 972 Ε.

937 991 1109 1017 Monoinms
1122 989 1251 1017 diaconus
1267 989 1356 1018 Unitae
1377 989 1497 1018 Gotthiae
1518 988 1637 1028 episcopi

899 1040 1011 1061 mortem
1026 1033 1169 1063 nuntiavit.
1191 1040 1235 1062 III.
1251 1037 1317 1063 722.
1340 1043 1368 1060 A.
1386 1032 1456 1061 Eum
1469 1039 1542 1071 optat
1554 1033 1640 1071 Chry-

895 1084 1026 1105 sostomus
1052 1076 1086 1105 ad
1110 1087 1136 1105 se
1155 1077 1182 1105 in
1205 1077 1294 1105 locum
1316 1076 1406 1104 exsilii
1430 1076 1573 1114 proticisci.
1592 1083 1638 1104 III.

898 1126 960 1149 723.
978 1132 1007 1148 Β.

937 1166 1035 1192 Munus
1058 1165 1170 1202 quidam
1185 1165 1210 1192 in
1231 1164 1358 1193 omnibus
1379 1164 1566 1204 apponendus.
1588 1171 1634 1193 XI.

898 1213 961 1237 472.
981 1220 1006 1237 Λ.

936 1254 1116 1280 Monenonm
1132 1252 1249 1282 miseria.
1262 1260 1308 1282 IX.
1328 1258 1394 1281 609.
1412 1264 1436 1280 n.

937 1297 1100 1324 Memorem
1118 1307 1165 1324 cur
1181 1297 1254 1325 Deus
1276 1297 1416 1325 inseruerit
1428 1303 1529 1324 naturae
1540 1303 1639 1325 morta-

897 1340 974 1370 lium.
1000 1347 1022 1368 I.
1045 1344 1109 1368 275.
1133 1351 1161 1371 n,
1186 1342 1288 1369 Moeror
1307 1340 1415 1379 quando
1437 1340 1521 1368 utilis.
1542 1342 1586 1368 ΙΙΙ.
1609 1352 1636 1369 c.

898 1385 946 1412 Est
982 1383 1018 1412 ad
1041 1391 1149 1422 peccata
1174 1383 1320 1412 dumtaxat
1349 1384 1432 1413 utilis.
1456 1391 1490 1413 X.
1521 1389 1584 1412 640.
1613 1395 1638 1413 B.

899 1432 962 1456 (341.
984 1429 1104 1456 Moerore
1121 1438 1241 1456 vacuum
1264 1427 1372 1456 nullum
1388 1427 1507 1467 reperire
1531 1434 1579 1455 est.
1597 1435 1642 1457 XI.

898 1476 963 1500 712.
981 1482 1007 1500 A.
1020 1473 1164 1500 Moerorem
1179 1472 1201 1500 si
1218 1472 1316 1507 tollas,
1335 1482 1368 1500 ne
1389 1471 1518 1500 daemonis
1531 1471 1642 1510 quidem

873 1552 877 1554 -
898 1516 1017 1545 obsessio
1032 1517 1137 1555 gravis.
1162 1524 1182 1545 Ι.
1201 1522 1266 1546 274.
1283 1528 1308 1545 c.
1328 1517 1442 1546 ¹Woerore
1458 1527 1529 1545 mors
1547 1517 1641 1545 levior.

899 1568 945 1590 ΙΙΙ.
969 1565 1032 1589 684.
1053 1571 1077 1589 Β.
1091 1571 1155 1600 sqq.
1169 1561 1298 1590 Moestitia
1312 1561 1496 1589 calamitatum
1514 1561 1642 1589 maxima.

899 1611 945 1634 III.
967 1609 1031 1633 675.
1050 1615 1077 1632 Ε.
1097 1604 1221 1633 Maeroris
1234 1604 1331 1633 molem
1344 1605 1410 1632 solet
1425 1604 1542 1633 allevare
1554 1605 1644 1633 socie-

898 1654 937 1676 tas
947 1658 1038 1676 eorum
1051 1647 1097 1685 qui
1112 1647 1139 1675 in
1155 1658 1266 1676 moerore
1280 1655 1349 1676 sunt.
1367 1655 1411 1677 XI.
1427 1653 1492 1677 714.
1510 1658 1536 1676 Ε.

939 1693 1046 1720 MonAtu
1068 1692 1210 1720 asinariam
1235 1702 1283 1720 cur
1304 1693 1340 1731 ‘in
1372 1692 1495 1731 exemplo
1520 1691 1644 1721 Christus

900 1737 1026 1775 proferat.
1045 1743 1102 1764 vlt.
1124 1740 1187 1764 663.
1205 1746 1232 1763 n.

939 1782 1097 1808 MoLizsriffi
1122 1779 1236 1808 libenter
1258 1779 1373 1808 sercndae
1397 1789 1446 1818 pro
1470 1779 1589 1810 Christo,
1608 1787 1640 1808 v.

903 1828 969 1852 166.
988 1835 1014 1851 ι).

942 1869 1146 1896 MoNAcuonUM
1161 1867 1298 1895 exercitia.
1311 1874 1331 1897 I.
1349 1871 1411 1895 145.
1422 1877 1450 1895 D.
1464 1874 1522 1896 VII.
1535 1871 1600 1895 759.
1617 1877 1640 1896 n.

903 1917 1028 1942 xro-10⁴¹.
1044 1919 1102 1940 XII.
1120 1915 1218 1939 113.n.
1230 1922 1256 1940 A.
1266 1911 1435 1940 etlectioneS.
1452 1915 1642 1940 VII.762.C.D.

902 1961 966 1985 763.
983 1956 1087 1994 Legunt
1096 1954 1201 1983 assidue
1211 1955 1372 1994 Scripturas.
1390 1962 1410 1983 I.
1427 1959 1487 1983 144.
1501 1965 1527 1983 c.
1542 1955 1645 1983 Eorum

902 2000 1016 2034 labores,
1031 2009 1110 2037 opera
1126 2004 1151 2026 et
1164 1998 1251 2026 rictus
1266 1998 1344 2026 ratio.
1361 2006 1382 2026 1.
1399 2003 1446 2026 72.
1463 2009 1488 2025 n.
1508 2005 1564 2026 VII.
1580 2002 1643 2026 796.

903 2055 928 2072 B.
943 2054 969 2072 c.
986 2049 1082 2071 vestes.
1102 2049 1158 2070 VII.
1175 2046 1240 2072 760,
1259 2041 1353 2070 Cilicio
1366 2041 1532 2077 induuntur,
1555 2052 1645 2069 recor<

902 2087 996 2115 dantes
1011 2093 1111 2115 vestem
1126 2096 1202 2114 suam
1214 2096 1269 2114 esse
1290 2093 1391 2114 vestem
1406 2085 1565 2124 nuptialem.
1584 2092 1642 2115 vn.

903 2136 968 2160 769.
986 2141 1014 2158 n.
1034 2141 1060 2158 E.
1075 2130 1224 2167 Colloquia.
1242 2137 1300 2159 VII.
1317 2134 1381 2157 763.
1396 2141 1420 2156 Α.
1435 2133 1498 2157 773.
1514 2139 1543 2158 n.
1558 2139 1644 2157 mores

903 2182 927 2203 et
940 2175 1064 2202 virtutes.
1075 2180 1132 2202 vlt.
1146 2178 1213 2202 759.
1227 2184 1289 2212 sqq.
1303 2178 1369 2202 771.
1383 2183 1445 2211 sqq.
1463 2178 1524 2201 147.
1540 2185 1565 2203 A.
1582 2178 1643 2201 148.

904 2225 926 2246 1.
941 2223 1003 2246 114.
1019 2227 1045 2245 E.
1065 2228 1089 2245 ,1.
1108 2221 1171 2246 115.
1188 2221 1330 2245 143.145.
1350 2224 1396 2245 XI.
1416 2222 1478 2245 114.
1492 2228 1520 2246 E.
1539 2221 1602 2245 676.
1616 2228 1643 2246 D.

904 2271 968 2300 sqq.
985 2261 1104 2289 Uxorem
1120 2271 1171 2288 non
1186 2260 1296 2288 ducunt.
1315 2268 1336 2290 l.
1350 2265 1411 2288 123.
1422 2271 1450 2289 A.
1465 2262 1534 2289 Cum
1543 2260 1643 2289 daemo-

904 2305 983 2332 nibus
998 2311 1022 2332 et
1035 2303 1108 2333 vitiis
1120 2303 1223 2332 bellum
1239 2310 1370 2342 geruum.
1382 2309 1445 2332 144.
1456 2314 1481 2332 E.
1494 2317 1520 2333 A.
1535 2304 1644 2339 Quibus

904 2348 985 2376 armis
997 2355 1021 2376 et
1035 2347 1169 2386 quomodo
1181 2348 1298 2376 vincant.
1313 2355 1370 2377 VII.
1383 2353 1448 2379 779,
1463 2359 1489 2378 A.
1502 2359 1526 2378 n,
1540 2349 1643 2376 Eorum

905 2402 993 2430 preces
1008 2391 1142 2420 daemonas
1164 2398 1272 2421 terrent.
1290 2399 1311 2420 Ι.
1335 2397 1398 2421 1413.
1423 2403 1450 2422 E.
1472 2393 1567 2420 Preces
1582 2399 1644 2420 sunt

906 2435 1035 2464 monacho
1045 2435 1119 2473 quod
1132 2435 1250 2464 venatori
1262 2435 1376 2474 gladius.
1388 2436 1432 2463 lh.
1453 2438 1520 2463 Ante
1531 2435 1642 2473 gallina-

906 2479 943 2507 cei
963 2486 1069 2508 cantum
1083 2481 1139 2507 Deo
1157 2486 1265 2507 canunt.
1291 2486 1310 2507 Ι.
1329 2484 1392 2508 145.
1412 2490 1440 2509 D.
1456 2480 1485 2507 Iu
1497 2479 1644 2517 gratiarum

906 2522 1007 2551 actione
1021 2530 1046 2551 et
1061 2523 1210 2562 psalmodia
1224 2523 1308 2552 vitam
1324 2530 1418 2561 agunt.
1431 2530 1490 2552 VII.
1504 2528 1569 2552 635.
1583 2525 1642 2552 Μο-

907 2567 1052 2595 nachorum
1067 2567 1210 2595 canticum.
1222 2574 1279 2595 vll.
1297 2572 1360 2595 631.
1376 2579 1403 2595 A.
1417 2567 1585 2606 Explicatur.
1603 2568 1644 2596 Ib.

910 2615 973 2640 632.
991 2612 1091 2640 Eorum
1108 2611 1188 2641 vestis
1200 2618 1224 2641 et
1241 2622 1328 2641 mensa
1342 2610 1486 2640 moderata.
1500 2618 1521 2641 t.
1536 2616 1597 2640 145.
1613 2622 1643 2642 υ.
