1950 2922
80 574 102 594 gr
84 541 93 569 -s

107 551 120 571 ·-:

134 543 152 564 Ψ

157 550 178 571 Φ.
157 543 161 547 ,

57 1969 195 1997 T.1.p.'=70.

57 2001 170 2029 e.—p.57

203 185 272 221 216

201 267 298 289 autem
326 261 424 294 Jesus,
445 265 472 287 et
494 260 598 287 ‘videns
614 268 661 286 eos
680 263 846 295 sequentes,
868 256 938 284 dicit

201 309 257 335 eis:
274 307 352 344 Quid
366 305 513 344 quamuis?
526 304 615 341 Pergit
629 303 673 331 ille
687 314 692 332 :
704 302 793 330 «Hinc
811 301 939 329 docemur

203 354 287 380 Deum
311 351 389 380 (lonis
407 360 457 378 non
480 349 626 388 praevenire,
647 348 796 376 voluntates
817 354 935 382 nostras;

200 398 246 426 sed
267 397 312 425 ubi
330 408 376 425 nos
391 395 552 433 incepimus,
568 404 628 422 cum
645 394 809 422 voluntatem
825 393 937 432 prremi-

200 443 294 479 simus,
312 449 375 470 tunc
393 440 522 480 plurimas
537 439 583 468 dat
597 439 643 468 ille
657 439 734 468 nobis
748 439 842 467 salutis
856 449 936 467 occa—

200 489 295 517 sioneS.
314 500 327 513 n

239 533 357 562 llomilia
376 538 462 560 autem
480 532 516 559 59
535 531 561 559 in
578 530 705 560 Genesim
720 541 774 559 rem
790 530 826 558 ita
847 530 938 569 expli-

200 587 250 614 cat,
266 586 295 606 ut
309 588 397 606 secum
412 577 469 615 ipse
484 587 602 616 pugnare
617 575 748 605 videatur.
763 577 832 605 Nam
846 575 879 604 de
893 577 937 605 Ja-

199 626 265 654 cobo
283 626 367 653 Isaaci
384 623 438 651 filio
456 623 567 661 loquens
582 622 638 650 haec
654 621 734 650 habet
754 633 760 649 :
778 634 791 649 «
807 622 881 650 Licet
893 632 938 650 su-

199 682 280 710 perno
294 669 418 710 praesidio
433 669 516 697 fretus
531 669 624 702 fucrit,
641 675 755 696 attamen
770 667 841 706 quod
859 679 938 696 suum

199 724 254 745 erat
270 717 345 755 prius
359 715 493 744 exhibuit.
509 716 548 743 Ita
562 725 623 743 sane
636 721 659 742 et
671 724 718 742 nos
731 713 938 753 persuadeamus

199 764 287 801 nobis,
305 764 367 792 licet
379 763 477 791 millies
488 762 629 797 enitamur,
644 761 713 789 nihil
727 769 813 789 tamen
829 771 939 800 prorsus

199 817 269 838 recte
288 819 366 847 agere
384 819 471 848 posse,
493 808 544 836 nisi
563 817 678 846 superno
698 807 800 835 auxilio
821 807 935 845 adjutos.

200 856 276 884 Sicut
289 855 360 884 enim
374 855 425 883 nisi
441 854 488 882 illo
501 853 622 882 subsidio
637 853 768 888 fruamur,
789 853 857 881 nihil
877 864 939 881 um—

201 912 281 939 quam
299 911 439 939 possumus
454 906 522 927 recte
537 909 613 937 agere
628 909 635 926 t
654 899 707 935 ita,
730 899 779 927 nisi
799 898 870 937 quod
889 908 939 927 no—

201 955 286 976 strum
306 953 345 975 est
359 945 542 978 attulerimus,
559 955 610 973 non
632 945 778 984 poterimus
793 955 939 984 supernum

200 992 334 1020 auxilium
349 991 478 1021 obtinere.
500 1003 514 1017 »
529 990 559 1019 Si
575 1001 690 1028 namque
704 991 811 1019 initium
829 997 854 1019 et
874 991 938 1019 fun-

200 1038 324 1066 damenta
340 1037 404 1065 fidei
419 1036 475 1065 sine
490 1036 538 1064 Dei
555 1036 657 1064 auxilio
673 1047 768 1075 ponere
783 1047 934 1076 possumus,

201 1092 231 1113 ut
246 1085 290 1113 ille
310 1095 391 1123 supra
408 1083 489 1119 dixit,
505 1083 638 1121 quomodo
658 1094 751 1112 verum
772 1094 827 1112 esse
840 1083 937 1123 poterit

200 1131 270 1160 illud
281 1130 354 1169 quod
365 1130 408 1158 hic
419 1129 524 1168 adjicit,
539 1140 585 1157 nos
596 1140 689 1168 nempe
702 1129 776 1157 nihil
787 1140 937 1168 umquam,

201 1178 272 1206 οὐδὲν
284 1176 416 1211 οὐδέποτε,
430 1182 498 1203 recte
509 1185 587 1213 agere
600 1185 685 1214 posse,
701 1175 751 1203 nisi
764 1185 878 1214 superno
892 1186 939 1203 au-

201 1223 269 1251 xilio
282 1222 389 1260 adjutos
401 1222 415 1249 Ρ

242 1268 312 1303 Quia
327 1267 398 1296 enim
409 1266 442 1294 de
455 1265 539 1305 gratia
548 1272 572 1293 et
583 1265 668 1294 libero
677 1266 788 1295 arbitrio
803 1267 939 1296 nihildum

815 194 971 218 sYNot‘Sis
1002 195 1130 226 EORUM,

996 255 1023 284 in
1043 255 1161 284 Ecclesia
1179 261 1308 283 statutum
1326 255 1427 291 fuerat,
1446 265 1498 284 non
1516 262 1589 285 tanto
1605 254 1730 294 scrupulo

995 312 1054 339 quae
1068 312 1123 330 sese
1138 301 1219 329 menti
1235 301 1380 329 offerebant
1389 323 1396 336 ,
1411 307 1502 329 orator
1516 309 1603 330 noster
1616 312 1646 330 ea
1659 301 1693 329 de
1704 311 1733 329 re

995 348 1164 380 enuntiabat,
1178 347 1223 385 qui
1241 347 1262 375 si
1275 358 1302 375 ea
1318 346 1352 375 ad
1367 346 1493 375 trutinam
1509 347 1677 380 excussisset,
1694 357 1733 375 sa-

994 394 1067 422 niora
1081 393 1151 421 haud
1165 393 1248 421 dubie
1259 393 1375 421 dedisset
1386 404 1393 427 ;
1406 392 1451 420 sed
1462 403 1513 420 non
1524 392 1621 421 licebat
1633 394 1730 421 oratori

992 439 1114 478 quotidie
1138 439 1220 468 ferme
1241 446 1266 467 et
1287 449 1320 466 ex
1341 445 1460 477 tempore
1483 449 1553 477 saepe
1571 438 1731 467 declamanti

992 486 1060 514 serio
1075 484 1164 513 verbis
1176 491 1200 513 et
1215 484 1294 512 dictis
1306 484 1430 512 omnihus
1441 483 1598 522 advigilare,
1610 484 1637 512 in
1652 484 1730 513 rebus

992 531 1110 559 maxime
1129 541 1188 568 quae
1208 529 1328 558 nondum
1349 529 1466 569 publicis
1486 529 1611 558 Ecclesiae
1625 529 1730 567 legibus
1743 530 1884 561 T.3-p·577-

991 583 1096 605 assei-tce
1112 577 1226 604 fuerant.
1248 576 1380 604 Caeterum
1398 586 1477 613 quam
1492 586 1506 603 a
1520 575 1660 613 Pelagiana
1676 575 1731 603 hae-
1742 570 1762 584 ³¹

992 621 1042 650 resi
1058 632 1168 650 aversus
1180 628 1246 650 esset
1261 621 1317 660 ipse
1329 621 1485 649 testificatur
1496 620 1522 648 in
1535 620 1588 649 fine
1602 620 1731 659 Epistola-3

992 674 1092 706 quartae
1106 667 1140 696 ad
1155 667 1356 707 Olympiadem,
1373 667 1419 695 ubi
1433 666 1500 695 dicit
1516 677 1522 694 τ
1543 667 1607 697 «De
1623 667 1733 705 Pelagio

993 713 1123 743 monacho
1146 723 1240 751 magno
1256 713 1348 741 dolore
1363 713 1473 740 affectus
1488 723 1545 740 sum
1559 724 1565 739 :
1583 713 1668 750 cogita
1683 712 1734 750 igi-

994 767 1038 788 tur
1049 767 1114 798 quot
1129 760 1288 797 quantisque
1303 759 1405 787 coronis
1420 758 1494 796 digni
1510 758 1615 796 sintqui
1629 758 1733 786 fortiter

993 806 1020 834 in
1031 807 1087 834 acie
1108 813 1247 841 steterunt,
1267 816 1328 833 cum
1346 805 1426 839 viros,
1437 805 1487 842 qui
1503 805 1529 832 in
1540 811 1611 832 tanta
1627 803 1732 843 pietatis

993 852 1180 881 exercitatione
1199 859 1226 880 et
1246 851 1382 880 tolerantia
1405 851 1546 886 vixerunt,
1567 850 1672 889 subripi
1689 850 1732 879 vi-

992 899 1114 934 deamus,
1137 898 1205 927 οῧτω
1220 901 1335 937 φανῶσιν
1352 897 1548 936 ὓποσυρόμενοι,
1563 908 1576 922 »

1033 945 1084 973 Hic
1099 944 1132 973 de
1144 944 1252 982 Pelagio
1264 943 1437 972 haeresiarcha
1452 944 1493 980 agi
1510 954 1570 971 cum
1586 941 1677 970 multis
1691 942 1733 970 vi-

993 991 1030 1020 ris
1043 990 1130 1020 doctis
1140 991 1275 1019 existimo.
1293 990 1357 1018 Erat
1370 990 1439 1017 enim
1456 989 1500 1017 ille
1515 989 1662 1017 monachus
1671 1011 1678 1024 ,
1691 999 1732 1017 er-

993 1048 1116 1076 roresque
1128 1047 1189 1065 suos
1204 1045 1329 1075 spargere
1342 1035 1435 1074 coepit,
1451 1035 1557 1073 quando
1573 1034 1734 1073 Chrysosto-

993 1094 1053 1112 mus
1062 1083 1139 1111 exsul
1151 1090 1298 1111 extremum
1312 1082 1373 1110 vita:
1384 1081 1548 1110 curriculum
1560 1081 1654 1118 agebat
1664 1091 1733 1108 anno

993 1129 1098 1158 circiter
1118 1130 1187 1157 407.
1209 1129 1276 1163 Quae
1291 1128 1381 1156 omnia
1397 1127 1431 1155 ad
1450 1127 1588 1165 Pelagium
1605 1127 1734 1155 haereseos

994 1182 1128 1204 auctorem
1151 1181 1268 1214 spectare
1285 1173 1428 1208 videntur,
1450 1180 1527 1210 atque
1546 1173 1581 1200 ita
1603 1183 1665 1201 cum
1687 1172 1735 1200 illo

994 1228 1153 1257 consonant,
1175 1227 1204 1249 ut
1223 1230 1275 1249 non
1292 1220 1362 1248 alius
1375 1219 1499 1258 Pelagius
1514 1218 1676 1257 quaerendus
1689 1217 1735 1246 vi-

993 1267 1095 1295 deatur.

858 1471 1031 1501 DtATRtssA
1053 1473 1088 1501 II.

411 1568 457 1596 De
473 1567 629 1606 disciplina
646 1576 706 1594 (evo
721 1566 940 1602 Chrysostomi‚
955 1565 1047 1604 deque
1061 1567 1164 1594 ritibus
1178 1567 1271 1594 variis
1286 1571 1347 1594 lum
1362 1564 1556 1594 Antiochenis

633 1625 695 1648 tum
710 1618 1043 1657 Constantinopolitanis
1056 1631 1066 1648 .·
1079 1625 1106 1646 et
1119 1619 1154 1646 de
1169 1619 1314 1657 Licurgia.

248 1723 324 1752 Circa
342 1723 444 1751 cultum
462 1721 623 1750 venerabilis
639 1721 725 1750 crucis
743 1720 870 1756 Domini,
887 1731 948 1749 sau-

208 1776 308 1800 ctarum
322 1769 498 1807 reliquiarum
510 1775 535 1796 et
550 1768 708 1805 imaginum,
721 1767 853 1805 etiamque
868 1767 946 1794 inter-

208 1816 351 1843 cessionem
368 1823 392 1843 et
407 1814 600 1842 invocationem
612 1820 775 1849 sanctorum,
790 1813 835 1840 illa
849 1812 947 1851 passim

208 1862 307 1900 profert
327 1861 544 1899 Chrysostomus,
566 1869 625 1896 quse
643 1858 804 1886 hodiernum
823 1857 946 1886 Ecclesiae

209 1918 308 1935 rnorem
326 1917 435 1945 prorsus
450 1905 614 1943 exprimant.
631 1904 772 1942 Singulare
788 1914 896 1942 prorsus
911 1909 948 1931 est

211 1954 247 1986 id,
275 1953 346 1991 quod
369 1952 402 1980 de
421 1953 450 1980 5.
472 1950 558 1979 crucis
577 1950 651 1978 cultu
671 1950 736 1978 dicit
759 1950 825 1978 ille:
844 1949 948 1978 «Nihil

180 2007 196 2019 ¹·
210 1998 412 2037 Imperatoriam
431 2007 554 2026 coronam
572 1997 609 2024 sic
624 2003 736 2024 exornat
755 2003 782 2024 ut
797 2007 875 2032 crux,
889 1996 948 2024 uni-

211 2055 286 2073 verso
298 2044 398 2073 mundo
410 2043 548 2082 pretiosior
560 2054 567 2079 3
580 2049 604 2070 ct
615 2043 670 2081 ejus
683 2042 780 2080 figura,
793 2053 872 2080 quam
884 2041 948 2070 olim

211 2101 301 2118 onmes
316 2089 550 2121 exhorrescebant,
565 2088 600 2116 ita
615 2087 736 2116 certatim
748 2087 900 2125 exquiritur
914 2087 948 2115 ab

211 2138 345 2171 omnibus,
358 2143 385 2164 ut
402 2136 501 2173 ubique
515 2134 676 2173 reperiatur,
690 2134 761 2173 apud
776 2134 909 2173 principes
923 2141 949 2162 et

212 2183 343 2215 subditos,
362 2182 432 2220 apud
451 2182 575 2209 mulieres
592 2187 616 2209 et
633 2181 721 2215 viros,
736 2180 809 2219 apud
831 2181 948 2219 virgines

211 2236 236 2257 et
258 2236 364 2267 nuptas,
388 2227 458 2266 apud
483 2237 573 2255 servos
598 2233 623 2254 et
646 2226 745 2254 liberos
766 2238 772 2253 z
794 2237 854 2254 nam
880 2226 948 2254 illud

213 2286 301 2303 onxnes
314 2275 418 2309 signum
434 2274 583 2310 frequenter
599 2272 758 2311 imprimunt
773 2272 799 2300 in
815 2272 951 2300 membro-

213 2332 273 2350 rum
292 2320 392 2348 nieliori
416 2325 504 2357 parte,
523 2325 547 2345 ct
569 2318 593 2345 in
612 2319 697 2346 fronte
715 2329 761 2345 ceu
782 2318 807 2346 in
826 2318 947 2346 columna

213 2368 355 2403 figuratum
380 2364 498 2403 quotidie
521 2364 721 2393 circumferunt.
746 2364 804 2392 Hoc
828 2365 854 2392 in
875 2375 948 2392 sacra

213 2425 317 2447 mensa,
342 2412 391 2440 hoc
416 2411 440 2438 in
463 2410 627 2438 sacerdotum
649 2410 876 2447 ordinationibus,
898 2412 948 2440 hoc.

213 2470 319 2487 rui-sinn
345 2468 405 2485 cuni
433 2466 542 2494 corpore
565 2456 664 2484 Christi
689 2464 714 2484 et
739 2458 851 2496 mystica
875 2468 947 2486 coena

212 2506 334 2542 refulget.
368 2503 424 2531 Ili-c
457 2502 556 2539 ubique
583 2501 745 2530 celebratum
776 2503 866 2531 videre
888 2511 925 2531 est
937 2526 945 2540 ,

212 2551 237 2579 in
248 2550 386 2585 domibus,
400 2549 426 2576 in
440 2548 508 2581 foro,
525 2558 550 2575 in
567 2547 688 2583 desertis,
707 2548 733 2575 in
747 2548 808 2582 viis,
825 2550 851 2577 in
869 2560 946 2578 mon-

210 2598 297 2632 tibus,
317 2597 343 2624 in
360 2595 487 2631 saltibus,
508 2594 534 2622 in
550 2593 681 2632 collibus,
699 2594 725 2622 in
742 2595 828 2631 mari,
848 2596 874 2624 in
891 2605 940 2624 na-

1000 1721 1097 1756 vibus,
1122 1721 1149 1750 in
1164 1721 1277 1759 insulis,
1298 1722 1325 1750 in
1346 1722 1437 1757 lectis,
1459 1722 1486 1750 in
1506 1721 1690 1759 vestimentis,
1709 1721 1739 1750 in

998 1768 1089 1802 armis,
1102 1767 1128 1796 in
1144 1768 1278 1803 thalamis,
1290 1768 1316 1796 in
1328 1768 1470 1802 conviviis,
1482 1768 1509 1796 in
1522 1768 1592 1796 vasis
1605 1767 1739 1806 argenteis

999 1820 1024 1841 et
1037 1814 1141 1849 aureis,
1160 1815 1185 1842 in
1202 1815 1366 1852 margaritis,
1382 1814 1407 1842 in
1422 1814 1553 1853 parietum
1565 1814 1692 1853 picturis,
1709 1813 1736 1842 in

1000 1860 1156 1898 corporibus
1174 1860 1317 1888 brutorum
1333 1860 1401 1888 male
1415 1860 1528 1896 allectis,
1542 1860 1569 1888 in
1582 1859 1740 1898 corporibus

999 1916 1013 1932 a
1025 1905 1144 1933 daemone
1156 1906 1280 1939 obsessis,
1301 1906 1327 1934 in
1342 1906 1420 1934 bellis
1430 1928 1436 1939 ,
1453 1906 1480 1934 in
1496 1916 1573 1945 pace,
1587 1906 1614 1933 in
1627 1905 1738 1941 diebus,

1000 1950 1027 1978 in
1040 1951 1174 1986 noctibus,
1188 1951 1214 1979 in
1225 1951 1328 1980 choreis
1339 1951 1554 1990 tripudiantium,
1566 1951 1593 1979 in
1606 1950 1740 1979 sodalitiis

1000 2007 1054 2024 sese
1067 1998 1256 2026 macerantium
1274 2010 1280 2026 z
1294 1997 1360 2026 adeo
1376 1997 1496 2026 certatim
1511 1996 1612 2025 donum
1624 1996 1675 2024 boc
1689 1997 1739 2024 mi-

1000 2042 1094 2077 rabile,
1109 2043 1217 2081 ejusque
1231 2043 1390 2071 ineffabilem
1405 2043 1518 2081 gratiam
1531 2053 1620 2070 omnes
1631 2041 1740 2080 perqui-

1001 2096 1062 2117 runt
1068 2111 1125 2119 ......
1131 2089 1238 2127 Ubique
1255 2090 1299 2117 illa
1317 2090 1416 2127 fulget,
1437 2089 1463 2117 in
1481 2080 1628 2128 parietibus
1640 2088 1740 2116 domo-

1000 2146 1077 2170 rum,
1090 2135 1116 2163 in
1129 2136 1216 2168 tectis,
1237 2136 1263 2163 in
1278 2136 1365 2171 libris,
1384 2135 1410 2163 in
1426 2135 1550 2170 urbibus,
1571 2134 1598 2162 in
1615 2134 1693 2170 vicis,
1712 2135 1739 2162 in

1001 2181 1118 2215 incultis,
1132 2182 1158 2209 in
1172 2181 1251 2210 cultis
1266 2182 1421 2210 locis........
1437 2180 1510 2209 Illud
1524 2191 1586 2209 vero
1604 2180 1692 2220 ipsum
1705 2181 1739 2209 li-

1001 2237 1091 2265 gnum,
1104 2227 1130 2255 in
1141 2237 1195 2265 quo
1203 2237 1309 2255 sacrum
1321 2237 1416 2265 corpus
1424 2237 1531 2265 passum
1542 2232 1567 2254 et
1579 2225 1739 2254 crucifixum

1000 2279 1052 2306 est,
1071 2283 1118 2301 cur
1133 2273 1254 2301 certatim
1269 2283 1360 2301 omnes
1375 2272 1496 2301 adeunt?
1516 2283 1565 2301 cur
1578 2272 1738 2311 particulam

1000 2319 1057 2358 ejus
1070 2319 1147 2347 multi
1158 2326 1290 2347 sumentes
1302 2330 1366 2347 auro
1380 2319 1508 2347 inclusam
1518 2342 1525 2355 ,
1540 2325 1596 2346 tum
1611 2318 1664 2346 viri
1679 2325 1738 2347 tum

1001 2365 1124 2394 mulieres
1135 2376 1150 2394 a
1161 2366 1228 2394 collo
1246 2366 1410 2405 suspendunt
1425 2365 1460 2394 ad
1477 2371 1610 2401 ornatum,
1622 2365 1669 2393 etsi
1691 2365 1738 2394 da-

1001 2412 1142 2440 mnationis
1153 2411 1306 2450 symbolum
1319 2411 1369 2439 hoc
1380 2411 1483 2449 lignum
1498 2411 1549 2439 fuit
1559 2411 1572 2439 ἒ)
1584 2411 1641 2439 Iino
1652 2411 1738 2450 Impe-
1749 2417 1776 2438 T.
1784 2423 1827 2446 up.
1836 2418 1890 2448 559·

999 2465 1097 2486 ratores
1112 2458 1197 2497 posito
1211 2457 1359 2486 diademate
1373 2467 1478 2485 crucem
1489 2456 1678 2495 suscipiebant.
1690 2468 1704 2482 »

1038 2504 1101 2532 Hoec
1113 2504 1209 2542 saepius
1220 2503 1286 2532 dicit
1298 2504 1325 2531 in
1335 2503 1501 2531 orationibus
1514 2509 1604 2530 contra
1615 2501 1734 2536 Judaeos,
1748 2510 1888 2542 T.1.p.687.
1929 2520 1931 2522 ·
1947 2495 1950 2499 ⁴

997 2550 1125 2588 additque
1154 2551 1230 2588 signo
1262 2550 1347 2578 crucis
1374 2548 1554 2578 adversariam
1581 2554 1735 2587 potestatem
1747 2549 1768 2564 ³·

997 2607 1100 2625 omnem
1120 2596 1216 2635 fugari.
1238 2595 1379 2634 Singularc
1398 2601 1486 2623 autem
1505 2593 1613 2622 omnino
1631 2600 1668 2622 est
1687 2592 1732 2630 id,
