1849 2927
150 229 206 252 Vlss
840 209 1023 250 PnissfitTto.

666 363 947 391 Animadversiones
962 362 1098 401 quaedam
1116 362 1192 391 aliae.

185 459 284 488 Suidas
308 459 335 487 in
362 459 420 487 loco
431 480 440 493 ‚
457 467 538 496 quem
566 457 593 485 in
616 455 774 485 testimoniis
794 462 913 484 veterum
933 455 1096 492 adferimus,
1111 455 1220 484 Joannis
1241 455 1428 495 Chrysostomi
1448 455 1638 494 ὑπομνήματα,
1654 466 1699 484 seu

147 507 353 543 Commentaria,
371 506 399 535 in
421 507 543 534 Marcum
555 511 580 533 et
598 504 699 532 Lucam
724 511 922 532 commemorat.
939 503 992 532 Sed
1016 504 1043 531 in
1068 503 1214 532 codicibus
1227 504 1330 532 Graecis
1350 503 1511 539 innumeris,
1535 513 1602 541 quos
1624 502 1701 531 vidi-

144 565 205 583 mus
232 554 397 592 legimusque
411 574 420 589 ,
436 551 519 579 sancti
547 549 664 579 doctoris
679 550 875 578 Commentaria
893 550 920 578 in
943 551 1066 579 Marcum
1083 556 1107 578 et
1136 550 1257 586 Lucam,
1269 550 1312 578 vel
1334 550 1468 589 descripta
1493 549 1537 579 vel
1555 556 1700 578 memorata

144 611 275 638 nusquam
290 605 451 638 comparent.
463 598 535 626 Inter
549 607 628 636 opera
651 604 739 625 tamen
761 597 946 636 Chrysostomi
967 604 1027 626 ante
1047 596 1128 625 finem
1144 596 1241 626 decimi
1260 597 1329 626 sexti
1342 596 1431 625 saeculi
1457 595 1550 624 Latine
1567 605 1630 624 cusa
1643 595 1699 624 Ba-

144 648 215 676 silcae
238 647 366 685 primum,
388 645 483 674 deinde
504 645 615 674 Lutetiae
639 654 708 673 anno
728 644 800 674 1581
817 667 825 681 ‚
851 645 975 684 leguntur
995 654 1056 683 pag.
1078 644 1156 672 1118
1179 644 1301 672 homilice
1322 644 1423 682 aliquot
1441 642 1626 682 Chrysostomi
1648 652 1699 670 no-

142 694 224 729 mine,
241 693 327 732 primo
350 693 377 721 in
392 693 420 721 S.
431 692 516 721 Marci
529 714 536 727 ,
559 699 583 720 et
597 698 686 730 postea
701 692 727 720 in
744 692 774 721 S.
798 693 876 720 Lucre
903 691 1089 730 Evangelium.
1104 692 1207 720 Verum
1221 691 1258 726 is,
1272 691 1318 730 qui
1331 691 1400 719 hanc
1421 690 1564 719 editionem
1583 689 1698 721 curavit,

140 748 200 769 ante
219 741 324 769 initium
348 739 521 768 homiliarum
537 739 626 778 posuit
643 752 648 767 :
666 740 805 768 Homiliae
826 739 939 778 aliquot
952 742 983 767 in
1000 739 1193 778 Evangelium
1207 739 1313 771 ΑΙαη-ί,
1337 744 1455 766 auctore
1469 738 1586 766 Joanne
1602 737 1698 772 Chry-

139 794 276 822 soslomo,
292 789 317 815 si
341 786 424 815 modo
445 786 595 823 inscriptio
621 796 680 813 non
701 788 840 814 mentitur
861 793 1020 814 auctorem,
1035 786 1157 823 Vereque
1183 784 1300 823 indignae
1314 791 1375 813 sunt
1389 784 1429 812 hee
1454 783 1574 812 homiliae
1589 793 1648 821 quae
1667 782 1695 810 in

139 834 227 862 lucem
242 834 328 862 denuo
341 834 517 873 proferantur.
531 833 713 868 Quamobrem
728 833 823 861 Savilii
841 839 866 861 et
883 832 1025 861 Frontonis
1042 832 1135 860 Ducaei
1153 832 1307 872 exemplum
1325 831 1450 869 sequuti,
1465 831 1525 859 illas
1538 828 1696 858 omittendas

140 891 195 909 esse
205 880 343 909 duximus.

178 927 304 956 Libenter
315 926 475 955 crediderim
495 927 608 956 Suidam
629 926 689 955 ideo
710 926 907 954 commentaria
924 925 1109 964 Chrysostomi
1132 925 1158 953 in
1183 926 1307 953 Marcum
1331 932 1357 953 et
1378 925 1479 953 Lucam
1496 922 1695 958 memoravisse,

139 974 202 1012 quia
217 975 244 1002 in
262 974 368 1003 Catenis
383 974 409 1001 in
426 975 548 1002 Marcum
565 981 590 1002 et
607 974 707 1001 Lucam
723 973 909 1012 Chrysostomi
928 974 1046 1001 maxime
1060 973 1128 1009 loca,
1145 982 1178 1001 ex
1193 972 1275 1001 variis
1288 973 1345 1011 ejus
1359 972 1485 1011 operibus
1500 970 1609 999 collecta
1627 969 1697 997 affe-

138 1028 244 1057 runtur,
262 1028 291 1049 ut
305 1020 396 1049 videre
411 1027 449 1048 cst
464 1021 490 1048 in
505 1019 661 1059 hujusmodi
676 1020 781 1048 Catenis
796 1019 822 1047 in
838 1019 1004 1048 Bibliotheca
1021 1019 1185 1048 Coisliniana
1199 1029 1214 1047 a
1228 1019 1306 1047 nobis
1318 1028 1380 1047 cusa
1394 1029 1420 1057 p.
1436 1018 1495 1047 948
1505 1024 1530 1046 et
1545 1018 1611 1046 951.
1622 1017 1697 1044 Nun-

138 1068 232 1096 tiatum
247 1068 313 1096 mihi
327 1068 379 1096 fuit
393 1068 420 1096 in
434 1068 578 1096 Moscoviae
593 1067 684 1096 Czaris
696 1078 741 1095 seu
757 1067 868 1096 Caesaris
880 1067 1054 1096 Bibliotheca
1066 1066 1159 1095 haberi
1174 1066 1370 1095 commentaria
1385 1066 1411 1094 in
1422 1068 1544 1094 Marcum
1555 1070 1581 1093 et
1594 1064 1695 1092 Lucam

137 1114 324 1154 Chrysostomi
339 1115 445 1144 nomine
458 1127 463 1142 :
475 1125 569 1144 verum
581 1137 588 1150 ,
600 1122 629 1143 ut
640 1115 697 1153 jam
712 1114 786 1151 dixi,
801 1114 864 1153 quia
880 1114 906 1143 in
922 1115 1030 1143 Catenis
1044 1115 1071 1143 in
1087 1116 1211 1143 Marcum
1223 1120 1248 1142 et
1262 1114 1363 1142 Lucam
1379 1112 1564 1151 Chrysostomi
1578 1110 1696 1140 maxime

136 1161 203 1198 loca,
219 1173 253 1192 ex
266 1162 349 1191 variis
363 1163 420 1201 ejus
434 1163 560 1202 operibus
574 1162 685 1191 collecta
699 1169 868 1201 comparent,
882 1162 1029 1191 verisimile
1046 1169 1083 1191 est
1094 1161 1156 1190 inde
1169 1168 1259 1190 ortum
1279 1168 1395 1189 erratum
1406 1160 1496 1189 fuisse.

174 1208 206 1236 In
225 1209 318 1236 Diario
329 1208 448 1246 quodam
467 1208 586 1247 ejusdem
602 1208 782 1237 Moscoviticae
807 1208 980 1237 Bibliothecae
1002 1207 1248 1246 Manuscriptorum
1262 1206 1437 1235 brevissimus
1455 1204 1600 1242 Catalogus
1613 1203 1695 1232 affer-

134 1261 198 1291 tur3
214 1255 335 1294 interque
346 1255 399 1284 alia
414 1256 545 1284 habentur
559 1255 755 1295 Commentaria
770 1256 800 1284 S.
811 1255 922 1285 Joannis
942 1255 1130 1294 Chrysostomi
1150 1255 1178 1283 in
1193 1254 1339 1283 Proverbia
1354 1252 1503 1282 Salomonis
1519 1273 1526 1288 ‚
1541 1261 1601 1289 quae
1625 1260 1693 1279 nus-

133 1312 214 1339 quam
228 1302 293 1330 alibi
312 1310 456 1332 memorata
473 1303 661 1341 comperimus.
680 1303 861 1339 Quamobrem
876 1303 1028 1342 putaverim
1043 1313 1099 1331 esse
1113 1304 1242 1331 Catenam
1267 1302 1294 1330 in
1312 1302 1429 1331 Librum
1457 1298 1665 1328 proverbiorum
1680 1320 1690 1335 ,

133 1360 192 1388 quae
207 1351 324 1379 fortassis
336 1361 350 1378 a
369 1351 486 1388 quodam
499 1351 608 1381 ,Ioannis
623 1351 809 1390 Chrysostomi
828 1352 885 1380 loco
902 1351 1011 1379 initium
1024 1351 1114 1380 ducat.
1133 1352 1171 1379 Ut
1196 1358 1225 1379 ut
1239 1361 1280 1378 res
1301 1357 1357 1385 est,
1374 1349 1449 1378 nulla
1471 1357 1614 1388 possumus
1635 1353 1692 1375 arte

134 1396 244 1425 Codices
262 1398 289 1425 in
303 1404 420 1426 extrema
435 1398 550 1437 Europae
570 1405 643 1437 parte
661 1399 724 1426 sitos
745 1398 788 1426 vel
808 1405 898 1426 nostra
916 1398 959 1426 vel
974 1399 1122 1427 amicorum
1137 1408 1217 1437 opera
1232 1398 1357 1431 lustrare,
1378 1397 1516 1433 multoque
1536 1394 1625 1422 minus
1641 1403 1692 1422 ex·-

133 1444 256 1473 scribere.
272 1445 434 1484 Hujusmodi
449 1447 546 1474 Catena
558 1445 584 1473 in
598 1445 741 1474 Proverbia
755 1445 869 1474 habetur
885 1446 966 1474 etiam
983 1445 1010 1474 in
1026 1445 1193 1474 Bibliotheca
1213 1452 1303 1474 nostra
1327 1443 1501 1478 Coisliniana,
1515 1447 1693 1470 memoratur—

133 1502 185 1530 que
198 1491 226 1520 in
241 1491 312 1520 edito
326 1503 354 1531 p.
372 1493 430 1522 0247
449 1503 455 1518 :
472 1491 520 1519 ubi
544 1491 624 1520 etiam
639 1492 825 1531 Chrysostomi
841 1492 898 1520 loca
912 1503 947 1520 ex
970 1492 1052 1520 variis
1072 1493 1129 1530 ejus
1143 1492 1271 1531 operibus
1288 1498 1411 1530 excerpta
1425 1490 1560 1528 leguntur.

180 1538 258 1576 [Alia
275 1539 399 1576 quaedam
413 1539 463 1567 sub
476 1538 664 1578 Chrysostomi
680 1538 786 1567 nomine
801 1545 917 1568 recenset
932 1539 1098 1568 Guillelmus
1112 1538 1307 1577 Pastrengicus,
1323 1538 1392 1566 infra
1405 1549 1432 1576 p·
1450 1538 1502 1565 affl
1516 1535 1598 1574 hujus
1611 1534 1693 1563 volu-

137 1586 222 1614 minio
236 1596 250 1614 a
265 1586 361 1615 Montf.
378 1585 528 1624 exscriptus
544 1597 549 1612 :
567 1585 610 1613 ubi
626 1585 673 1623 qui
688 1592 850 1614 memoratur
864 1586 933 1614 liber
942 1586 1128 1625 Chrysostomi
1145 1592 1237 1614 contra
1252 1585 1444 1625 Apollinarem,
1461 1584 1517 1623 ejus
1533 1582 1692 1611 mentionem

133 1633 196 1661 facit
208 1632 288 1661 etiam
300 1632 454 1661 Hierontius
467 1632 729 1672 Hierosolymitanus
742 1633 769 1661 in
780 1635 847 1671 Ang.
860 1633 927 1661 Maii
940 1634 1016 1663 Nova
1029 1633 1189 1662 Collectione
1201 1633 1369 1673 Scriptorum
1379 1639 1499 1662 veterum
1511 1637 1531 1661 t.
1547 1630 1575 1667 8,
1585 1641 1612 1669 p.
1625 1631 1695 1665 129,

133 1679 182 1708 col.
193 1682 223 1717 Ξ,
238 1680 334 1716 citans,
349 1683 393 1708 τοῦ
409 1680 595 1718 Χρυσοστόμου
610 1680 677 1708 κατὰ
694 1681 954 1719 Ἀπολλιναριπῶν]

173 1728 261 1766 Supra
287 1727 425 1755 memorati
437 1727 517 1755 diarii
529 1727 680 1766 scriptores,
694 1728 796 1766 stylum
812 1738 860 1766 pro
876 1738 949 1756 more
962 1739 1010 1756 suo
1029 1735 1119 1756 contra
1133 1738 1179 1756 nos
1198 1733 1339 1763 vertentes,
1356 1726 1450 1754 dicunt
1461 1735 1518 1759 nos,
1532 1731 1562 1753 ut
1571 1725 1694 1753 subscri-

131 1779 227 1810 ptores
241 1771 407 1800 alliceremus
421 1794 428 1806 ‚
450 1772 579 1800 nimirum
596 1783 639 1800 eos
655 1772 701 1810 qui
718 1779 861 1810 antequam
875 1784 968 1802 cusum
995 1774 1089 1802 suisset
1114 1784 1193 1813 opus,
1219 1779 1323 1813 partem
1339 1771 1417 1811 pretii
1437 1771 1588 1807 solverent,
1603 1770 1693 1799 homi-

134 1819 185 1847 lias
197 1819 307 1858 triginta
321 1826 346 1847 et
361 1829 441 1847 unam
454 1819 481 1848 in
505 1819 624 1847 Psalmos
639 1820 794 1858 promisisse
814 1820 944 1859 egregias,
962 1832 1021 1859 quse
1041 1828 1130 1860 postca
1146 1821 1248 1850 nullius
1264 1819 1343 1860 pretii
1368 1819 1431 1848 visae
1444 1825 1516 1847 sunt.

171 1867 249 1894 Falso
264 1873 334 1894 certe
355 1866 448 1894 dicunt
474 1877 520 1894 nos
546 1868 771 1905 subscriptorum
798 1867 1004 1896 alliciendorum
1019 1879 1098 1896 causa
1111 1868 1172 1896 illas
1184 1867 1294 1906 triginta
1308 1874 1333 1895 et
1348 1877 1429 1894 unam
1453 1865 1580 1893 homilias
1601 1864 1692 1903 magni

132 1913 224 1941 fecisse
239 1913 265 1941 in
280 1913 438 1941 Praesaiione
452 1913 533 1941 Tomi
544 1914 568 1949 I,
587 1920 614 1941 ut
628 1920 690 1942 tunc
704 1920 806 1952 partem
823 1915 900 1954 pretii
915 1915 1106 1954 acciperemus,
1120 1922 1148 1942 ut
1161 1915 1188 1942 in
1200 1914 1458 1953 subscriptionibus
1467 1912 1525 1941 fieri
1537 1911 1612 1940 solet.
1624 1911 1693 1941 Nul-

134 1961 189 1988 lum
200 1960 269 1988 euim
286 1970 332 1988 1105
345 1962 568 1998 subscriptorem
580 1960 750 1998 admisimus,
765 1961 810 1990 sed
826 1968 911 1991 tomos
925 1963 1054 2001 singulos,
1072 1973 1135 1990 cum
1146 1968 1308 2001 prostarent,
1320 1962 1394 2000 justo
1407 1960 1492 2000 pretio
1505 1958 1686 1989 vendidimus.

133 2006 291 2045 Bibliopolae
305 2013 391 2034 tamen
406 2007 487 2035 nostri
502 2008 759 2045 subscriptionibus
773 2008 813 2036 usi
827 2015 898 2037 sunt.

172 2053 253 2088 Quod
265 2060 364 2093 spectat
385 2060 473 2082 autem
494 2054 527 2082 ad
550 2055 674 2083 homilias
688 2055 747 2083 illas
763 2055 789 2083 111
804 2056 922 2084 Psalmos
936 2066 1046 2084 numero
1059 2057 1106 2090 51,
1123 2066 1218 2084 verum
1234 2054 1343 2093 quidem
1369 2060 1406 2083 est
1418 2060 1581 2093 postquama
1596 2052 1693 2081 claris-

133 2102 199 2129 simo
218 2101 424 2138 doctissimoque
447 2103 549 2130 Joanne
570 2102 675 2130 Pottcro
687 2124 694 2137 ‚
717 2109 779 2131 tunc
806 2103 929 2142 episcopo
955 2103 1103 2132 Oxouiensi
1118 2126 1125 2139 ‚
1140 2110 1245 2142 partem
1269 2102 1377 2130 illarum
1392 2111 1545 2140 acceperam
1560 2111 1622 2136 ,me
1633 2100 1694 2129 illas

132 2149 222 2177 statim
243 2149 332 2187 magni
355 2149 456 2184 fecisse,
481 2150 629 2188 praesertim
643 2151 704 2188 quia
722 2151 825 2189 Aquilae
838 2173 846 2188 ,
861 2152 1019 2191 Symmachi
1034 2159 1060 2180 et
1075 2150 1268 2180 Theodotiom's
1283 2150 1407 2178 lectiones
1431 2149 1458 2177 in
1472 2149 1527 2177 illis
1541 2149 1694 2187 frequenter

132 2195 305 2224 occurrebant
321 2208 327 2230 ;
341 2195 388 2223 sed
404 2206 465 2223 cum
478 2196 537 2224 illas
552 2196 577 2224 in
597 2197 723 2225 Latinum
737 2204 838 2226 vertere
857 2198 935 2236 coepi‚
950 2197 1135 2237 Chrysostomi
1151 2207 1202 2226 non
1218 2207 1273 2225 esse
1285 2195 1412 2235 comperi,
1426 2202 1450 2224 et
1465 2205 1562 2224 norem
1577 2195 1694 2229 ultimas,

134 2242 250 2280 Aquilae,
262 2241 419 2281 Symmachi
444 2249 469 2270 et
483 2242 677 2271 'theodotionis
694 2243 854 2272 lectionibus
868 2255 977 2281 vacuas,
1002 2251 1030 2272 ut
1047 2244 1105 2272 luce
1119 2243 1243 2282 indignas
1269 2241 1435 2283 praetermisi,
1457 2252 1490 2270 ne
1510 2241 1635 2280 quintum
1657 2241 1694 2269 il—

134 2288 189 2317 lum
201 2289 327 2323 Tomum,
345 2288 391 2326 qui
401 2289 457 2327 jam
469 2289 567 2327 spuriis
582 2289 609 2317 in
625 2289 743 2318 Psalmos
759 2290 877 2319 homiliis
893 2297 987 2319 auctus
1001 2298 1068 2325 erat,
1082 2297 1119 2319 tot
1131 2289 1274 2318 inutilibus
1288 2288 1422 2317 mercibus
1436 2288 1613 2316 cumularem.

173 2336 244 2370 Quot
258 2343 334 2364 aucta
350 2335 420 2363 veris
434 2343 459 2364 et
473 2336 607 2373 germanis
617 2337 743 2375 operibus
758 2338 813 2366 hzec
828 2337 909 2366 editio
924 2338 1014 2372 fuerit,
1028 2339 1086 2378 jam
1096 2348 1175 2376 supra
1192 2336 1323 2365 diximus.
1336 2335 1379 2364 Ad
1388 2335 1445 2364 haec
1459 2346 1522 2364 vero
1533 2335 1659 2364 homilias
1670 2343 1696 2365 et

133 2392 264 2410 sermones
275 2391 317 2409 om
323 2391 366 2409 ncs
377 2391 425 2409 suo
435 2380 529 2408 ordine
545 2381 720 2409 restituimus.
734 2382 802 2410 Nam
815 2383 840 2410 iu
853 2383 990 2412 Saviliana
1001 2390 1025 2411 et
1033 2382 1210 2412 Frontoniana
1220 2381 1394 2411 Editionibus
1405 2381 1524 2410 homilia}
1537 2381 1695 2421 plerumque

133 2429 271 2465 permixtae
282 2435 365 2456 crant:
379 2438 425 2456 nec
437 2427 493 2456 sine
504 2427 596 2456 labore
608 2428 641 2456 ad
654 2429 771 2467 priscum
784 2436 808 2458 et
820 2430 940 2459 nativum
952 2430 1076 2459 ordinem
1088 2429 1205 2459 reductae
1222 2430 1311 2458 suere:
1327 2440 1386 2467 quae
1402 2439 1442 2457 res
1456 2435 1555 2467 quanto
1568 2429 1595 2457 in
1609 2430 1694 2468 pretio

132 2474 252 2503 habenda
268 2475 316 2510 sit,
336 2474 427 2503 videre
443 2476 527 2512 possis
542 2475 568 2503 in
584 2475 695 2503 Munitis
714 2475 750 2504 ad
770 2476 893 2505 homilias
913 2477 938 2505 in
955 2477 1124 2516 Principium
1147 2479 1275 2505 Actorum
1292 2483 1317 2504 et
1333 2475 1367 2504 de
1388 2475 1538 2504 Mutatione
1552 2475 1691 2504 nominum

134 2523 219 2550 'l'omo
236 2522 321 2550 tertio.
350 2522 453 2550 alonim
471 2529 531 2550 ante
545 2522 670 2551 homilias
684 2530 709 2551 ct
722 2523 774 2551 alia
789 2534 867 2562 opera
883 2524 1038 2563 posuimus,
1051 2525 1076 2553 111
1091 2524 1191 2563 quibus
1205 2524 1238 2552 de
1250 2531 1367 2562 tempore
1383 2533 1435 2561 quo
1449 2522 1540 2551 habita
1555 2529 1616 2551 sunt
1629 2522 1690 2551 dis-

132 2569 242 2597 serimus
255 2576 277 2595 ct
293 2568 326 2596 de
342 2568 401 2596 aliis
416 2568 448 2596 ‹nl
462 2568 552 2597 cadem
570 2569 762 2607 pcrtinentibus
778 2577 930 2599 tractamus.
953 2571 1093 2599 versiones
1104 2571 1210 2599 Latinas
1223 2581 1304 2599 novas
1312 2569 1436 2598 dedimus
1447 2591 1453 2603 ‚
1470 2568 1579 2607 quando
1591 2568 1690 2608 priores

134 2617 173 2645 ‘scl
190 2627 239 2644 nun
254 2624 373 2644 accurate
387 2617 546 2645 «mmmmm
563 2618 681 2652 fuer-int,
702 2618 741 2646 tel
759 2619 931 2657 paraphrasin
946 2620 1096 2657 sapiebant:
1111 2619 1176 2646 alias
1193 2630 1253 2646 roro
1267 2617 1357 2646 mulii<
1371 2628 1439 2655 serpe
1453 2617 1477 2645 in
1496 2616 1559 2643 locis
1574 2615 1685 2654 castiga-
