1910 2907
6 270 77 285 onom.
88 262 105 285 1.

5 302 22 315 :.
40 298 75 315 ιζ).

652 195 741 218 NUNC
768 193 899 217 PRIMUM
925 194 1123 219 ADORNATA.
1587 197 1647 231 171

160 257 243 288 Addit
255 257 415 287 sozomenus
429 259 601 288 Ammonium
615 265 776 296 eaeterosque
790 257 858 285 Fra-

119 309 171 331 tres
190 303 295 342 Longos
314 304 500 343 Epiphanium
521 305 635 340 adiisse,
655 315 686 332 ac
705 302 859 342 quaesivisse

118 349 152 377 ab
165 349 211 377 illo
221 349 287 387 quid
299 361 385 379 causae
397 358 463 379 esset
475 361 522 379 cur
537 351 608 390 ipsos
620 358 646 378 nt
663 349 801 378 haereticos
811 348 858 376 ha-

117 393 206 431 heret3
226 405 287 424 cum
302 396 483 435 respondisset
496 396 668 436 Epiphanius
683 407 709 424 50
723 395 751 423 111
765 395 858 423 auditu

116 441 247 480 accepisse
260 464 267 477 ‚
290 443 464 471 Ammonium
481 454 510 472 ea
534 443 561 471 in
578 443 758 471 defensionem
782 452 859 469 suam

115 487 271 525 protulisse,
288 499 346 526 quae
367 489 455 529 ipsum
477 490 604 518 leniorem
626 488 811 522 reddiderint,
828 499 858 516 ac

115 532 191 562 brevi
205 541 294 573 postea
311 537 433 575 Cyprum
454 536 592 575 navigasse
602 558 609 571 ‚
625 536 683 564 sire
697 534 769 572 quod
784 535 858 562 Con-

113 581 356 620 stantinopolitanae
380 582 552 621 profectionis
580 582 669 621 ipsum
699 580 855 620 poeniteret,

113 625 170 654 sive
187 626 258 664 quod
274 627 346 656 Deus
366 635 479 656 mortem
493 639 569 656 suam
583 628 658 656 brevi
675 628 793 656 suturam
806 626 857 665 ipsi

113 672 328 710 przrnuntiasset.
351 673 419 702 Cum
443 681 533 702 autem
558 674 649 702 navim
665 683 857 702 conscensurus

113 724 191 753 esset,
205 719 350 758 episcopis,
365 720 411 757 qui
429 720 516 759 ipsum
531 720 564 749 ad
578 720 653 748 littus
667 729 749 757 usque
763 728 856 757 prose—

113 763 191 800 quuti
213 765 332 800 fuerant,
350 765 451 794 dixisse
473 767 580 795 fertur:
605 766 707 794 Urbem
730 764 807 793 vobis
831 771 856 792 et

115 808 250 838 Palatium
266 818 290 839 et
306 821 411 840 scenam
425 812 547 850 relinquo
560 825 565 840 :
578 819 667 850 atque,
684 818 713 840 ut
726 810 855 847 diximus,

113 862 256 894 antequam
269 857 390 896 Cyprum
405 858 563 895 advenisset,
575 865 696 886 mortuus
707 864 754 886 est.

153 903 217 931 Post
232 903 380 942 Epiphanii
396 903 552 940 discessum,
568 903 679 942 contigit
694 911 723 930 ut
742 903 855 932 Joannes

95 975 101 981 ,
114 958 164 987 pro
179 958 253 976 more
267 959 315 977 suo
336 949 512 986 concionans,
532 957 623 978 contra
644 949 767 977 mulieres
784 948 855 976 mul-

114 1001 140 1022 ta
155 994 345 1033 profunderet:
366 1002 392 1023 et
410 1006 474 1024 vero
496 1006 567 1034 saepe
591 995 670 1023 illum
692 994 812 1022 vidimus
828 994 854 1022 in

113 1040 288 1069 concionibus
303 1040 449 1069 mulierum
463 1041 574 1075 luxum,
591 1041 688 1069 fastum
710 1047 855 1078 caeteraque

82 1100 86 1103 ·
111 1086 176 1115 vitia
195 1086 375 1115 insectantem.
392 1087 546 1116 Orationem
564 1087 599 1115 ita
615 1087 713 1125 vulgus
727 1087 851 1126 excepit,

79 1132 82 1135 ”
111 1142 142 1160 30
158 1132 180 1160 51
200 1134 350 1170 Augustam
373 1132 419 1161 ille
438 1133 637 1172 perstringeret.
657 1134 735 1161 Tunc
751 1132 787 1169 ii,
808 1133 854 1170 qui

113 1179 304 1218 Chrysostomo
330 1179 425 1208 infensi
449 1187 540 1216 erant,
564 1191 619 1209 rem
647 1180 683 1208 ad
706 1183 854 1218 Augustam

111 1225 239 1255 referunt.
252 1225 303 1253 Illa
316 1225 389 1264 apud
398 1227 588 1264 Imperatorem
603 1233 757 1264 conquesta,
766 1226 854 1254 Theo-

112 1269 218 1308 philum
247 1281 341 1308 urgere
363 1272 442 1310 coepit
465 1277 494 1298 ut
520 1271 722 1310 quamprimum
753 1272 854 1300 veniret

111 1323 137 1344 et
158 1315 301 1355 Synodum
323 1324 505 1356 congregaret,
523 1317 555 1346 ld
575 1318 672 1356 negotii
688 1317 767 1345 etiam
786 1329 854 1357 pro-

111 1362 237 1390 movebat
252 1363 412 1392 Severianus
427 1364 586 1393 Gabalensis
597 1388 604 1402 ‚
621 1364 666 1402 qui
684 1374 744 1392 cum
760 1364 853 1403 Chry—

111 1415 227 1436 sostomo
244 1408 368 1437 simulate
382 1410 569 1438 reconciliatus
584 1410 686 1437 nullam
703 1410 854 1448 negligebat

110 1453 163 1493 ipsi
176 1454 286 1482 nocendi
304 1455 477 1483 occasionem.
495 1455 579 1484 Erant
591 1456 637 1483 alii
652 1455 731 1484 multi
745 1467 778 1484 ex
792 1456 852 1484 Cle-

110 1510 141 1528 ro
160 1510 221 1538 erga
244 1502 372 1530 Joannem
389 1501 458 1530 male
482 1501 570 1530 affecti
582 1524 591 1536 ‚
606 1508 635 1530 ut
658 1502 775 1530 vidimus
788 1525 795 1539 ,
807 1502 854 1541 qui

111 1546 184 1585 apud
209 1546 394 1586 Theophilum
417 1547 562 1581 instabant,
579 1555 607 1576 ut
623 1548 780 1586 quamocius
801 1559 853 1577 ve-

93 1594 188 1627 ¹niret.
202 1595 262 1633 Ipse
278 1605 340 1623 vero
356 1595 463 1624 tandem
478 1596 612 1635 profectus
626 1603 674 1630 cst,
693 1602 717 1624 et
733 1606 794 1624 cum
812 1597 855 1635 ju-

68 1653 73 1658 ·
110 1640 188 1669 bente
198 1642 364 1680 Imperatore
375 1642 448 1671 solus
460 1642 550 1671 venire
560 1642 704 1678 debuisset,
715 1653 774 1671 cum
786 1643 854 1672 mul-

110 1687 144 1715 tis
156 1694 242 1715 tamen
255 1688 315 1716 aliis
329 1689 459 1728 episeopis
474 1690 548 1717 venit
558 1711 565 1725 ‚
581 1696 606 1717 et
625 1688 727 1717 dixisse
745 1689 829 1717 fertur
843 1700 850 1718 :

109 1733 142 1761 In
154 1734 316 1762 Comitatum
330 1735 501 1773 proficiscor,
516 1742 546 1764 ut
561 1736 690 1765 ι1031111011]
711 1735 852 1775 deponam.

111 1780 202 1816 Quam
220 1791 275 1809 rem
288 1781 314 1808 in
331 1781 415 1820 Lycia
430 1792 535 1820 quoque
555 1782 676 1821 repetii13
691 1792 752 1810 nam
771 1783 853 1822 pede-

109 1826 159 1855 stri
173 1826 268 1855 itinere
285 1827 480 1856 Chalcedonem
496 1828 585 1864 venit,
602 1828 746 1867 AEgyptios
764 1835 851 1857 autem

110 1871 248 1911 episcopos
261 1873 510 1912 Constantinopolin
532 1874 755 1913 navigat-ejussit.
769 1875 852 1903 Chal-

111 1917 238 1946 cedonem
255 1925 344 1947 autem
359 1929 421 1947 cum
441 1920 570 1954 venisset,
587 1931 616 1948 eo
636 1931 663 1948 se
683 1920 853 1949 contulerunt

110 1964 191 1992 etiam
203 1963 250 1992 alii
262 1964 390 2004 episcopi,
400 1972 458 1993 turn
468 1976 482 1993 a
491 1965 643 2004 Theophilo
653 1972 709 1994 tum
721 1966 754 1994 ab
763 1967 851 2006 Impe-

92 2028 98 2034 ·
110 2016 198 2038 ratore
218 2010 297 2038 acciti
312 2021 318 2036 :
335 2020 429 2039 venere
453 2022 558 2049 quoque
574 2011 707 2051 AEgyptii.
730 2013 852 2050 Cumque

113 2055 232 2083 universi
248 2055 330 2084 simul
345 2057 540 2091 convenissent,
555 2057 621 2086 inter
631 2067 657 2085 se
666 2058 852 2088 consultabant

112 2110 164 2138 qua
173 2100 345 2140 rationeipsis
358 2109 466 2130 conatus
474 2102 603 2131 adversus
611 2104 739 2132 Joannem
748 2114 782 2132 ex
791 2111 852 2133 roto

113 2147 270 2176 succederet.
285 2147 351 2176 Erat
362 2155 425 2177 tunc
435 2149 574 2189 episcopus
587 2149 762 2178 Chalcedonis
772 2151 852 2190 Cyri-

112 2203 172 2227 nus,
183 2204 276 2232 genere
291 2194 446 2234 AEgypfius,
462 2196 508 2234 qui
521 2196 606 2224 multa
621 2203 710 2224 contra
722 2198 851 2226 Joannem

112 2237 303 2274 deblaim-ahai,
313 2240 427 2280 impium
438 2241 516 2270 illum
526 2252 636 2278 vocans,
646 2250 813 2282 arrogantem
827 2250 852 2272 et

111 2284 304 2314 inexorabilem
314 2308 323 2323 ,
339 2297 394 2315 rem
408 2295 511 2326 gratam
532 2288 630 2317 faciens
644 2289 705 2317 aliis
721 2289 851 2329 episcopis

112 2331 223 2360 Joannis
255 2332 382 2362 inimicis.
407 2334 463 2364 Sed
485 2335 625 2364 Maruthas
651 2337 851 2374 Mesopotamiae

111 2377 270 2416 episcopm,
289 2378 356 2407 forte
376 2378 547 2418 imprudens,
564 2381 659 2420 pedem
678 2382 774 2420 Cyrini
795 2382 852 2410 cal-

111 2423 192 2451 cavit.
210 2423 260 2451 1110
278 2433 308 2451 00
325 2423 437 2452 vulnere
454 2426 570 2463 graviter
585 2427 703 2459 affectus,
717 2428 850 2456 Constan-

111 2468 241 2508 tinopolin
263 2479 324 2497 cum
342 2469 452 2508 reliquis
470 2471 601 2511 episcopis
616 2472 785 2501 transfretare
798 2483 850 2501 non

111 2515 216 2553 potuit;
232 2514 277 2543 sed
296 2515 353 2554 ipse
376 2517 473 2544 mansit
488 2517 670 2555 Chalcedone,
684 2519 771 2547 caeteri
786 2529 849 2547 vero

113 2561 360 2601 Constantinopolin
382 2563 550 2601 trajecerunt.
566 2563 624 2592 Etsi
641 2575 721 2604 porro
741 2575 773 2593 ex
792 2566 849 2594 cle-

113 2607 176 2637 ricis
190 2608 488 2648 Constantinopolitanis
507 2610 584 2639 multi
602 2618 676 2640 erant
691 2612 791 2642 Joanni
811 2612 856 2642 in-

909 257 987 292 fensi,
1001 258 1074 296 quod
1090 257 1154 287 vitia
1175 267 1269 286 eorum
1282 256 1453 295 redargueret
1468 264 1493 286 et
1513 258 1655 287 emendare

910 310 1053 341 satageret3
1064 304 1154 333 nullus
1165 310 1252 332 tamen
1264 314 1278 332 e
1290 303 1366 332 Clero
1381 303 1488 331 obviam
1501 304 1654 343 Theophilo

910 350 995 384 venit,
1012 360 1096 388 neque
1117 350 1242 378 bonorem
1265 356 1420 378 consuetum
1437 349 1486 388 ipsi
1502 350 1628 378 exhibuit
1644 362 1652 388 ;

910 395 999 434 palum
1015 396 1084 424 enim
1099 397 1210 425 ,loannis
1221 396 1347 424 inimicus
1359 396 1568 434 agnoscebatur:
1586 395 1657 424 unde

910 441 1027 470 fortassis
1039 443 1138 475 evenit,
1155 443 1242 481 utqui
1263 443 1336 481 paria
1357 452 1417 470 cum
1433 442 1479 470 illo
1494 443 1653 477 sentiebant,

912 498 962 515 non
977 488 1104 516 auderent
1124 499 1212 516 coram
1228 489 1326 527 populo
1340 510 1346 521 ,
1367 498 1428 526 erga
1449 495 1568 516 sanctum
1585 499 1656 526 [1131-

915 533 999 561 51110111
1022 535 1122 573 optime
1145 534 1259 570 affecto,
1276 533 1396 573 concepti
1420 533 1550 562 adversus
1577 534 1656 562 illum

913 581 968 609 odii
996 582 1072 620 signa
1105 581 1179 610 dare.
1206 583 1310 612 Verum
1340 589 1427 610 nautae
1455 581 1653 617 Alexandrini,

913 637 1028 664 quorum
1045 628 1225 656 frumentariae
1240 638 1320 655 naves
1335 628 1402 656 sorte
1419 627 1543 664 aderant,
1560 627 1655 656 faustis

912 672 991 700 illum
1005 673 1242 701 acclamationibus
1252 683 1390 712 excepere.

954 717 1124 757 Theophilus
1145 728 1226 756 ergo,
1243 719 1288 756 qui
1304 729 1369 746 auro
1389 725 1413 747 et
1437 719 1561 757 pretiosis
1576 719 1654 747 rebus
1691 724 1808 753 Theophi-

913 764 1080 803 AEgyptiacis
1095 771 1120 792 et
1137 764 1237 793 Indicis
1254 771 1365 792 onustus
1382 764 1522 799 veniebat,
1541 771 1570 792 ut
1585 765 1654 793 ami-
1665 756 1807 816 ἒῗῖῃῖζζζυῠ-

912 820 956 838 005
978 809 1030 838 sibi
1051 817 1168 849 pararet,
1184 810 1433 849 Constantinopolin
1455 810 1590 848 ingressus
1616 818 1653 839 est
1666 818 1696 838 ltu
1710 820 1778 840 uenit.

912 866 1000 884 mense
1018 855 1123 884 circiter
1146 856 1236 885 Junio.
1262 856 1389 884 Hortatus
1413 864 1451 885 est
1474 857 1551 885 illum
1572 859 1655 887 ,111311-

911 912 968 936 nes,
985 907 1014 929 ut
1026 901 1098 941 apud
1113 912 1140 930 se
1153 901 1336 930 diversaretur
1347 913 1408 930 011111
1420 902 1487 939 suis,
1501 903 1527 931 in
1539 902 1655 932 domici·
1672 904 1770 949 .s1’²⁴¹!³d'
1783 912 1806 933 P*

912 948 978 976 lium
996 958 1091 987 nempe
1112 955 1272 987 apparatum
1298 955 1323 976 et
1349 949 1503 977 necessariis
1529 949 1655 978 omnibus
1666 935 1759 996 ⁰⁴6⁰}
1779 984 1785 987 ς

911 994 1081 1023 instructum.
1097 994 1195 1022 Rennit
1214 994 1274 1030 ille,
1291 1001 1316 1022 et
1338 1005 1370 1022 ne
1391 994 1416 1022 in
1432 995 1568 1023 ecelesiam
1590 995 1654 1033 qui-
1666 1008 1690 1028 ad
1704 981 1808 1028 1:¹35&

910 1040 971 1069 dem
992 1040 1098 1079 ingredi
1122 1040 1223 1075 voluit;
1238 1040 1285 1069 sed
1305 1040 1332 1068 in
1356 1040 1501 1078 quamdam
1525 1041 1655 1078 Imperia·
1666 1038 1806 1066 3.p.516.l›.

910 1087 964 1115 lem
978 1086 1091 1115 domum
1105 1087 1226 1121 divertit,
1243 1097 1300 1124 quae
1320 1086 1475 1115 placidiana
1495 1087 1654 1126 appellaba-

911 1141 972 1162 tur:
988 1133 1042 1162 imo
1063 1134 1194 1162 Joannem
1210 1143 1357 1170 numquam
1380 1132 1472 1161 videre
1492 1133 1534 1161 vel
1555 1132 1655 1170 alloqui

911 1179 1008 1208 voluit.
1034 1180 1112 1219 Szrpe
1140 1179 1220 1207 illum
1243 1180 1358 1208 Joannes
1379 1179 1467 1217 rogari
1494 1179 1598 1207 curavit
1621 1190 1654 1207 an

911 1224 976 1263 quid
1001 1225 1105 1253 fecisset
1127 1225 1184 1264 ipse
1201 1247 1208 1260 ‚
1237 1223 1310 1262 quod
1326 1224 1365 1252 1111
1389 1224 1542 1264 displiceret
1556 1247 1562 1259 ,
1577 1236 1606 1253 50
1621 1224 1656 1253 ad

911 1271 1000 1298 omnia
1016 1269 1182 1298 emendanda
1202 1277 1325 1309 paratum
1343 1281 1399 1298 esse
1418 1281 1591 1307 3550101305,
1608 1271 1655 1299 sed

911 1316 1010 1345 obnixe
1025 1316 1188 1356 supplicanti
1204 1327 1235 1344 ne
1250 1315 1409 1355 respondere
1424 1316 1532 1354 quidem
1555 1316 1601 1344 ille
1613 1316 1655 1345 di-

911 1370 1005 1401 gnatus
1022 1370 1061 1391 est
1074 1375 1080 1390 ε
1095 1374 1154 1401 quze
1170 1374 1232 1391 53110
1250 1363 1363 1391 ferocem
1381 1362 1514 1391 hominem
1531 1369 1556 1391 et
1571 1363 1655 1391 intra-

911 1409 1036 1437 ctabilem
1052 1409 1131 1437 fuisse
1146 1416 1272 1447 arguunt.

950 1457 1052 1484 Interea
1078 1455 1209 1494 urgebant
1238 1455 1384 1494 Theophili
1408 1461 1589 1490 accusatores,
1605 1454 1651 1492 qui
1679 1469 1762 1490 panna·
1779 1477 1801 1498 p.

910 1502 1099 1541 irruptionem,
1115 1501 1199 1530 caedes
1220 1508 1245 1530 et
1268 1501 1320 1530 alia
1342 1501 1481 1529 innumera
1506 1501 1558 1540 ipsi
1583 1501 1700 1540 obji-12·
1717 1499 1752 1520 ¹3·

910 1548 1025 1577 ciebant.
1048 1550 1109 1584 Qua
1137 1558 1165 1576 re
1192 1554 1327 1587 comperta
1350 1548 1499 1586 Imperator
1522 1547 1652 1575 Arcadius
1663 1542 1804 1593 ῦάΟΙῑὲᾞῖὲἓῑ·

908 1596 1038 1624 Joannem
1070 1585 1234 1630 advocavit,
1251 1594 1385 1633 jussitque
1411 1593 1489 1621 illum
1512 1593 1546 1622 de
1573 1589 1802 1632 0311531.3.[».5ι’6.

909 1641 1056 1681 Theophili
1067 1641 1203 1680 judicare,
1218 1650 1297 1678 quem
1312 1646 1340 1667 ut
1362 1639 1501 1668 scelestum
1516 1639 1594 1667 multi
1610 1639 1653 1667 in—

908 1688 1045 1716 cusabant.
1059 1689 1174 1717 Joannes
1194 1697 1257 1716 vero
1280 1696 1332 1715 non
1351 1685 1387 1715 ad
1411 1696 1439 1715 se
1456 1687 1589 1725 pertinere
1605 1686 1652 1715 di—

908 1733 949 1762 xit
967 1733 1000 1762 de
1015 1733 1161 1773 Theophili
1189 1732 1268 1771 gestis
1281 1731 1415 1771 judicium
1441 1732 1528 1767 serre,
1546 1731 1592 1760 sed
1616 1732 1652 1761 ad

908 1780 1100 1819 AEgyptiorum
1128 1778 1274 1818 prcesulum
1307 1777 1450 1817 Synodum
1470 1789 1476 1805 :
1504 1788 1556 1806 non
1578 1778 1652 1816 quod

908 1827 1042 1866 ignoraret
1062 1826 1107 1855 illc
1131 1836 1207 1865 posse
1221 1825 1405 1864 Theophilum
1418 1847 1425 1859 ,
1441 1826 1488 1853 etsi
1510 1825 1651 1864 praesulem

907 1875 1121 1904 Alexandrinum
1132 1897 1139 1908 ,
1156 1884 1171 1902 a
1187 1873 1307 1902 Concilio
1329 1873 1509 1902 Orientalium
1532 1873 1650 1911 generali

907 1921 934 1949 in
952 1931 1058 1949 031153111
1079 1919 1170 1948 vocari
1188 1925 1213 1947 et
1227 1918 1371 1953 damnari3
1389 1918 1435 1946 sed
1455 1929 1489 1946 ex
1503 1918 1650 1957 Theophili

908 1968 1002 2006 gestis,
1013 1978 1045 1995 ex
1062 1966 1094 1994 iis
1110 1975 1204 2004 nempe
1219 1975 1277 2002 quac
1300 1970 1501 2003 praecesserant,
1516 1975 1550 1992 cx
1567 1965 1649 1992 moti-

907 2013 958 2042 bus
981 2024 1047 2051 qnos
1066 2012 1194 2040 haetenus
1217 2010 1414 2046 concitaverat,
1442 2020 1476 2038 ex
1499 2010 1605 2038 vafritie
1626 2017 1651 2039 et

907 2059 1127 2096 calliditate7qua
1141 2057 1183 2085 vel
1204 2067 1269 2085 auro
1291 2063 1316 2084 et
1342 2056 1510 2091 muneribus,
1524 2057 1566 2085 vel
1590 2057 1650 2086 aliis

907 2105 1010 2133 artibus
1038 2103 1136 2132 multos
1162 2102 1213 2130 sibi
1239 2102 1444 2137 conciliaverat,
1471 2102 1649 2141 prospiciebat

907 2152 1021 2181 Joannes
1033 2150 1089 2178 sore
1102 2156 1140 2183 111,
1152 2147 1174 2176 51
1187 2147 1355 2186 Theophilus
1367 2147 1394 2175 in
1410 2147 1520 2186 Synodo
1534 2147 1650 2177 damna-

907 2203 1000 2233 retur,
1015 2205 1161 2232 numquam
1178 2193 1223 2222 1110
1245 2193 1440 2231 acquiesceret,
1461 2192 1507 2221 sed
1529 2193 1648 2233 ingentes

907 2242 999 2271 turbas
1014 2241 1194 2270 concitaturus
1206 2246 1283 2268 esset.

947 2287 1115 2327 Theophilus
1139 2293 1229 2315 contra
1251 2285 1320 2314 nihil
1339 2296 1391 2314 non
1407 2286 1503 2325 agebat
1521 2293 1552 2315 ut
1565 2288 1646 2317 Joan-
1682 2300 1800 2328 Patinap.

907 2346 967 2365 nem
989 2345 1040 2363 non
1056 2333 1136 2362 modo
1157 2332 1281 2372 pelleret,
1301 2332 1346 2361 sed
1361 2339 1386 2361 et
1408 2332 1465 2372 ipsa
1479 2333 1535 2361 vita
1556 2334 1647 2373 priva·
1658 2332 1696 2355 65.

907 2389 957 2419 ret,
975 2381 1061 2419 inquit
1076 2379 1230 2415 Palladius,
1250 2379 1349 2418 partim
1372 2378 1515 2418 largitione
1538 2379 1598 2408 auri
1621 2387 1647 2408 et

908 2437 1049 2456 munerum
1063 2426 1223 2465 potentiores
1236 2425 1288 2453 sibi
1303 2425 1459 2460 concilians,
1473 2425 1572 2464 partim
1591 2426 1647 2454 1311-

906 2474 1019 2502 tioribus
1045 2471 1132 2512 epulis
1159 2472 1229 2510 gula}
1253 2471 1359 2500 deditos
1387 2471 1528 2507 alliciens,
1543 2472 1644 2511 partim

905 2519 1044 2548 blanditiis
1069 2525 1094 2547 et
1118 2528 1164 2557 spe
1188 2517 1297 2556 majoris
1322 2517 1462 2556 dignitatis
1479 2518 1588 2546 clericos
1609 2518 1644 2546 ad

906 2577 966 2596 51135
981 2573 1069 2605 partes
1088 2564 1232 2593 abducens.
1249 2564 1318 2593 Cum
1341 2564 1419 2592 sciret
1441 2571 1529 2592 autem
1545 2563 1640 2592 diaco-

906 2624 953 2642 nos
967 2612 1050 2649 duos,
1071 2611 1183 2641 alterum
1204 2609 1342 2649 adulterii,
1356 2610 1470 2639 alterum
1497 2609 1639 2639 homicidii
