1884 2922
700 206 801 228 INDEX
829 205 1090 229 ALPHABETiCUS.

120 274 200 303 Jtan.
229 273 442 306 P1aecursorem‚
459 276 478 298 t.
509 271 539 298 92.
566 280 594 308 p.
615 269 671 298 805
690 291 697 304 ,
725 268 859 307 *spuria

158 319 179 356 ἦ·
189 317 251 346 ’1ὼὸ
263 318 394 351 καλεῖται,
405 314 535 355 Synopsis
550 315 569 343 l.
587 315 651 348 Job,
663 321 682 343 1.
696 316 725 343 6.
744 325 772 353 p.
787 315 856 343 566.

154 367 192 392 1η
209 363 351 391 Adventu
377 362 520 395 Domini,
539 361 633 390 Sermo
657 360 797 389 Severiani
825 359 859 388 de

115 411 194 447 Pace,
211 416 229 438 t.
245 411 272 440 3-
288 419 316 448 p.
334 408 400 438 413-

474 499 496 526 Κ

153 590 291 629 Καθάπερ,
308 589 424 629 ἀδελφοὶ,
441 591 524 628 νεφῶν
542 602 614 627 cmm,
634 589 660 617 in
678 588 857 618 Publicanum

111 642 136 666 οἱ
162 636 348 671 Pharisaeum,
363 636 484 673 *bl-wil„
501 643 520 664 t.
534 638 562 666 5.
588 647 617 675 p.
645 637 711 665 261.
737 634 859 674 Estpars

111 682 240 712 orationis
253 683 353 720 qniutae
373 685 496 719 (quartae)
515 681 548 710 de
566 680 837 720 Iucomprehensibili
851 702 858 714 ‚

111 739 170 766 quae
195 729 312 768 incipit:
342 728 450 757 ἐπειδὰν
475 728 559 766 μέλλῃ
581 740 630 760 τις.
646 727 771 756 Lambcc.
794 733 811 754 t.
828 725 857 754 4.

113 785 140 814 p.
160 776 209 805 93.
226 781 247 803 t.
260 777 289 804 5.
303 785 331 813 Ρ.
351 776 397 803 26.
414 780 432 803 t.
450 775 479 805 8.
494 785 523 813 p.
537 776 604 804 230.

151 821 278 860 Καθάπερ
303 821 415 860 βασιλέα
431 821 489 849 τινὰ
514 821 652 861 δορυφόροι
666 819 860 860 παρέπεμπον,

116 866 143 894 iu
160 869 225 894 Acta
241 870 333 906 Apust,
357 867 436 895 Hom.
461 869 508 896 50.
528 873 546 896 t.
566 869 594 896 9.
613 878 641 906 p.
659 868 728 896 371.

153 914 280 952 Καθάπερ
312 915 338 942 ἐν
362 918 415 946 τοῖς
441 914 580 951 μετάλλοις
612 915 656 942 τοῧ
678 911 788 952 χρυσίου
800 934 809 949 ,
831 910 859 939 in

116 960 194 988 Joan.
210 959 288 987 Hom.
302 961 351 999 36.
366 966 385 989 t.
401 962 427 988 8.
440 970 465 998 p.
480 960 547 988 206.

155 1006 282 1045 Καθάπερ
306 1006 392 1043 ἰατρὸς
414 1005 430 1033 ἄ
446 1016 530 1043 ριστος
558 1007 602 1033 νῦν
633 1004 679 1043 μὲν
706 1004 786 1033 καίων
797 1025 806 1039 ,
831 1003 858 1032 in

113 1061 174 1090 cap.
191 1051 210 1080 3
225 1051 308 1085 isaim,
322 1058 340 1079 t.
359 1053 388 1081 6.
403 1061 430 1090 p.
444 1052 493 1080 32.

155 1097 283 1136 Καθάπερ
299 1096 397 1134 λειμών
416 1108 455 1129 τις
474 1097 582 1132 εὐανθὴς
599 1097 719 1136 διάφορα,
731 1095 757 1124 in
770 1095 857 1124 Gene-

113 1142 165 1171 sim
178 1143 259 1172 Hom.
277 1142 324 1173 43.
336 1149 356 1171 t.
371 1142 399 1171 4.
414 1154 439 1182 Ρ.
456 1142 523 1173 434.

154 1188 283 1227 Καθάπερ
300 1188 380 1228 μύρον
406 1189 498 1221 εὐῶδες
513 1189 560 1224 τὴν
585 1189 705 1225 εὐωδίαν,
720 1188 746 1216 in
762 1188 814 1227 Ep.
843 1193 854 1218 l

113 1234 148 1263 ad
163 1234 344 1263 Thessalonic.
356 1235 438 1264 Hom.
457 1237 486 1264 2.
501 1242 518 1263 t.
536 1238 582 1264 11.
595 1245 622 1274 Ρ.
634 1235 703 1265 432.

154 1279 281 1318 Καθάπερ
296 1281 325 1308 οἱ·
334 1280 460 1316 λειμῶνες
481 1279 569 1318 ἔχουσι
585 1280 693 1308 ποικίλα
704 1301 712 1317 ,
732 1277 759 1306 in
786 1278 856 1315 Job,

114 1327 215 1364 spuria
230 1332 257 1353 ec
269 1326 472 1364 praetermissa.

154 1374 282 1412 Καθάπερ
297 1375 320 1402 οἱ
335 1376 379 1402 τοῦ
392 1372 523 1411 σώματος,
535 1373 562 1401 in
575 1383 664 1401 recens
676 1371 857 1406 llluminatos,

114 1421 213 1458 spuria
228 1426 254 1447 et
268 1421 384 1448 omissa.
766 1415 768 1417 ¹

153 1466 281 1505 Καθάπερ
305 1468 329 1494 οἷ
350 1467 402 1493 τῶν
418 1467 514 1504 ἰατρῶν
537 1465 640 1503 ἄριστοι
661 1464 707 1499 τὴν
733 1464 815 1503 ῥίζαν,
831 1463 858 1491 in

115 1512 168 1551 Ep,
187 1511 218 1539 ad
237 1513 353 1540 Roman.
368 1512 448 1540 Hom.
469 1515 514 1542 10.
532 1519 550 1539 t.
562 1514 590 1541 9.
604 1523 619 1549 p
645 1514 715 1541 519.

156 1559 283 1598 Καθάπερ
297 1558 330 1586 τὰ
344 1558 436 1586 ἀνίατα
450 1560 502 1586 τῶν
513 1557 680 1597 τραυμάτων,
691 1557 718 1584 iu
729 1555 857 1585 Genesim

116 1605 198 1634 Hom.
213 1608 258 1635 19.
272 1612 290 1633 t.
309 1605 337 1633 4.
350 1616 378 1643 p.
394 1606 459 1634 161.

156 1651 281 1690 Καθάπερ
306 1662 344 1682 τις
369 1653 448 1689 σῶμα
469 1650 609 1685 πλάττων,
624 1652 727 1687 πρῶτον
754 1649 813 1687 μέν,
831 1648 857 1676 in

115 1697 168 1735 Ep.
186 1695 219 1724 ad
231 1695 333 1735 Ephes.
348 1697 428 1726 Hom.
443 1698 490 1726 21.
504 1703 523 1723 t.
545 1699 588 1725 11.
603 1707 630 1734 p.
646 1696 711 1726 158.

155 1741 280 1782 Καθάπερ
301 1741 378 1781 χορὸς
397 1745 448 1770 τῶν
463 1743 612 1781 κορυφαίων
627 1743 762 1777 ἐπιζητεῖ,
777 1742 856 1771 Hom.

115 1786 149 1815 dc
162 1787 301 1822 Kalendis,
320 1795 341 1816 t.
358 1791 384 1817 1.
402 1799 428 1827 p.
440 1790 508 1818 697.

155 1835 347 1874 Καθαψαὶμενος
370 1836 495 1874 γενναίως
518 1838 570 1864 τῶν
587 1835 738 1875 εΕῧρῑπιίων,
754 1835 780 1863 in
806 1835 856 1874 Ep.

114 1882 147 1911 ad
165 1883 492 1912 Heb1·.H0m.11.1.12.
509 1894 535 1922 Ρ.
554 1886 619 1912 111.

155 1928 281 1957 Καὸεὶὼν
295 1929 341 1963 τὴν
363 1928 516 1967 φιλοσοφίαν
538 1931 590 1957 τῶν
605 1928 750 1964 ἔξωθεν,ἰῦ
770 1928 821 1966 Ep.
842 1932 852 1956 l

115 1977 149 2004 ad
164 1976 287 2005 Corinth.
307 1977 385 2004 Hom.
402 1977 428 2004 8.
444 1983 464 2003 t.
482 1979 527 2006 10.
542 1987 570 2015 p.
586 1978 635 2006 65.

156 2023 300 2051 Καθολικὸν
319 2025 383 2060 ἡμῖν
402 2022 447 2050 καὶ
461 2023 489 2050 οὐ
506 2022 612 2061 μερικὸν
629 2022 715 2059 μέλος,
729 2021 763 2050 de
779 2021 856 2059 Jeju-

115 2070 159 2097 nio
172 2075 197 2097 et
212 2068 329 2105 Davide‚
343 2070 453 2107 spuria,
465 2075 484 2096 t.
503 2072 549 2097 ll.
568 2079 594 2107 p.
609 2068 677 2099 833.

154 2115 206 2144 Καὶ
234 2117 351 2154 ἀλλαχοῦ
378 2127 455 2153 φησιν
476 2116 489 2142 ὁ
509 2114 628 2149 αὐτὸς,ὁ
651 2114 718 2147 Θεὸς
743 2113 805 2149 ἔστη
830 2114 857 2141 ἐν

117 2172 220 2198 cmm-s„
233 2161 259 2188 in
276 2160 376 2188 Psalm.
390 2161 439 2190 49.
453 2166 473 2188 t.
489 2162 516 2190 5.
530 2170 557 2198 p.
571 2162 639 2190 223.

156 2208 207 2236 Καὶ
225 2207 347 2246 ἀνωτέρω
366 2208 396 2236 τὸ
415 2211 523 2245 σημεῖον
541 2210 615 2236 τοῦτο
635 2207 737 2245 με’λλων
758 2211 856 2240 ποιεῖν,

114 2253 142 2282 in
157 2253 256 2284 Matth.
271 2255 352 2283 Hom.
367 2255 416 2284 54.
433 2260 452 2282 t.
468 2257 498 2284 7.
512 2265 540 2293 p.
554 2256 622 2283 537.

155 2300 207 2328 Καὶ
222 2299 366 2339 ἀρχόμενος
380 2303 428 2335 τῆς
444 2301 584 2334 ἐπιστολῆς
599 2299 741 2334 συνέστησε
760 2299 814 2335 τόν,
831 2298 857 2327 in

115 2346 168 2385 Ep.
183 2346 217 2374 ad
229 2346 330 2375 Coloss.
348 2347 426 2375 Hom.
442 2348 488 2375 12.
504 2352 524 2374 t.
539 2349 584 2375 11.
600 2357 628 2384 p.
647 2347 715 2375 412.

154 2393 175 2430 ’1-
187 2392 238 2421 Καὶ
255 2392 356 2429 ἐγένετο
367 2393 392 2421 ἐν
409 2392 461 2421 ἔτει
477 2391 574 2432 πρώτῳ
589 2391 690 2431 Κύρου,
703 2391 730 2419 in
746 2401 803 2430 cap.
822 2394 854 2419 11

118 2438 248 2474 Danielis,
262 2445 281 2467 t.
299 2441 326 2468 6.
343 2450 367 2477 p.
385 2440 452 2468 252.

156 2486 208 2515 Καὶ
223 2486 325 2524 ἐγένετο
348 2485 477 2520 καθεξῆς,
495 2485 523 2513 iu
540 2484 642 2513 Filium
666 2483 768 2513 viduae.
789 2483 856 2513 Vid.

116 2531 165 2560 ὅλα
175 2531 208 2560 τὰ
222 2532 304 2566 πάθη.

156 2578 208 2606 Καὶ
221 2579 242 2606 εἰ
257 2578 360 2614 ἀνάγκη
378 2577 445 2605 ἐστὶν
461 2579 553 2614 ἐλθεῖν,
564 2577 591 2605 iu
607 2575 766 2605 Matthaeum
780 2575 857 2605 Hom.

117 2625 156 2653 60
185 2629 204 2651 ι.
220 2625 246 2652 7.
263 2633 288 2661 p.
309 2623 376 2651 593.

1594 195 1661 243 557

955 268 975 305 †
989 268 1041 296 Καὶ
1062 263 1135 297 εἶπεν
1151 270 1164 297 ὁ
1189 267 1312 307 βασιλεὺς
1325 267 1491 306 Ἀσφανέζ....
1513 267 1540 295 in
1561 268 1663 296 Danie-

914 313 966 342 lem
979 324 1037 353 cap.
1057 318 1083 343 l.
1101 321 1119 343 1.
1134 316 1163 344 6.
1185 325 1212 353 p.
1230 317 1297 344 200.
1314 314 1327 329 *
1343 313 1437 342 Edidit
1446 314 1565 353 primum
1581 315 1661 343 Cote-

915 360 1006 389 lei-ius.
1022 360 1105 389 Puris.
1122 361 1207 391 1661.
1222 371 1250 400 p.
1263 360 1314 389 65.

956 406 975 443 †
990 406 1041 435 Καὶ
1057 402 1129 442 εἶπε,
1144 407 1220 446 φησὶ,
1237 406 1364 445 γνώρισον
1379 406 1470 446 ἐκείνῳ
1483 406 1541 442 τήν,
1557 406 1582 435 in
1602 408 1657 436 Da<

915 452 1010 482 nielem
1027 463 1086 492 cap.
1102 458 1129 484 8.
1143 460 1164 481 t.
1180 456 1210 484 6.
1226 464 1254 492 p.
1270 454 1339 484 241.

958 500 1011 528 Καὶ
1031 499 1179 538 ἔμπροσθεν
1201 499 1351 529 ἐπέσταλκά
1365 511 1411 528 σου
1428 501 1461 538 τῇ
1480 511 1539 538 τιμ.
1551 523 1558 537 ,
1575 502 1661 540 Asyn-

918 545 1011 580 critiae,
1025 556 1068 584 ep.
1085 548 1134 575 77.
1147 552 1168 574 t.
1181 547 1210 575 3.
1225 556 1250 584 p.
1263 545 1332 576 634.

956 591 1009 620 Καὶ
1034 591 1180 630 ἔμπροσθεν
1197 591 1244 628 μὲν
1262 591 1474 629 ἐξεπληττόμεθα
1495 593 1584 629 ὑμῶν,
1601 593 1661 632 epi-

913 637 1002 676 scopis
1019 637 1054 665 ab
1069 637 1224 672 Occidente,
1237 648 1280 675 ep.
1297 639 1361 667 157.
1379 644 1396 665 t.
1411 640 1438 667 3.
1454 640 1567 676 Ρ.69Ο.

956 682 1009 711 Καὶ
1033 684 1144 711 ἐνταῦθα
1167 682 1324 721 ἀπαλλαγὴν
1348 683 1471 720 πολέμων
1497 684 1541 712 καὶ
1561 684 1660 723 μάχης,

915 728 941 756 in
955 728 1054 757 psalm.
1071 729 1118 758 47.
1135 735 1155 756 t.
1168 730 1197 758 5.
1213 739 1239 766 p.
1258 731 1323 759 197.

955 774 1008 802 Καὶ
1030 776 1055 804 ἐν
1073 774 1157 813 τούτῳ
1172 774 1309 812 ἐθαύμασα
1330 785 1376 802 σου
1390 773 1437 809 τὴν
1460 774 1575 810 ἀγάπην,
1591 775 1658 803 Con-

913 820 1002 849 stantii
1015 821 1103 859 presb.
1116 821 1150 848 ad
1161 819 1318 859 Cyriacum,
1329 830 1372 858 cp.
1391 820 1460 848 241.
1471 826 1491 850 t.
1509 822 1538 849 3.
1550 831 1575 859 p.
1592 822 1657 851 735.

953 867 1006 896 Καὶ
1018 867 1069 902 ἤδη
1086 866 1291 904 ἀπεστάλκαμέν
1308 878 1353 895 σου
1373 867 1405 904 τῇ
1422 865 1554 906 εὐγενείᾳ,
1568 868 1660 895 Muso-

914 912 970 946 nio,
986 923 1027 951 ep.
1045 915 1112 942 216.
1124 919 1143 941 t.
1158 915 1186 942 3.
1201 923 1228 951 p.
1245 913 1311 942 719.

955 958 1007 987 Καὶ
1021 958 1072 993 ἤδη
1090 958 1137 995 μὲν
1152 958 1307 987 ἀπέσταλκά
1323 970 1368 987 σου
1383 958 1448 998 πρὸς
1464 958 1512 994 τὴν
1529 960 1594 994 εὐλ.,
1606 959 1660 987 Ge-

914 1006 1001 1034 runtio
1018 1005 1150 1045 presbyt„
1167 1011 1209 1045 cp.
1229 1006 1277 1036 54.
1294 1012 1314 1034 t.
1330 1008 1359 1035 3.
1377 1017 1404 1044 Ρ.
1422 1008 1492 1036 623.

954 1052 1007 1080 Καὶ
1026 1052 1076 1086 ἤδη
1099 1054 1175 1081 τοῦτο
1191 1051 1378 1091 κατηγόρησαν
1402 1051 1442 1080 ὅτι
1464 1054 1490 1080 ἐν
1509 1053 1547 1091 τῷ
1567 1053 1660 1087 Βεελ.,

913 1097 941 1126 in
956 1098 1055 1126 Manli.
1070 1097 1150 1126 Hom.
1167 1099 1214 1128 42.
1229 1105 1249 1126 t.
1266 1100 1294 1127 7.
1312 1108 1338 1136 p.
1356 1097 1438 1128 444..

954 1144 1006 1172 Καὶ
1027 1146 1043 1178 ἠ
1068 1144 1257 1172 καταλαὸοῧσα
1273 1144 1319 1176 τὰς
1334 1143 1496 1177 Ἐκκλησίας
1522 1144 1568 1177 τὰς
1592 1144 1660 1173 κατὰ

913 1189 960 1225 τὴν
977 1191 1066 1225 ἀνατ.,
1077 1190 1220 1229 episcopis,
1234 1200 1276 1229 ep.
1299 1191 1364 1219 181.
1379 1197 1398 1218 t.
1417 1192 1443 1219 3.
1457 1201 1482 1228 p.
1496 1192 1564 1220 702.

955 1236 1007 1264 Καὶ
1019 1236 1098 1271 ἡνίκα
1113 1236 1239 1274 προοίμια
1250 1231 1318 1274 εἶχεν
1334 1237 1347 1263 ὁ
1363 1235 1474 1274 χειμών,
1484 1235 1554 1264 Mari
1568 1235 1658 1274 episc.,

912 1293 954 1322 ep.
967 1283 1013 1312 86.
1027 1289 1046 1310 t.
1061 1284 1090 1312 3.
1104 1293 1131 1321 p.
1146 1283 1213 1312 638.

954 1329 1006 1358 Καὶ
1027 1328 1079 1368 ἰδίᾳ
1095 1329 1200 1367 ἑκάστῳ
1216 1327 1260 1356 καὶ
1278 1329 1351 1365 κοινῇ
1373 1332 1452 1356 πᾶσιν
1475 1329 1536 1364 ὑμῖν
1557 1327 1661 1366 ὀφείλο·

914 1387 972 1412 μεν,
988 1374 1131 1413 episcopis,
1146 1385 1188 1413 ep.
1212 1375 1276 1403 152.
1295 1380 1315 1401 t.
1329 1376 1357 1404 3.
1374 1384 1400 1412 p.
1418 1374 1486 1403 688.

954 1421 1006 1449 Καὶ
1033 1420 1084 1458 μὴν
1108 1421 1247 1449 ἀκόλουθον
1268 1416 1300 1454 ἦν
1320 1421 1408 1458 ἀλγεῖν
1425 1418 1516 1452 αὐτοὺς
1532 1419 1596 1459 πρὸς
1614 1420 1660 1455 τό,

914 1466 939 1494 in
957 1466 1056 1495 Mattb.
1070 1466 1148 1494 Hom.
1164 1468 1212 1495 26.
1227 1472 1246 1493 t.
1261 1468 1287 1495 7.
1305 1476 1330 1504 p.
1344 1467 1413 1495 306.

953 1512 973 1549 †
988 1513 1041 1542 Καὶ
1064 1512 1115 1550 μὴν
1132 1512 1279 1540 δωδέκατον
1299 1512 1375 1540 τοῦτό
1391 1513 1460 1539 ἐστιν
1476 1511 1547 1546 ἔτος,
1560 1510 1586 1539 in
1602 1512 1657 1539 Da-

913 1558 1010 1587 nielem
1027 1569 1086 1596 cap.
1102 1560 1128 1587 2.
1142 1565 1160 1586 t.
1175 1560 1203 1588 6.
1216 1568 1243 1596 p.
1262 1559 1328 1587 206-

952 1604 1006 1632 Καὶ
1031 1604 1083 1642 μὴν
1098 1606 1145 1632 οὐκ
1170 1605 1250 1642 ἐχρῆν
1276 1604 1443 1640 θυμωῦἧναι,
1458 1602 1524 1631 ἀλλὰ
1540 1603 1615 1641 ιροὸ.,
1631 1602 1657 1630 in

912 1650 1101 1679 Mallh.Hom.
1122 1652 1150 1680 9.
1164 1656 1183 1678 t.
1201 1652 1231 1679 7.
1246 1659 1273 1687 p.
1294 1650 1357 1678 130.

953 1696 973 1733 †
988 1695 1072 1730 Καινὴ
1092 1697 1198 1734 λέγεται
1218 1695 1328 1723 ἀπὸτοῦ
1351 1694 1444 1732 χρόνου
1465 1693 1510 1722 καὶ
1531 1694 1583 1722 ἀπὸ
1598 1696 1656 1730 τῆς,

912 1742 1044 1781 Synopsis
1057 1741 1205 1780 Scripturae
1221 1741 1263 1775 5.,
1277 1747 1295 1768 t.
1314 1741 1340 1769 6.
1356 1750 1381 1778 p.
1395 1740 1463 1768 314.

952 1789 1048 1818 Καινὸν
1062 1790 1097 1821 ὡς
1112 1789 1215 1822 ἀληθῶς
1229 1786 1274 1815 καὶ
1291 1786 1423 1824 μέγιστον,
1434 1784 1466 1813 de
1483 1785 1569 1814 tribus
1586 1787 1657 1814 Pue-

912 1835 960 1870 ris,
976 1837 1088 1873 spuria,
1102 1841 1123 1863 t.
1140 1836 1168 1864 6.
1188 1844 1213 1872 p.
1232 1835 1299 1862 612.

952 1881 973 1918 ἦ·
997 1880 1048 1909 Καὶ
1070 1882 1083 1908 ὁ
1115 1878 1237 1918 βασιλεὺς
1266 1878 1410 1914 Ἀστυάγης
1439 1878 1582 1917 προσετέθη
1597 1901 1604 1915 ,
1628 1879 1654 1907 in

912 1938 969 1965 cap.
983 1929 1017 1956 13
1032 1925 1161 1960 Danielis,
1175 1932 1193 1952 t.
1209 1926 1238 1954 6.
1254 1934 1282 1962 Ρ.
1297 1924 1365 1953 253.

952 1973 973 2010 †
991 1972 1041 2001 Καὶ
1063 1974 1077 2000 ὁ
1092 1970 1213 2010 βασιλεὺς
1234 1969 1395 2005 κατέστησεν
1412 1970 1488 1998 αὐτόν
1501 1991 1508 2004 ,
1522 1970 1549 1998 in
1563 1980 1621 2010 cap.
1637 1973 1655 2001 6

913 2019 1040 2047 Danielis.
1056 2025 1076 2047 t.
1090 2020 1117 2048 6.
1136 2028 1162 2056 p.
1180 2019 1247 2047 233.

952 2066 1005 2094 Καὶ
1029 2065 1072 2093 ὅτε
1101 2067 1146 2093 τοῦ
1175 2065 1288 2103 σταυροῦ
1317 2063 1406 2101 μνείαν
1427 2065 1613 2102 ἔπετελοῧμεν,
1628 2064 1654 2092 in

913 2111 1100 2140 Ascensionem
1117 2110 1238 2143 Domini,
1250 2116 1268 2137 t.
1281 2112 1308 2138 2.
1323 2120 1349 2148 p.
1367 2108 1435 2140 447.

952 2158 1006 2187 Καὶ
1021 2153 1095 2190 οἶτος
1115 2159 1160 2184 τοῦ
1183 2156 1235 2195 πρὸ
1257 2157 1334 2184 αὐτοῦ
1358 2155 1447 2194 ἔχεται
1466 2157 1479 2184 ὁ
1494 2156 1612 2194 ψαλμός,
1629 2156 1655 2184 iu

913 2204 1013 2234 Psalin.
1030 2203 1095 2232 128.
1111 2208 1130 2230 t.
1147 2204 1174 2231 5.
1188 2213 1216 2240 p.
1235 2203 1302 2232 365-

952 2251 1004 2279 Καὶ
1027 2245 1100 2281 οὗτος
1114 2248 1240 2280 ὡσαύτως
1254 2250 1267 2276 ὁ
1282 2247 1399 2287 ψαλμός,
1417 2247 1444 2276 in
1464 2248 1563 2277 Psaim.
1588 2252 1656 2284 107,

912 2298 1022 2336 spuria,
1036 2303 1057 2325 t.
1071 2296 1099 2324 5.
1113 2295 1183 2325 682.

954 2342 1006 2372 Καὶ
1026 2341 1132 2370 πάντων
1149 2339 1195 2378 μὲν
1211 2341 1263 2368 τῶν
1286 2339 1355 2369 κατὰ
1372 2339 1440 2369 Θεὸν
1462 2340 1653 2379 πολιτευσαμέ-

913 2391 985 2418 νωνὸ
1000 2387 1140 2428 1360<‚Vita
1155 2387 1268 2416 S.Joan.
1283 2385 1465 2425 Chrysostomi
1475 2386 1501 2415 in
1512 2386 1652 2423 Vaticana,

915 2434 1090 2466 Laurentiana
1111 2439 1137 2461 et
1149 2432 1210 2461 aliis
1226 2431 1405 2462 bibliothecis.
1420 2432 1433 2445 *
1447 2432 1496 2461 Est
1513 2432 1654 2471 Symeonis

914 2481 1103 2520 Metaphrastae
1118 2478 1189 2507 edita
1203 2488 1219 2506 a
1233 2478 1319 2507 Savil.
1335 2484 1353 2507 t.
1369 2480 1395 2507 8.
1409 2488 1434 2516 Ρ.
1446 2480 1503 2508 373
1516 2494 1554 2499 -—
1567 2478 1632 2507 428.

954 2528 1007 2556 Καὶ
1022 2526 1148 2566 παράγων
1163 2528 1176 2554 ὁ
1188 2525 1288 2560 Ἰησοῖς
1303 2520 1368 2553 εἶδεν
1387 2524 1522 2562 ἄνθρωπον
1545 2523 1655 2562 τυφλόν,

916 2574 942 2602 in
957 2575 1034 2603 Joan.
1055 2573 1133 2601 Hom.
1153 2574 1201 2602 56.
1220 2577 1238 2600 t.
1258 2572 1284 2599 8.
1302 2581 1329 2609 p.
1346 2572 1415 2601 326.

957 2621 1007 2650 Καὶ
1023 2620 1073 2660 πρὸ
1087 2622 1137 2648 τῶν
1153 2618 1328 2659 γραμμάτων,
1343 2612 1426 2655 οἶμαι,
1441 2617 1491 2644 τῶν
1507 2614 1654 2654 ἡμετέρων,
