1884 2922
1009 221 1028 242 K

263 298 395 319 ticanum
415 290 514 319 denuo
533 296 646 317 nostros
659 288 688 315 in
709 296 778 314 usus
798 284 884 313 vellet
903 290 1049 312 excutere.
1066 283 1134 319 Quo
1149 282 1274 311 fortunae
1289 282 1389 311 favore
1410 282 1497 311 nobis
1523 288 1584 311 tam
1609 282 1731 312 lacunas
1744 282 1796 312 ali-

262 346 336 378 quot
351 338 489 377 supplere
510 335 644 373 contigit,
667 344 758 372 qnam
783 338 921 370 corrupta
945 330 1092 360 vocabula
1107 340 1167 358 non
1187 341 1279 368 parvo
1301 340 1426 360 numero
1444 330 1620 366 emendare;
1639 341 1710 360 uam
1723 341 1796 370 apo-

262 386 409 425 graphum
426 382 652 413 Moutsauconio
676 381 883 409 transmissiun
900 390 962 408 non
978 389 1012 408 ea
1032 389 1092 417 qua
1114 377 1235 418 decebat
1255 389 1325 407 cura
1341 378 1509 407 consectum
1532 385 1604 408 erat.
1627 378 1798 416 (Commen-

263 435 354 463 tarius
375 434 405 461 in
432 430 592 459 llomiliam
616 428 777 458 secundam
803 435 831 456 et
850 428 980 461 tertiam,
1005 437 1096 465 quem
1121 425 1201 454 idem
1223 427 1269 455 vir
1291 427 1489 466 promiserat,
1506 426 1604 455 lucem
1624 437 1686 455 nou
1712 426 1798 463 vidit,

264 483 324 511 sive
339 481 436 519 potius
452 488 619 516 numquam
642 484 684 505 est
710 476 859 514 scriptus.)
882 475 936 504 His
960 475 1050 514 igitur
1072 473 1212 503 subsidiis
1234 480 1263 502 et
1281 485 1297 503 a
1318 474 1418 503 codice
1439 480 1467 502 et
1487 484 1504 502 a
1531 473 1619 503 docto
1640 475 1801 513 interprete

265 527 355 557 simul
374 534 401 555 et
421 526 523 554 critico
543 524 774 553 subministratis
795 534 832 551 ne
855 530 957 551 nostra
976 532 1065 561 opera
1085 521 1208 561 indigna
1232 521 1516 561 deprehenderetur,
1537 532 1592 560 pro
1606 521 1686 551 virili
1699 533 1802 552 cavere

266 575 448 605 studuimus.
471 573 614 612 Diligenti
641 572 722 600 enim
752 581 823 599 cura
851 571 881 598 in
904 570 1014 608 verbis,
1039 577 1189 609 quantum
1212 576 1339 608 poterat,
1368 577 1444 599 recte
1468 570 1703 606 constituendis,
1727 578 1803 600 recte

263 622 480 661 distinguendis
492 628 520 650 et
535 618 764 659 interpretandis
780 620 885 648 versati
899 629 1003 647 sumus
1016 631 1022 653 ;
1038 618 1112 647 adeo
1128 625 1161 646 ut
1181 624 1210 646 et
1224 625 1320 647 textus
1333 625 1362 647 et
1386 618 1590 656 interpretatio
1611 617 1703 647 latina
1716 617 1803 657 longe

265 682 357 710 quam
382 670 464 709 apud
488 669 737 699 Montfauc-›num
758 666 973 696 emendatiores
989 667 1144 695 eraserint.
1173 667 1216 696 De
1239 665 1487 695 annotationibus
1506 665 1653 695 historicis
1664 672 1692 695 et
1716 665 1805 695 chro-

267 719 409 758 nologicis
425 740 432 753 ‚
455 727 520 756 quae
542 727 622 745 nunc
648 721 851 748 accesserunt,
884 714 945 752 jam
965 725 1054 753 supra
1075 714 1165 743 verbo
1184 715 1369 742 monuimus.
1406 713 1478 752 Pag.
1501 713 1559 742 385
1591 712 1806 749 (Montfauco-

264 769 358 797 nianae
371 791 378 803 ,
406 778 471 806 qua·
493 765 574 804 apud
597 775 650 793 nos
664 774 778 802 semper
788 762 981 801 intelligenda
998 765 1050 797 cst)
1066 762 1101 799 B,
1122 762 1178 791 lin.
1194 766 1221 798 1,
1244 761 1463 791 restituendum
1477 767 1520 790 est
1546 761 1582 799 μὴ
1599 762 1760 799 σαλευομένη
1775 762 1805 791 in

265 816 365 846 locum
388 821 534 853 corrupuc
550 814 704 851 scripturae
729 811 951 849 μεταλλευομένη,
972 810 1056 839 Cous.
1084 811 1143 840 vol.
1170 817 1227 845 VH
1245 821 1276 849 p.
1301 809 1372 845 124,
1392 809 1426 837 A.
1446 809 1517 848 Pag-
1544 810 1614 846 324,
1630 808 1663 845 C,
1689 809 1743 840 lin.
1770 811 1808 845 5,

269 862 449 902 κεχαρημένος
472 873 526 900 pro
542 861 626 900 lapsu
651 859 812 899 typothetae
825 858 1019 898 κεκαρέμωνος,
1043 865 1071 888 et
1094 860 1124 888 in
1139 859 1238 888 latinis
1261 869 1291 898 p.
1307 858 1376 893 337,
1393 858 1417 887 E
1433 881 1440 896 ‚
1457 857 1509 887 lin.
1528 864 1644 897 antep.‚
1661 864 1730 887 aute
1745 868 1807 887 voc.

268 913 450 947 relicturum,
466 909 602 939 addenda
618 915 661 938 est
673 907 819 947 particula
828 908 976 946 negativa,
995 917 1062 935 non.

306 990 482 1029 Sequuntur
495 988 653 1027 Florilegia
665 998 701 1016 ex
718 987 832 1024 scriptis
844 985 1045 1024 Chrysostomi
1059 1009 1066 1022 ,
1081 996 1148 1024 quae
1165 987 1232 1024 jure
1246 996 1322 1024 opus
1336 985 1518 1015 tessellatum
1530 986 1577 1015 vel
1592 988 1736 1015 musivum
1752 997 1807 1025 ap—

271 1037 370 1076 pelles.
395 1037 473 1066 Sunt
495 1036 647 1066 sententiae
668 1035 883 1072 undecumque
908 1033 1044 1062 locorum
1065 1040 1208 1072 excerptae
1223 1057 1230 1071 ,
1257 1033 1365 1063 deinde
1378 1035 1409 1062 in
1425 1035 1519 1072 capita
1535 1034 1657 1063 redactae
1675 1041 1704 1064 et
1727 1045 1806 1064 novo

270 1086 403 1125 quodam
415 1093 527 1121 tenore,
542 1084 592 1113 sed
606 1095 640 1113 eo
652 1084 720 1113 satis
733 1082 800 1111 laxo
814 1088 843 1110 et
857 1081 972 1110 elumbi
984 1104 992 1115 ,
1009 1083 1040 1110 in
1053 1082 1247 1111 homiliarum
1260 1082 1387 1111 sormam
1399 1083 1577 1120 conjunctae.
1600 1082 1694 1121 Cujus
1718 1082 1806 1112 colle-

271 1135 376 1163 ctionis
389 1144 459 1162 cum
473 1132 623 1171 duplicem
641 1141 701 1160 esse
715 1140 799 1169 posse
814 1129 975 1159 utilitatem
986 1130 1166 1165 videremus,
1181 1137 1215 1158 ut
1226 1137 1253 1159 et
1265 1131 1459 1169 superstitum
1480 1131 1652 1160 orationum
1669 1131 1760 1161 verba
1770 1142 1804 1161 ex

271 1184 306 1212 iis
321 1182 561 1217 emendarentur,
572 1188 600 1210 et
612 1179 834 1219 deperditarum
845 1179 938 1207 frusta
948 1179 1166 1217 detegerentur,
1180 1188 1299 1217 operam
1312 1184 1443 1206 nostram
1455 1185 1558 1216 practer
1569 1185 1664 1207 cetera
1675 1178 1714 1207 ad
1723 1178 1805 1208 hunc

271 1241 395 1269 scopum
409 1237 538 1268 spectare
547 1229 652 1257 debere
662 1227 873 1256 intelleximus.
882 1226 911 1255 Is
928 1233 1030 1254 autem
1043 1226 1080 1254 ab
1094 1226 1180 1255 nobis
1191 1226 1296 1264 attingi
1309 1235 1370 1253 non
1381 1231 1506 1264 poterat,
1520 1226 1578 1254 nisi
1593 1225 1697 1254 sedulo
1723 1225 1807 1255 inve-

271 1279 383 1317 stigatis
401 1278 615 1307 sententiarum
629 1276 766 1304 omnium
781 1273 900 1303 sedibus
917 1274 948 1302 in
960 1275 1028 1312 ipsis
1042 1275 1156 1313 scriptis
1176 1273 1377 1313 Chrysostomi
1391 1283 1399 1298 =
1415 1272 1490 1301 nihil
1505 1273 1585 1301 enim
1599 1273 1810 1312 proficiebatur

271 1326 418 1364 ejusmodi
430 1325 609 1354 indicatione
620 1324 770 1359 codicum,
782 1323 829 1350 Ex
841 1323 954 1351 Hamil.
971 1325 1001 1350 in
1011 1323 1130 1362 Eplzes.,
1143 1324 1191 1351 Er
1201 1324 1312 1353 Comm.
1326 1325 1354 1350 in
1367 1324 1485 1357 Matth„
1495 1322 1616 1362 qualem
1627 1322 1684 1352 fere
1696 1323 1811 1362 ubique

272 1374 463 1412 reliquerunt
477 1372 673 1401 Benedictini.
693 1372 793 1410 Quare
808 1371 988 1400 fastidiosam
1003 1364 1170 1401 'aerumnam
1191 1372 1295 1402 breves
1311 1372 1388 1401 locos
1406 1372 1435 1400 in
1452 1372 1553 1411 magni
1567 1372 1701 1401 ambitus
1713 1372 1811 1411 operi-

273 1423 330 1452 bus
345 1421 600 1460 deprehendendi,
614 1421 662 1449 cui
678 1419 807 1449 Savilius
820 1425 935 1447 <etatem
951 1422 1089 1459 integram
1102 1422 1292 1461 qfserendam
1303 1431 1363 1449 esse
1376 1420 1523 1455 censebat,
1537 1431 1590 1449 nos
1606 1419 1726 1448 tandem
1738 1419 1813 1448 sub-

274 1471 387 1500 ivimus
400 1493 407 1506 ,
424 1470 454 1498 in
470 1469 524 1498 hac
539 1479 628 1507 opera
644 1475 735 1497 totam
753 1467 811 1496 fere
825 1467 935 1496 horum
951 1468 1181 1507 Florilegiorum
1203 1469 1362 1498 utilitatem
1375 1467 1457 1497 velut
1474 1468 1505 1495 in
1521 1467 1640 1496 cardine
1654 1468 1728 1497 verti
1750 1477 1814 1496 cer—

275 1525 390 1548 nentes.
409 1518 506 1556 Atque
521 1527 556 1546 eo
573 1517 765 1555 pervenimus
776 1515 885 1544 laboris
900 1517 993 1545 nostri
1006 1517 1185 1555 pertinacia,
1198 1518 1274 1546 utin
1290 1515 1444 1545 nonnullis
1456 1515 1594 1545 Homiliis
1612 1515 1700 1554 plane
1713 1515 1815 1545 onmia

276 1567 338 1604 jam
353 1567 412 1595 sint
428 1566 611 1603 investigata,
628 1565 659 1592 in
674 1564 736 1592 aliis
749 1574 815 1601 pars
826 1563 913 1602 longe
926 1565 1057 1593 maxima
1069 1587 1076 1600 ,
1090 1566 1121 1593 in
1140 1564 1244 1594 multis
1258 1571 1357 1593 autem
1368 1564 1509 1603 pauciora
1520 1564 1649 1593 inventis
1663 1564 1815 1602 supersint

277 1613 437 1653 quaerenda
451 1625 458 1642 ε
482 1612 533 1642 sed
556 1611 727 1641 carebamus
743 1611 944 1641 instrumento
957 1612 1039 1651 quod
1053 1614 1247 1642 scrutationes
1260 1619 1374 1641 nostras
1388 1612 1536 1650 imprimis
1551 1618 1612 1640 erat
1625 1611 1817 1650 adjuturum,

276 1664 300 1693 si
311 1665 371 1702 jam
385 1669 451 1691 tuin
460 1661 633 1695 exstitisset;
648 1661 777 1689 indicem
789 1660 914 1690 dicimus
925 1660 1022 1690 multo
1033 1662 1235 1700 copiosiorem,
1247 1671 1337 1700 quem
1350 1667 1415 1689 tum
1427 1660 1627 1689 cummaxime
1637 1659 1816 1699 colligebant

280 1712 375 1741 Revtx
386 1710 567 1739 Benedictini
580 1709 785 1738 Solesmenses.
799 1709 896 1747 Atque
906 1709 1002 1738 multo
1017 1709 1105 1747 plura
1115 1711 1145 1738 in
1154 1709 1356 1748 Chrysostomi
1369 1708 1509 1747 operibus
1520 1708 1673 1737 emendari
1684 1718 1767 1747 posse
1779 1718 1815 1737 ex

279 1758 326 1787 his
338 1758 503 1796 Florilegiis
518 1768 610 1796 quam
624 1767 755 1795 quorum
770 1756 1011 1785 emendationem
1025 1756 1094 1786 inde
1109 1756 1195 1786 duxit
1210 1757 1349 1793 Savilius‚
1365 1756 1583 1785 declaravimus
1605 1756 1817 1795 speciminibus

280 1806 396 1845 aliquot
433 1806 464 1834 in
493 1806 685 1834 annotatione
712 1805 831 1843 positis;
860 1815 930 1833 nam
945 1804 1033 1843 plura
1048 1805 1200 1834 noluimus
1220 1807 1249 1833 in
1266 1816 1295 1833 re
1317 1816 1379 1833 sera
1400 1812 1428 1834 et
1450 1815 1516 1843 quae
1530 1815 1585 1833 suo
1600 1804 1664 1833 Ioco
1684 1805 1747 1843 jam
1770 1805 1818 1843 agi

282 1864 341 1883 nou
355 1860 478 1892 poterat.
491 1851 606 1881 Deinde
621 1852 697 1880 illud
708 1851 895 1880 confidenter
911 1851 1107 1889 affirmamus,
1124 1853 1154 1881 in
1172 1860 1230 1882 tota
1246 1853 1392 1891 farragine
1407 1863 1444 1881 ne
1460 1863 1559 1881 unum
1581 1852 1704 1891 quidem
1715 1851 1818 1881 locum

282 1913 317 1931 ex
329 1901 483 1940 deperdito
503 1901 613 1939 scripto
634 1901 765 1938 genuino
780 1899 981 1940 Chrysostomi
998 1909 1110 1931 exstare
1123 1912 1130 1928 t
1144 1902 1226 1931 unde
1240 1901 1297 1931 hoc
1309 1902 1413 1931 confici
1427 1912 1512 1940 posse
1524 1901 1645 1931 videtur
1655 1924 1662 1938 ,
1674 1903 1816 1940 pauciora

283 1950 487 1989 Chrysostomi
509 1959 601 1987 quam
620 1947 712 1987 vulgo
726 1955 851 1986 putatur
866 1950 1008 1978 interiisse
1023 1951 1071 1987 if),
1087 1951 1110 1979 si
1130 1950 1261 1980 discedas
1287 1950 1326 1979 ab
1340 1951 1456 1988 jactura
1471 1951 1600 1979 maxima
1615 1960 1707 1988 quam
1728 1949 1820 1978 Com-

282 1998 446 2026 mentarius
459 1998 488 2025 in
504 1996 635 2026 Psalmos
647 1996 714 2025 secit
727 2007 733 2023 ε
748 2007 781 2025 ea
794 2003 897 2025 autem
917 1996 964 2025 vel
990 2004 1107 2026 mature
1119 1997 1284 2027 admodum
1300 1999 1373 2028 sacta
1387 2005 1429 2027 est
1439 2021 1446 2035 ,
1460 2009 1523 2027 non
1544 1997 1643 2027 solum
1655 2004 1726 2026 ante
1739 1997 1819 2026 Pho-

283 2046 360 2075 tium
379 2067 386 2081 ,
426 2045 476 2074 sed
499 2052 568 2073 ante
592 2045 773 2074 Catenarum
800 2045 1024 2074 concinnatores
1042 2068 1049 2081 ,
1071 2046 1221 2084 siquidem
1245 2057 1346 2076 revera
1370 2046 1445 2075 facta
1470 2053 1513 2075 est
1529 2059 1535 2081 ;
1558 2056 1628 2074 nam
1653 2044 1819 2074 teniuscula

283 2100 353 2122 sunt
381 2099 558 2131 argumenta
585 2093 696 2131 quihus
716 2092 950 2123 Montsauconus
977 2094 1178 2133 Chrysostomi
1202 2095 1459 2125 Commentariun)
1488 2096 1519 2123 in
1545 2095 1724 2124 Psalterium
1755 2097 1820 2127 uni,

287 2152 399 2170 versum
411 2143 553 2171 exstitisse
573 2142 736 2171 contendit.
764 2142 878 2172 Rursus
893 2145 964 2182 quia
983 2155 1131 2182 perpauca
1146 2155 1180 2173 ex
1201 2143 1316 2183 Spuriis
1341 2143 1477 2172 dubiisve
1498 2149 1635 2181 excerpta
1656 2142 1819 2181 leguntur,

285 2190 427 2228 leguntur
439 2197 538 2219 tamen
551 2190 662 2228 aliqua,
679 2198 801 2229 apparet
814 2191 867 2221 hos
883 2191 1030 2231 florilegos
1045 2204 1105 2222 nou
1122 2194 1188 2222 crisi
1212 2193 1342 2232 quadam
1358 2202 1427 2221 usos
1450 2202 1510 2221 esse
1532 2192 1563 2220 in
1586 2191 1751 2230 expilandis
1768 2201 1821 2230 ge-

287 2239 387 2267 nuinis
406 2237 608 2277 Chrysostomi
623 2245 651 2267 et
665 2239 830 2277 rejiciendis
854 2242 972 2279 spuriis,
1000 2241 1049 2270 sed
1068 2241 1166 2280 spuria
1182 2241 1231 2270 illa
1256 2241 1361 2278 majori
1380 2251 1415 2270 ex
1432 2248 1516 2279 parte
1534 2247 1597 2279 post
1616 2239 1820 2278 ssorilegorum

287 2293 403 2315 :etatem
428 2287 475 2316 vel
499 2288 649 2317 emersisse
664 2289 810 2326 primum,
840 2289 888 2318 vel
910 2296 973 2319 tam
990 2289 1118 2319 honesto
1133 2291 1256 2320 nomine
1283 2290 1320 2319 ab
1345 2289 1497 2328 lucripetis
1524 2289 1665 2326 inscripta
1689 2298 1758 2317 esse.
1774 2287 1824 2317 Ob

287 2333 477 2363 Matthaeium
491 2335 646 2373 adjicimus
661 2336 806 2366 Homilias
829 2338 986 2367 Vaticanas
1001 2349 1122 2376 prorsus
1144 2338 1263 2367 latuisse
1286 2337 1515 2375 Florilegiorum
1540 2336 1695 2374 scriptores
1705 2357 1712 2371 ,
1739 2335 1822 2374 quod

327 2465 355 2493 (ἢ
373 2461 442 2487 Sunt
452 2470 514 2486 sane
525 2471 582 2496 qum
598 2473 610 2487 a
629 2463 818 2489 iloutfaucono
834 2465 1033 2499 desiderentur,
1055 2475 1084 2491 ac
1099 2467 1184 2492 multo
1198 2466 1271 2500 plura
1284 2476 1298 2491 a
1311 2466 1437 2501 Stiltingo
1453 2476 1458 2491 ·,
1475 2474 1562 2500 neque
1579 2464 1694 2490 dubium
1707 2468 1746 2488 est
1755 2464 1822 2498 quin

292 2504 391 2530 habiiae
406 2504 508 2530 fuerint
520 2505 654 2531 orationes
668 2506 716 2532 illm
736 2516 837 2534 omnes.
860 2517 976 2542 quarum
991 2510 1093 2535 mentio
1109 2514 1194 2534 exstat
1215 2509 1241 2534 iu
1256 2508 1362 2542 scriptis
1375 2506 1600 2542 Chrysustomicis
1613 2517 1618 2531 ·.
1636 2509 1664 2530 at
1681 2505 1732 2530 hoc
1750 2514 1821 2539 quoe-

292 2548 417 2578 mudum,
438 2549 575 2581 scriptam
588 2548 686 2574 suerint
707 2556 730 2574 et
749 2550 825 2576 edita?
839 2560 938 2577 omncs.
953 2554 992 2578 Ac
1007 2562 1052 2587 per
1064 2562 1090 2578 se
1104 2552 1215 2587 quidem
1230 2560 1282 2577 non
1295 2551 1416 2577 xidvmus
1430 2550 1497 2586 quid
1510 2550 1594 2577 obstet
1609 2548 1754 2583 quominus
1765 2557 1820 2574 5οΓ-

290 2601 380 2617 munt-s
393 2592 491 2618 mullos
500 2592 569 2626 Chr)
577 2598 684 2618 >ov-tomi
700 2603 751 2619 uun
768 2604 893 2629 umquam
909 2596 963 2622 litei
973 2597 990 2622 is
1002 2597 1138 2623 mandatos
1152 2606 1206 2623 csse
1220 2596 1367 2622 cred-imus.
