1884 2922
79 911 141 929 CAP.
182 909 249 929 VI-:RS

81 943 112 973 1.

233 990 259 1015 1.

211 1209 259 1237 18.

211 1296 256 1324 19.

207 1383 255 1412 20.

207 1557 257 1585 21.

205 1687 249 1715 ΙΙ).

201 1774 249 1801 22.

147 1861 248 1890 2223.

199 1906 248 1934 23.

198 2035 246 2066 24.

197 2168 246 2198 25.

683 230 869 254 SCRIPTURAE
896 230 1020 253 SACRAE.

461 476 694 528 NOVUM
732 476 1245 528 TESTAMENTUM.

612 766 862 796 EVANGELIUM
880 766 1071 795 MATTHAEI.

277 943 441 981 Exponitur
455 941 489 969 T.
508 947 563 971 VII.
579 944 677 969 21-89.

276 985 357 1014 Liber
370 984 546 1023 generationis
567 986 629 1014 Jesu
654 983 764 1012 Christi.
782 990 815 1012 v.

316 1033 380 1057 206.
397 1039 423 1056 Ε.
442 1035 490 1057 ΙΧ.
505 1032 569 1057 530.
590 1038 619 1057 n.
639 1035 697 1056 XII.
713 1032 775 1056 566.
788 1037 816 1055 Ε.

316 1079 386 1101 XIII.
397 1076 462 1102 245,
478 1084 503 1101 A.

251 1141 258 1148 .
274 1119 361 1150 Judas
375 1126 464 1149 autem
476 1120 567 1159 genuit
578 1120 678 1149 Pharos
688 1127 713 1149 et
722 1121 817 1150 zaram

313 1164 346 1192 de
363 1164 495 1193 Thamar.
511 1171 556 1193 tv.
569 1169 633 1193 688.
646 1177 670 1194 B.

276 1208 339 1237 Jesu
349 1215 437 1236 autem
451 1207 550 1236 Christi
561 1209 693 1246 generatio
701 1209 738 1248 sie
750 1217 815 1239 erat.

318 1258 388 1280 VIII.
404 1256 467 1280 360.
481 1263 508 1281 A.
524 1259 581 1280 XII.
597 1257 661 1281 914.
675 1264 702 1282 c.

274 1295 374 1334 Ioseph
394 1302 484 1324 autem
496 1296 538 1324 vir
552 1306 614 1324 cum
631 1304 697 1326 esset
714 1298 812 1337 justus.

318 1346 375 1367 XII.
388 1343 450 1367 914.
463 1349 491 1366 A.

272 1382 335 1410 Noli
354 1382 458 1418 timere,
476 1382 575 1421 Joseph
590 1395 596 1410 :
612 1383 683 1421 quod
697 1384 767 1418 enim
782 1394 815 1413 cx

311 1435 341 1454 ea
360 1426 481 1463 genitum
491 1433 541 1463 est,
557 1426 589 1454 de
603 1427 707 1466 Spiritu
721 1435 811 1456 sancto

309 1475 358 1497 est.
376 1476 420 1498 VI.
435 1473 497 1498 673.
511 1481 537 1500 C.
554 1478 612 1500 VII.
629 1476 692 1500 142.
708 1483 730 1499 B.
744 1479 811 1500 VIII.

309 1517 353 1541 44.
370 1520 429 1542 XII.
445 1518 509 1542 915.
527 1525 549 1542 Β.

272 1556 332 1595 Ipse
356 1557 428 1585 enim
451 1557 557 1586 salvum
580 1558 657 1586 faciet
679 1559 810 1598 populum

309 1610 387 1628 suum
401 1611 416 1629 a
430 1601 544 1640 peccatiS
563 1612 663 1631 eorum.
681 1609 725 1631 VI.
743 1607 807 1632 594.

310 1654 335 1673 Β.
349 1651 381 1672 X.
398 1649 462 1674 786.
478 1656 505 1673 A.
525 1653 570 1674 XI.
587 1651 650 1674 372.
661 1657 688 1675 c.

268 1687 386 1716 vocabis
397 1698 492 1716 nomen
504 1690 561 1728 ejus
572 1691 674 1721 Jesum.
688 1697 744 1719 XII.
760 1694 807 1718 76.

307 1740 335 1758 A.
349 1735 412 1759 915.
429 1742 456 1760 c.

266 1772 323 1802 Hoc
344 1781 434 1803 autem
454 1782 539 1804 totum
562 1777 662 1805 factum
687 1783 734 1805 cst.
749 1783 805 1805 VII.

310 1822 375 1848 352.
392 1829 420 1847 Ε.

268 1860 301 1889 Τ.
317 1868 386 1890 vm.
409 1867 454 1891 84.
472 1871 529 1892 ΧΠ.
545 1868 610 1892 915.
626 1873 651 1891 Ε.

266 1904 337 1933 Ecce
350 1905 426 1943 virgo
448 1906 475 1935 in
492 1915 565 1936 utero
580 1907 700 1942 babebit,
716 1914 742 1935 et
757 1919 808 1947 pa-

305 1948 356 1977 riet
376 1949 475 1978 filium.
488 1958 508 1979 1.
531 1956 593 1980 591.
611 1961 638 1979 A.
657 1957 688 1979 V.
705 1955 768 1980 207.
781 1962 808 1980 Ε.

305 1997 406 2021 389.Β.
426 2001 470 2023 VI.
490 1999 554 2023 464.
572 2005 599 2022 A.

263 2034 419 2075 Exsurgens
431 2038 531 2078 ,Ioseph
541 2049 556 2066 a
567 2048 667 2074 somno,
679 2037 742 2066 fecit
754 2038 808 2066 sic-

303 2086 332 2108 ut
359 2082 484 2121 praecepit
509 2083 533 2111 ei
558 2082 667 2121 angelus
687 2082 807 2110 Domini.

305 2131 366 2153 XII·
381 2129 444 2154 920.
461 2136 488 2154 E.

263 2166 331 2196 Cum
351 2169 494 2207 accepisset
523 2176 612 2198 autem
633 2169 708 2198 illam
725 2190 732 2205 ‚
753 2179 805 2198 non

305 2213 481 2251 cognoscebat
495 2224 563 2243 eam.
575 2221 633 2243 XII.
651 2218 715 2244 920.
729 2224 755 2242 A.

266 2256 432 2295 Exponz'tur
447 2257 482 2286 T.
504 2265 561 2287 VII.
577 2263 696 2287 97-157.

237 2321 243 2328 .
263 2300 331 2329 Cum
347 2307 424 2329 natus
438 2308 504 2330 esset
515 2303 592 2332 Jesus
607 2302 635 2331 in
650 2301 805 2331 Bethlehem

299 2344 410 2374 Judaeae.
421 2353 478 2374 XII.
495 2350 560 2375 921.
575 2357 600 2375 c.

240 2410 246 2416 .
264 2387 320 2416 Ubi
341 2395 380 2416 est
404 2389 451 2426 qui
470 2396 547 2418 natus
570 2397 608 2418 est
623 2390 681 2418 Rex
695 2389 804 2419 Judaeo-

302 2433 386 2460 rum?
403 2439 461 2461 XII.
476 2438 538 2462 521.
555 2445 583 2462 A.

243 2499 248 2503 .
269 2475 398 2505 Vidimus
412 2477 520 2506 stellam
535 2478 601 2516 ejus.
616 2484 674 2506 XII.
698 2481 761 2506 523.
779 2487 803 2506 c.

241 2542 245 2546 .
266 2519 384 2547 Audiens
409 2527 499 2549 autem
524 2520 641 2549 Herodes
654 2543 662 2557 ‚
679 2521 802 2549 turbatus

305 2568 462 2592 est.1.685.
480 2575 505 2592 D.

241 2632 244 2635 .
266 2606 298 2634 Et
313 2613 340 2634 tu
359 2607 521 2644 Bethlehem,
535 2615 601 2637 terra
612 2607 693 2645 Juda,
705 2618 802 2646 nequa-

875 907 935 925 CAP.
977 907 1054 926 Vlzns.

874 1026 907 1058 5.

1023 1160 1050 1232 ‚010³

1023 1335 1040 1363 χ1

1113 951 1194 979 quam
1219 941 1330 970 minima
1353 952 1379 971 es
1403 942 1429 971 in
1447 943 1613 983 principibus

1111 984 1190 1015 Juda.
1208 993 1240 1014 II.
1255 991 1318 1014 420.
1334 997 1360 1014 A.
1379 993 1422 1015 vi.
1437 992 1501 1017 464.
1519 999 1543 1017 n.

1070 1029 1237 1068 Exponitur
1252 1030 1286 1059 T.
1302 1037 1358 1059 VII.
1375 1035 1508 1060 161-188.

1046 1094 1052 1100 .
1070 1072 1099 1100 In
1111 1072 1206 1101 dicbus
1226 1074 1280 1102 illis
1292 1074 1365 1102 venit
1385 1076 1500 1104 Joannes
1517 1076 1612 1115 Bapti-

1110 1123 1160 1144 sta.
1178 1124 1232 1145 VII.
1254 1122 1317 1145 828.
1339 1128 1364 1146 n.
1388 1125 1432 1147 IX.
1449 1123 1513 1147 225.
1531 1130 1558 1148 n.

1048 1181 1054 1187 .
1072 1159 1166 1189 Parate
1179 1161 1249 1189 viam
1264 1162 1382 1190 Domini.
1399 1170 1443 1191 XI.
1460 1168 1523 1192 208.
1539 1174 1565 1192 Ε.

1071 1203 1190 1233 Exibunt
1218 1212 1242 1233 et
1284 1206 1489 1245 baptizabantur
1518 1207 1552 1235 ab
1581 1218 1611 1237 eo

1108 1249 1195 1277 omnis
1209 1250 1303 1279 Judaea
1317 1257 1343 1278 et
1367 1251 1441 1289 regio
1457 1251 1526 1280 eirca
1547 1253 1611 1282 Jor-

1112 1291 1218 1321 danem.
1234 1300 1302 1321 VIII.
1320 1298 1380 1322 190.
1394 1305 1420 1322 c.

1044 1359 1050 1364 .
1068 1334 1208 1374 Serpentes
1221 1359 1228 1372 ,
1266 1337 1403 1375 progenies
1434 1337 1587 1377 viperarum
1600 1363 1608 1376 ,

1109 1379 1169 1417 quis
1193 1380 1270 1408 vobis
1297 1380 1490 1410 demonstravit
1517 1383 1609 1421 sugere

1105 1433 1119 1451 a
1133 1430 1244 1452 ventura
1260 1424 1295 1451 ira
1306 1424 1319 1452 P
1332 1429 1446 1453 IV.114.
1461 1436 1489 1454 D.
1505 1431 1567 1456 248.
1581 1437 1608 1455 D.

1108 1473 1140 1495 V.
1158 1472 1221 1496 258.
1240 1478 1263 1495 B.
1277 1474 1321 1496 VI.
1337 1473 1401 1498 8.A.
1420 1473 1483 1497 261.
1501 1481 1528 1498 D.
1545 1475 1608 1500 545.

1108 1521 1134 1538 A.
1147 1518 1203 1540 VII.
1216 1515 1278 1540 346.
1291 1522 1320 1541 D.
1338 1519 1383 1540 IX.
1402 1516 1467 1541 696.
1484 1524 1508 1541 c.

987 1566 995 1578 s
1041 1577 1048 1584 ,
1065 1554 1209 1592 Progenies
1223 1554 1389 1594 viperarum,
1406 1556 1466 1594 quis
1477 1565 1606 1586 monstra-

1105 1598 1145 1626 vit
1153 1599 1229 1628 vobis
1237 1600 1328 1638 sugere
1337 1611 1352 1628 a
1362 1607 1474 1629 ventura
1486 1601 1544 1630 ira?
1553 1609 1602 1631 etc.

1102 1649 1147 1671 lv.
1164 1648 1229 1674 362.

1005 1707 1012 1714 .
1040 1708 1045 1713 .
1063 1686 1096 1714 Τ.
1113 1692 1246 1716 YI1.527.
1261 1699 1288 1717 A.

983 1687 1000 1713 χ1

1016 1687 1035 1759 (ῺὈ

1017 1819 1037 1846 <0

997 1950 1041 1977 Ib.

1000 2039 1045 2065 10.

997 2125 1028 2152 11

996 2347 1030 2375 ΙΙ)

1041 1751 1048 1757 .
1065 1730 1154 1758 Facite
1174 1731 1291 1759 fructum
1306 1731 1418 1770 dignum
1432 1733 1604 1771 poenitentiae.

1104 1781 1137 1805 11.
1152 1779 1215 1803 437.
1230 1785 1257 1802 D.
1273 1780 1337 1804 438.
1352 1786 1378 1804 E.
1392 1783 1436 1805 VI.
1453 1781 1477 1804 8.
1490 1787 1517 1804 A.

1040 1840 1046 1846 .
1066 1817 1156 1846 Nolite
1191 1818 1279 1847 dicere
1293 1841 1301 1854 ‚
1327 1821 1434 1848 Patrem
1475 1820 1605 1849 babemus

1107 1861 1253 1890 Abraham.
1289 1870 1345 1892 vn.
1376 1868 1440 1892 362.
1475 1874 1502 1895 c,
1537 1871 1604 1893 viu.

1108 1910 1171 1934 362.
1187 1917 1211 1934 B.

1062 1950 1151 1977 Potest
1173 1950 1245 1979 Deus
1259 1961 1292 1979 ex
1315 1951 1451 1990 lapidibus
1465 1951 1508 1980 his
1520 1952 1605 1980 susci-

1102 1999 1159 2020 tare
1175 1993 1243 2022 filios
1261 1994 1383 2022 Abrahae.
1401 2002 1455 2024 VII.
1472 1999 1534 2023 363.
1556 2006 1583 2024 D.

1064 2036 1160 2063 Omnis
1173 2037 1253 2065 arbor
1264 2048 1322 2076 quae
1338 2048 1390 2066 non
1407 2038 1470 2067 facit
1486 2039 1603 2067 fructum

1102 2079 1213 2115 honum,
1227 2081 1374 2110 excidetur.
1390 2089 1410 2110 I.
1426 2087 1489 2111 487.
1505 2093 1531 2110 n.

1038 2122 1119 2161 .Ego
1133 2124 1241 2161 quidem
1265 2125 1372 2164 baptizo
1399 2136 1448 2154 vos
1476 2126 1503 2154 in
1524 2136 1605 2164 aqua5
1652 2144 1653 2147 =

1102 2167 1150 2196 ille
1166 2175 1253 2196 autem
1273 2169 1420 2208 baptizabit
1435 2180 1481 2198 vos
1496 2170 1521 2198 in
1535 2170 1602 2208 Spi-

1102 2217 1155 2239 ritu
1175 2219 1276 2243 sancto.
1294 2220 1326 2241 II.
1344 2218 1409 2242 437.
1424 2224 1449 2242 Ε.
1465 2221 1507 2243 111.
1532 2219 1598 2243 473.

1099 2264 1168 2288 VIII.
1185 2264 1232 2287 86.
1249 2270 1276 2288 n.
1297 2265 1360 2291 104.
1378 2271 1403 2290 c.
1425 2266 1488 2291 211.
1503 2272 1529 2291 Ε.
1554 2269 1599 2291 IX.

1099 2306 1144 2330 60.
1160 2313 1185 2332 1³.
1198 2308 1260 2332 209.
1271 2314 1297 2334 e.

1035 2369 1040 2375 .
1060 2346 1116 2374 Non
1140 2357 1199 2375 sum
1216 2347 1316 2386 dignus
1332 2348 1434 2378 solvere
1456 2349 1598 2388 corrigiam

1096 2391 1267 2420 calceamenti
1279 2393 1344 2431 ejus.
1359 2400 1415 2422 VII.
1430 2397 1474 2422 49.
1485 2404 1510 2422 c.

994 2435 1039 2464 lb.
1055 2434 1110 2470 Qui
1123 2442 1182 2474 post
1195 2446 1237 2464 me
1248 2436 1330 2473 venit,
1341 2444 1401 2466 ante
1411 2447 1452 2466 me
1459 2437 1542 2466 factus
1551 2444 1598 2466 est.

994 2523 1026 2549 lb

991 2567 1026 2594 12

1098 2486 1165 2508 VIII.
1182 2484 1246 2508 109.
1260 2492 1284 2509 Α.

1032 2544 1037 2549 .
1056 2522 1161 2551 Fortior
1172 2533 1214 2552 me
1227 2529 1274 2552 est.
1292 2531 1347 2553 VII.
1366 2528 1429 2553 469.
1445 2535 1470 2553 Ε.

1032 2590 1035 2592 .
1057 2566 1140 2605 Cujus
1154 2567 1332 2595 ventilabrum
1347 2567 1372 2596 in
1391 2578 1469 2596 manu
1482 2568 1546 2606 ejus.
1564 2575 1595 2595 v.

1099 2614 1144 2638 82.
1158 2621 1182 2638 Ε.
1202 2615 1383 2641 x'11.7'⁴S.A.
