1884 2922
982 226 997 245 1·
997 225 1011 257 j

235 290 292 320 alia
312 292 417 319 omissa
444 302 476 319 ex
506 291 610 319 eodem
625 289 791 328 supplenda
811 288 895 317 nobis
918 287 1112 326 reliquerunt.
1136 287 1241 327 Neque
1255 290 1317 317 sine
1335 288 1433 317 fructu
1458 289 1550 316 etiam
1567 289 1596 316 iu
1614 289 1765 317 1151101111-

236 338 293 375 liis,
305 350 378 377 quas
393 337 576 366 Benedictini
586 347 620 365 ex
637 337 702 366 aliis
716 336 867 365 codicibus
878 335 1042 370 ediderant,
1058 335 1186 365 Savilius
1198 336 1236 365 ab
1249 337 1335 366 nobis
1351 336 1476 365 collatus
1489 343 1542 365 est.
1555 336 1662 365 Multos
1677 337 1765 369 locos,

235 388 398 424 praesertim
418 387 448 414 in
465 385 601 414 Homiliis
616 392 728 424 septem
742 385 779 413 de
796 384 948 418 paschate,
964 394 999 412 ex
1015 385 1184 422 conjectura
1199 391 1297 413 nostra
1312 385 1503 413 restituimus.

277 434 443 463 volumine
463 443 544 461 nono
559 434 753 462 continentur
768 433 901 471 primum
918 431 1053 461 Homiliae
1066 432 1095 459 in
1113 432 1184 460 Acta
1199 431 1406 470 Apostolorum
1420 444 1427 460 z
1444 442 1509 470 quae
1523 433 1667 470 quoniam
1683 432 1720 461 ab
1734 443 1769 461 eo

238 492 338 516 more,
354 491 444 518 quem
467 479 696 518 Chrysostomus
711 480 742 508 iu
764 479 968 508 concionando
994 479 1173 518 plerumque
1196 486 1286 512 tenet,
1306 490 1538 517 nonnumquam
1553 479 1700 509 discedere
1726 481 1768 508 vi-

237 528 360 562 dentur,
375 526 413 556 ab
432 526 496 556 aliis
517 527 603 556 aliter
624 527 660 556 de
679 538 784 556 earum
810 527 979 566 integritate
999 534 1028 556 et
1041 527 1136 565 pretio
1157 526 1324 565 judicatum
1339 534 1391 556 est.
1410 527 1548 556 Fuerunt
1564 528 1651 556 etiam
1666 527 1769 565 quide

238 576 378 614 scriptore
393 574 578 609 dubitarent,
595 586 649 604 nec
662 574 798 604 abessent
816 575 949 604 multum
971 575 1046 613 quin
1066 573 1279 612 Clirysostomo
1293 574 1459 603 adimerent
1483 574 1566 613 quod
1589 585 1642 604 nos
1663 585 1723 603 non
1738 576 1767 603 in

234 623 412 652 cultioribus
431 623 553 662 quidem
574 630 602 652 et
628 623 761 662 perfectis
784 623 923 662 operibus
944 623 1008 659 ejus
1031 621 1125 651 Patris
1149 621 1303 659 ponimus,
1319 622 1370 650 sed
1390 623 1533 660 gravitate
1551 623 1767 651 sententiarum

235 678 265 700 ct
294 670 476 700 sublimitate
502 671 622 700 moralis
647 670 811 709 disciplinae
837 671 878 700 ibi
904 670 1029 705 traditae,
1059 670 1159 699 ceteris
1176 680 1259 709 paene
1282 670 1424 700 omnibus
1448 672 1561 699 mirum
1585 671 1616 699 in
1639 670 1766 700 modum

239 727 375 758 praestare
387 719 565 757 judicamus.

279 810 350 839 Post
368 820 402 839 ea
426 820 492 849 quae
506 811 537 838 in
561 811 711 849 superiore
734 809 888 839 volumine
914 810 1027 848 experti
1048 819 1177 845 eramus,
1205 818 1301 847 operae
1326 810 1457 847 pretium
1479 820 1533 838 nos
1558 810 1686 840 facturos
1713 823 1771 841 esse

241 859 490 895 existimavimus,
508 859 529 887 si
550 869 745 897 quaecumque
772 858 884 897 Regius
913 859 1184 896 manuscriptorum
1210 856 1367 886 thesaurus
1399 857 1523 894 offerret,
1549 859 1578 886 in
1604 870 1692 888 usum
1718 871 1771 889 no-

240 914 337 935 strum
359 913 609 935 converteremus.
635 906 727 935 Erant
748 913 849 935 autem
867 905 980 935 codices
995 913 1126 944 quatuor
1146 905 1227 943 (nam
1241 906 1384 943 quintum
1395 905 1433 934 ab
1447 914 1562 935 recente
1574 914 1603 935 et
1618 907 1695 936 male
1713 908 1772 937 fido

241 955 361 983 librario
379 961 533 982 exaratum
548 954 685 983 consulto
698 954 936 992 praeterivimus),
961 955 1112 992 scriptura*
1128 953 1303 982 varietatem
1328 953 1492 981 maximam
1515 953 1686 992 praebentes.
1702 954 1773 991 Qua‘

242 1002 324 1030 brevi
349 1008 481 1040 tempore
504 1012 557 1030 nos
584 1001 684 1030 docuit
706 1012 773 1031 vere
800 1008 978 1040 auguratum
998 1012 1057 1031 esse
1081 1001 1225 1030 Savilium
1242 1000 1279 1029 de
1300 1001 1411 1040 duplici
1432 1002 1526 1030 forma
1546 1002 1592 1031 vel
1608 1003 1775 1031 recensione

242 1051 350 1079 harum
362 1050 573 1080 Homiliarum.
585 1051 659 1080 Eam
673 1052 825 1089 perspicue
840 1056 1010 1079 monstrant
1024 1049 1137 1078 codices
1153 1049 1257 1083 nostri,
1268 1049 1467 1087 antiquiorem
1481 1056 1510 1078 et
1524 1051 1659 1088 genuinae
1673 1050 1774 1079 forma·

242 1099 408 1137 proximam
426 1097 475 1126 ille
489 1097 585 1126 saeculi
603 1097 720 1133 decimi,
734 1108 823 1136 quem
838 1097 922 1126 litera
937 1097 962 1123 D
977 1097 1176 1135 significamus
1189 1107 1195 1129 ;
1212 1096 1404 1125 recentiorem
1417 1096 1522 1135 reliqui
1537 1098 1590 1135 qui
1604 1097 1690 1125 nobis
1705 1105 1773 1126 sunt

243 1148 284 1181 A,
302 1149 336 1182 B,
354 1148 388 1181 (Ὗ,
408 1154 465 1175 tres
481 1157 515 1175 ex
531 1157 592 1174 uno
607 1146 687 1175 sonte
704 1146 837 1175 derivati.
856 1146 962 1174 Confer
989 1153 1119 1174 nostram
1139 1144 1363 1173 annotationem
1381 1154 1396 1172 c
1417 1143 1455 1172 ad
1470 1155 1500 1182 p.
1516 1146 1566 1180 52,
1585 1144 1616 1171 E.
1633 1144 1767 1174 Priorem

244 1195 386 1223 Erasmus
401 1194 491 1222 latine
512 1194 652 1232 expressit
672 1193 820 1231 eleganter
841 1200 870 1221 et
883 1200 1029 1227 accurate,
1046 1203 1107 1221 11011
1130 1199 1230 1220 nostro
1252 1197 1351 1219 tamen
1375 1191 1474 1219 codice
1490 1192 1516 1218 D
1531 1202 1602 1221 usus
1616 1203 1625 1230 ς
1641 1203 1710 1220 nam
1726 1192 1773 1221 hic

244 1242 386 1270 Homilias
401 1251 504 1270 omncs
526 1241 670 1274 continet,
688 1240 880 1269 Erasinianus
895 1240 1050 1278 postremis
1075 1240 1123 1274 (54
1136 1246 1164 1267 et
1179 1242 1227 1274 55)
1237 1239 1364 1267 caruisse
1377 1238 1507 1275 videtur,
1517 1240 1628 1278 quippe
1637 1250 1672 1268 ex
1682 1239 1773 1269 altera

243 1288 292 1317 illa
308 1288 475 1317 recensione
487 1288 517 1315 in
528 1286 678 1316 codicibus
691 1287 721 1314 A
737 1288 761 1314 B
783 1287 915 1325 Cagnita
930 1286 968 1315 ab
983 1287 1045 1325 ipso
1057 1286 1149 1315 latine
1169 1285 1303 1315 redditis.
1328 1286 1406 1317 Vide
1420 1297 1472 1315 nos
1494 1297 1559 1326 pag.
1579 1288 1648 1324 404,
1666 1295 1728 1317 not.
1744 1298 1772 1315 a.

246 1336 380 1365 Eandem
405 1335 607 1364 recensionem
629 1335 659 1362 in
681 1335 858 1363 universum
883 1335 974 1363 secuti
991 1341 1062 1363 sunt
1081 1334 1195 1363 Fronto
1210 1334 1335 1363 Ducaeus
1349 1341 1378 1363 et
1398 1334 1593 1371 Benedictini‚
1607 1334 1658 1364 sed
1679 1336 1774 1364 innu-

245 1384 333 1413 meris
357 1383 427 1411 locis
442 1393 477 1411 ex
494 1382 585 1411 altera
600 1382 807 1421 interpolatam
824 1389 851 1411 et
873 1383 960 1411 variis
974 1381 1070 1411 modis
1092 1382 1272 1420 permixtam
1295 1381 1447 1411 exhibent.
1477 1381 1521 1411 De
1541 1393 1601 1421 qua
1622 1393 1652 1411 re
1675 1383 1776 1412 brevi-

246 1440 288 1461 ter
315 1431 488 1460 monuimus
502 1431 530 1458 in
547 1437 614 1459 nota
631 1441 646 1458 c
665 1429 702 1459 ad
717 1441 783 1468 pag.
812 1432 861 1466 52,
888 1431 923 1466 E,
951 1438 979 1459 et
1003 1431 1109 1469 passim
1135 1430 1215 1458 alibi.
1239 1429 1377 1459 Ceterum
1394 1431 1484 1459 tantis
1512 1430 1650 1460 subsidiis
1664 1431 1776 1460 instru-

245 1481 282 1508 cti
296 1503 302 1513 ,
336 1481 396 1517 jam
423 1478 606 1516 apertissime
629 1488 801 1516 cognoscere
835 1485 1003 1516 poteramus
1018 1501 1024 1514 ‚
1063 1478 1093 1506 in
1123 1478 1263 1507 varietate
1292 1476 1429 1506 codicum
1474 1477 1646 1507 annotanda
1681 1479 1777 1508 Bene-

246 1527 429 1556 dictinmum
444 1525 636 1563 diligentiam,
660 1536 697 1554 ne
719 1525 853 1554 dicamus
878 1526 979 1560 fidem,
994 1536 1114 1564 prorsus
1127 1525 1298 1554 desiderari.
1327 1524 1457 1562 Quando
1480 1524 1518 1554 de
1537 1536 1594 1553 uno
1610 1526 1708 1555 codice
1733 1526 1777 1555 lo-

247 1574 433 1613 quebantur7
460 1580 598 1611 poterant
619 1573 655 1601 de
681 1573 776 1601 tribus
799 1580 977 1612 quatuorve,
1002 1577 1076 1612 quas
1105 1573 1230 1603 eandem
1245 1573 1403 1602 lectionem
1426 1573 1557 1612 praebere
1579 1574 1774 1606 videbamus:

247 1622 369 1662 quando
386 1621 422 1650 de
443 1621 648 1658 manuscriptis
662 1620 771 1656 (Mss.},
788 1621 836 1650 vix
851 1632 931 1649 unus
948 1621 1093 1659 ejusmodi
1111 1623 1288 1660 scripturam
1303 1621 1453 1658 offerebat,
1476 1622 1628 1651 interdum
1643 1633 1680 1651 116
1699 1633 1778 1651 unus

249 1671 370 1709 quidem
386 1682 392 1704 ;
410 1669 476 1698 vide
490 1678 555 1707 quae
566 1668 697 1697 diximus
710 1669 739 1696 in
755 1676 824 1697 nota
847 1670 862 1696 ἶ]
878 1669 914 1697 ad
930 1680 994 1708 pag*
1012 1671 1062 1703 53;
1080 1676 1151 1698 nota
1167 1671 1182 1696 [ι
1198 1668 1236 1698 ad
1258 1679 1324 1708 pag.
1350 1669 1405 1703 9:23
1433 1676 1503 1698 nota
1527 1680 1542 1697 e
1557 1669 1595 1698 ad
1615 1681 1681 1709 pag.
1709 1669 1777 1700 184;

250 1726 320 1747 nota
341 1728 358 1745 α
375 1717 413 1746 ad
429 1726 495 1755 pag.
524 1717 590 1749 191;
608 1722 677 1744 nota
693 1725 708 1742 c
725 1715 763 1743 ad
776 1725 842 1753 pag.
857 1716 925 1745 384.
953 1716 997 1744 Re
1017 1726 1086 1744 vera
1100 1727 1197 1745 unum
1219 1717 1431 1746 tantummodo
1451 1717 1608 1747 contulisse
1624 1717 1778 1752 videntur=

250 1766 336 1794 illum
352 1766 403 1803 qni
419 1764 504 1792 nobis
517 1770 560 1791 est
575 1763 610 1798 B,
629 1762 659 1790 in
675 1769 756 1792 textu
772 1763 963 1792 exscribendo
983 1763 1204 1793 Commelinum
1219 1766 1324 1801 secuti,
1346 1765 1464 1794 fortasse
1477 1766 1514 1794 ab
1529 1765 1680 1801 Morellio,
1697 1767 1781 1803 cujus

248 1814 378 1843 editione
393 1812 463 1841 inde
485 1822 502 1839 a
518 1810 670 1840 volumine
685 1818 788 1840 octavo
805 1811 990 1845 carebamus,
1009 1811 1055 1840 hic
1079 1811 1137 1841 illic
1161 1814 1305 1841 relictum.
1326 1813 1470 1842 Praeterea
1492 1813 1537 1842 illi
1559 1824 1594 1842 ex
1613 1813 1712 1842 codice
1736 1813 1779 1842 vel

249 1861 402 1890 rodit-ihus
430 1860 489 1888 suis
510 1857 688 1896 plerumque
711 1869 743 1887 ea
759 1866 905 1887 annotant
931 1870 996 1897 quae
1020 1870 1109 1888 nemo
1139 1861 1298 1899 quisquam
1328 1860 1492 1896 desideret,
1524 1869 1702 1900 praetereunt
1724 1861 1781 1890 serc

249 1910 395 1948 graviora,
415 1916 646 1943 nonnumquam
661 1905 711 1935 illa
724 1907 784 1945 ipsa
796 1917 864 1945 quae
880 1908 966 1936 unice
987 1918 1055 1936 vera
1071 1907 1208 1937 habenda
1217 1915 1298 1938 sunt.
1311 1909 1419 1938 Confer
1433 1916 1535 1938 notam
1551 1913 1564 1924 ²*
1577 1909 1615 1939 ad
1626 1920 1694 1949 pag.
1710 1911 1777 1939 401.

284 2003 373 2040 Quod
388 2003 424 2032 de
437 2003 549 2042 duplici
565 2002 733 2031 recensione
747 1999 856 2028 lriruin
871 1999 1069 2028 Homiliarum
1081 2001 1312 2038 significavimus
1325 2024 1332 2036 ,
1350 2002 1389 2030 ita
1402 2010 1607 2041 comparatum
1619 2009 1679 2039 est,
1698 2010 1730 2030 ut
1745 2014 1778 2031 ea

250 2053 345 2080 torma
358 2074 365 2087 ‚
384 2063 475 2090 quam
500 2052 590 2081 codex
616 2052 643 2078 D
662 2048 809 2084 ostendit,
835 2048 939 2077 multis
953 2059 982 2077 se
998 2049 1124 2087 vestigiis
1144 2049 1251 2088 prodat
1270 2049 1361 2078 altera
1377 2051 1577 2088 antiquiorem
1593 2057 1621 2079 et
1646 2051 1781 2088 genuina‘

251 2101 359 2139 origini
371 2100 534 2128 alliniorcm
545 2112 551 2127 :
562 2110 631 2127 nam
647 2098 767 2126 scientes
780 2096 1000 2135 prudentesque
1011 2107 1071 2125 non
1083 2096 1237 2135 loquimur
1248 2097 1285 2126 de
1298 2098 1499 2133 Chrysoswmi
1515 2108 1615 2129 mann,
1631 2098 1675 2126 uti
1688 2097 1781 2127 solent

254 2149 283 2175 in
307 2147 415 2176 talibus
433 2148 602 2176 criticorum
614 2146 750 2185 plurimi;
772 2144 847 2172 bene
862 2154 1008 2172 memores
1022 2143 1131 2172 harum
1149 2144 1367 2182 expositionum
1382 2143 1559 2172 biblicarum
1578 2144 1740 2180 (Homilias
1754 2146 1783 2173 in

256 2196 384 2225 Psalmos
405 2196 575 2235 excipimus)
595 2202 707 2234 partem
723 2193 885 2222 maximam
901 2203 961 2221 nou
982 2193 1121 2231 scriptam
1142 2193 1229 2221 fuisse
1243 2203 1260 2221 a
1281 2191 1312 2220 S.
1328 2192 1458 2227 doctore,
1469 2192 1518 2221 sed
1531 2203 1566 2220 ex
1581 2193 1783 2221 concionantis

252 2254 302 2272 ore
319 2244 431 2273 calamo
445 2251 608 2282 exceptatn;
628 2243 738 2271 luorum
756 2248 858 2270 autem
880 2240 1073 2269 voluminum
1086 2240 1262 2278 ταχυγροὲφων
1281 2239 1420 2268 manibus
1440 2239 1663 2268 cumulatorum
1680 2251 1745 2278 pars
1767 2252 1784 2268 a

252 2291 463 2330 Chrysostomo
482 2292 587 2320 relecta
601 2298 630 2319 et
645 2290 755 2319 cultius
769 2288 917 2318 elaborata
933 2288 1021 2317 fuisse
1036 2287 1167 2324 videtur,
1185 2295 1218 2316 ut
1232 2289 1260 2316 111
1276 2288 1385 2327 quibus
1398 2298 1590 2327 agnoscamus
1606 2294 1782 2326 perpetuum

252 2347 281 2369 ct
295 2339 438 2377 aequabile
456 2339 568 2368 flumen
584 2338 760 2376 eloquentiae
777 2336 1056 2375 Chrysostomiana‘3
1080 2346 1184 2364 verum
1205 2335 1272 2373 alia,
1292 2343 1325 2365 ut
1341 2346 1377 2365 ex
1392 2336 1461 2374 ipsis
1478 2336 1632 2374 perspicue
1649 2343 1782 2374 apparet,

255 2388 394 2417 exierunt
408 2387 635 2415 emendatricem
648 2393 676 2414 et
690 2385 888 2424 perfectricem
901 2394 1026 2412 manum
1045 2383 1075 2412 S.
1093 2383 1220 2413 doctoris
1233 2394 1292 2413 uon
1304 2391 1432 2423 experta.
1445 2384 1544 2420 Quare
1556 2394 1740 2421 quamquam
1754 2384 1783 2412 in

255 2436 303 2464 illa
319 2435 497 2470 recensione,
518 2434 616 2462 codice
634 2434 660 2460 Ι)
672 2433 757 2461 nobis
769 2431 950 2465 transmissa,
967 2430 1076 2459 multas
1095 2430 1213 2460 dicendi
1237 2431 1361 2459 virtutes
1375 2431 1552 2469 agnovimus
1564 2440 1630 2468 quae
1644 2429 1682 2458 ab
1695 2429 1785 2458 altera

253 2486 372 2519 absunt7
389 2494 448 2511 nou
477 2483 543 2511 ideo
560 2489 657 2510 tamen
673 2481 827 2510 confestim
842 2479 1043 2518 Chrysostomi
1058 2490 1182 2508 manum
1202 2490 1366 2517 crepamus.
1390 2479 1440 2507 Est
1454 2485 1555 2507 autem
1572 2479 1602 2506 in
1622 2477 1674 2506 illo
1687 2478 1785 2507 codice

252 2540 276 2559 ct
307 2531 466 2560 verborum
492 2531 578 2558 series
610 2536 636 2557 ct
659 2530 841 2558 constructio
860 2528 1040 2567 elegantior,
1072 2528 1287 2567 particularum
1310 2528 1475 2557 orationem
1495 2528 1688 2556 vincientium
1713 2536 1786 2554 usus

250 2582 377 2610 mat-tior
389 2588 415 2609 et
435 2581 572 2610 severior,
599 2580 658 2616 ipsa
675 2580 818 2617 expositio
843 2578 887 2608 vcl
903 2579 1029 2608 elocutio
1047 2579 1224 2615 adstrictior,
1241 2584 1272 2606 ut
1288 2586 1352 2616 qua¹
1380 2587 1437 2605 non
1455 2582 1564 2614 repetat
1584 2573 1725 2604 vocabula
1748 2584 1783 2602 cx
