1884 2922
739 235 840 257 INDEX

96 300 159 324 573.
174 306 198 323 n.
217 305 241 324 c.
258 296 326 332 Lex,
349 306 408 333 qna:
419 295 523 333 agenda
537 302 561 324 et
581 306 640 334 qum
656 306 707 324 non
722 296 836 335 agenda,

95 339 213 368 edicebat
225 339 346 378 quidem,
359 339 405 368 scd
421 340 491 368 nihil
505 340 669 369 certantibus
681 341 836 379 suppedita-

95 384 141 412 bat
156 392 162 410 z
177 394 224 422 per
244 383 343 412 Christi
366 391 454 413 autem
477 384 622 413 adrentum
637 385 780 412 certamina
798 385 836 412 fa-

94 428 188 456 ciliora
207 425 325 463 fuerunt,
342 429 405 467 quia
424 429 518 467 majori
534 435 662 457 certantes
686 428 837 456 fulcieban-

95 472 193 500 bantur
203 472 374 501 auxilio.1x.
386 478 449 501 588.
463 484 488 501 E.
503 475 560 502 Lex
574 479 633 511 post
645 472 749 500 labores
763 482 837 499 coro-

96 526 142 544 nas
158 516 336 555 pollicebatur
347 528 354 551 ,²
366 518 451 554 gratia
471 528 533 546 vero
548 517 620 556 prius
641 516 794 551 coronavit,
808 526 837 543 ac

95 559 193 588 deinde
215 559 251 588 acl
277 561 421 588 certamina
440 562 531 589 traxit.
556 562 600 589 lb.
623 573 648 588 a.
667 560 761 588 Gratia
783 567 838 588 erat

97 604 321 632 reconciliationis
334 603 552 633 indiciumsni.
568 609 630 633 346.
643 605 698 632 Lex
710 603 837 643 prcerari-

96 648 226 676 cationem
234 649 332 686 arguit,
348 650 433 687 gratia
445 660 508 677 vero
520 649 598 677 tollit.
612 656 656 677 tx.
671 653 733 676 588.
749 649 837 676 A.Du-

96 692 160 731 plici
171 692 251 720 modo
263 703 276 720 a
288 693 387 731 peccati
399 693 526 721 liberatus
534 704 559 721 es
570 693 720 732 tyrannide,
730 699 753 720 et
765 691 838 730 quod

96 737 148 766 sub
162 737 219 775 lege
234 747 285 765 non
297 737 333 765 sis
348 737 426 769 ultra,
441 745 464 766 et
476 738 549 776 quod
565 738 650 776 gratia
666 737 772 765 fruaris.
789 738 836 764 lb.

98 791 122 809 Β.
139 781 233 809 Gratia
248 792 281 809 ex
299 782 383 809 servis
398 781 495 810 liberos
506 803 515 816 ,
532 792 565 810 ex
579 781 701 821 parvulis
721 780 838 815 adultos,

97 835 131 852 ex
147 825 242 853 alienis
265 825 374 853 heredes
385 836 415 853 ac
431 826 501 854 filios
515 825 585 853 fecit.
600 832 632 853 X.
651 830 716 853 835.
734 835 760 852 c.
775 829 837 852 836.

98 868 180 897 Venit
196 869 261 898 fides
277 880 324 908 per
339 870 451 908 gratiam
475 876 604 898 attracta:
617 869 663 896 ubi
684 875 721 897 est
737 870 836 906 gratia,

99 912 136 940 ibi
151 919 176 940 et
192 913 328 949 remissi03
344 914 390 942 nbi
405 913 525 942 remissio
539 936 546 948 ,
563 913 600 941 ibi
613 913 718 940 nullum
734 912 839 950 suppli-

99 956 179 984 cium.
197 964 243 987 lx.
262 962 326 985 550.
341 968 369 986 D.
388 958 445 986 Lex
454 958 511 986 sine
524 957 676 985 remissione
690 963 838 995 peccatores

98 1000 244 1038 puniebat,
262 1001 345 1039 gratia
368 1012 430 1030 vero
455 1011 516 1029 cum
532 1000 617 1029 inulta
639 999 840 1037 longanimitate

99 1043 261 1082 supplicium
277 1043 376 1073 differt.
397 1052 429 1073 11.
447 1050 511 1073 390.
530 1056 552 1072 Β.
571 1045 627 1073 Lex
643 1053 763 1077 onerosa,
779 1054 839 1081 gra—

98 1087 135 1115 tia
145 1087 241 1116 facilis.
259 1095 305 1117 IX.
319 1093 384 1117 691.
401 1099 429 1120 ι),
445 1089 494 1117 Illa
515 1099 566 1116 non
583 1094 669 1127 potest
681 1087 785 1116 salvum
801 1087 840 1115 fa-

100 1141 174 1167 cere;
189 1132 273 1169 gratia
286 1139 310 1160 et
322 1143 396 1161 suani
411 1140 435 1161 et
447 1144 503 1161 eam
519 1143 578 1170 quse
588 1133 652 1169 legis
663 1131 839 1169 estjtlstitidm

100 1175 212 1214 praebet.
230 1178 276 1205 lh.
293 1177 423 1216 Majorcm
448 1187 479 1205 ac
501 1177 638 1204 meliorem
663 1186 737 1214 spem
761 1175 841 1203 hnb‹t

100 1219 185 1257 gratia
197 1230 279 1257 quam
290 1220 344 1249 lex.
359 1228 416 1249 xit.
429 1226 493 1249 188.
508 1221 568 1248 n.In
580 1220 637 1258 lege
647 1219 737 1257 gratiae
752 1219 840 1246 onmia

100 1263 255 1302 perfectiora
265 1275 343 1302 quam
352 1265 401 1292 snb
414 1265 505 1293 Veteri
516 1265 699 1292 Testamento.
711 1270 754 1291 tv.
771 1268 836 1291 867.

102 1316 127 1333 c.
144 1318 172 1336 n.
192 1310 259 1335 Ante
275 1308 366 1346 gratiae
383 1308 483 1336 Christi
507 1315 637 1346 tempora,
661 1307 746 1334 virtus
762 1307 840 1343 longe

99 1357 155 1378 erat
169 1350 318 1380 difficilior.
337 1359 396 1380 xn.
415 1357 478 1380 486.
490 1363 515 1381 Β.
532 1353 609 1380 Nunc
624 1358 712 1379 autem
726 1352 840 1389 majores

99 1393 263 1423 evolvuntur
277 1395 369 1433 gratiae
388 1405 528 1424 mensurae.
554 1397 599 1424 ΙΙ).
624 1405 649 1423 c.
665 1395 767 1423 Gratiae
793 1395 840 1422 ad-

99 1444 195 1466 ventus
206 1445 335 1476 quantum
351 1446 417 1467 esset
434 1439 608 1468 necessarius.
625 1446 672 1467 lx.
690 1443 755 1467 619.
774 1450 798 1466 Α.

140 1482 235 1510 Gratia
254 1481 346 1510 divina
365 1482 542 1510 comitabatur
555 1482 719 1520 Josephnm,
736 1489 761 1510 et
780 1482 839 1510 red-

98 1525 178 1553 debat
205 1526 229 1553 ei
255 1525 341 1553 facilia
367 1525 456 1553 omnia
477 1536 536 1563 quse
560 1525 651 1563 gravia
673 1532 758 1554 erant.
792 1533 838 1554 lv.

99 1574 164 1597 689.
175 1582 200 1598 Δ.
215 1570 264 1597 Dei
277 1569 361 1608 gratia
379 1576 433 1598 erat
450 1569 475 1597 in
491 1569 570 1598 labiis
583 1569 696 1598 Davidis
711 1569 837 1598 residens.

99 1619 145 1640 lv.
156 1618 220 1640 880.
234 1623 259 1641 B.

139 1660 240 1689 Gratiae
257 1661 297 1689 vis
311 1667 419 1698 quanta.
435 1667 506 1691 Vttt.
526 1665 588 1689 509.
604 1671 629 1689 E.
653 1671 677 1689 »1.
701 1661 840 1699 Apostolos

99 1715 132 1733 cx
149 1705 228 1733 luteis
245 1705 342 1733 ferreos
357 1703 486 1739 reddidit,
502 1704 624 1732 volucres
640 1705 736 1733 effecit.
754 1707 796 1733 lb.
812 1716 838 1734 E.

100 1749 195 1777 Gratia
206 1749 258 1777 Dei
272 1747 388 1783 suffulti,
399 1748 490 1776 orbem
505 1748 538 1776 ad
551 1748 689 1776 Christum
702 1756 841 1777 converte-

99 1799 172 1820 1unt.
191 1800 225 1821 X.
242 1797 288 1821 43.
304 1803 330 1820 D.
348 1792 396 1820 Dci
419 1792 504 1830 gratia
528 1792 632 1819 munito
650 1791 718 1819 nihil
734 1792 837 1821 fortius.

100 1843 146 1866 IV.
164 1841 228 1865 543.
244 1848 268 1864 a.
288 1841 352 1865 586.
369 1847 395 1865 c.
406 1837 540 1875 Martyres
555 1836 636 1864 sortes
650 1835 731 1864 efficit
745 1837 839 1874 gratia.

100 1887 133 1909 11.
147 1885 213 1909 744.
225 1891 252 1910 Α.
267 1879 415 1908 Adamante
430 1880 570 1908 solidiores
585 1880 634 1908 Dei
647 1880 730 1918 gratia
744 1890 792 1909 nos
803 1881 839 1909 ef-

99 1925 168 1960 licit,
180 1932 218 1960 et,
233 1925 256 1952 si
269 1925 394 1952 volumus
404 1947 413 1961 ‚
427 1924 535 1952 omnino
547 1924 670 1953 invictos.
686 1931 731 1953 lv.
749 1929 795 1953 29.
811 1936 838 1953 D.

100 1969 154 2004 Qui
172 1969 286 2007 gratiam
300 1968 394 2005 habet,
411 1969 543 1997 neminem
557 1969 639 1997 timet.
652 1976 685 1998 X.
701 1974 727 1998 6.
745 1969 839 1997 Gratia

99 2023 151 2041 non
166 2013 236 2041 tollit
249 2013 366 2041 liberum
380 2013 533 2041 arbitrium.
552 2020 608 2043 Vll.
619 2018 718 2042 535.1³.

139 2061 241 2091 Gratiae
260 2072 357 2089 munus
376 2062 463 2100 quale.
479 2069 524 2091 Xt.
546 2067 608 2091 821.
632 2073 661 2091 D.
677 2061 727 2091 Dei
744 2063 839 2100 praesi-

98 2106 144 2134 dio
159 2106 220 2141 niti,
235 2113 364 2144 quantum
380 2107 422 2134 sit.
437 2111 555 2134 111668.
571 2117 598 2134 D.
611 2106 717 2140 Quanta
730 2105 764 2133 sit
779 2116 840 2144 gra-

99 2151 142 2178 tiae
167 2149 334 2188 magnitudo.
361 2156 392 2177 V.
416 2153 479 2177 415.
498 2160 523 2177 e.
550 2156 596 2178 tx.
618 2153 682 2178 619.
702 2159 727 2176 E.
746 2149 838 2177 Gratia

98 2193 191 2221 divina
215 2204 262 2221 ceu
283 2203 378 2221 arvum
401 2193 549 2221 Ecclesiam
565 2193 637 2221 colit.
651 2200 670 2222 t.
684 2198 748 2221 669.
766 2203 793 2222 D.
809 2194 838 2221 In

99 2237 178 2265 corde
203 2236 346 2265 adveniens
357 2259 365 2273 ,
392 2247 437 2265 cor
461 2237 580 2276 primum
610 2244 751 2275 expurgat.
778 2243 835 2265 VH.

98 2286 164 2310 254.
181 2292 205 2308 Β.
222 2281 352 2308 Fomitem
373 2281 593 2319 concupiscentiae
616 2280 766 2319 restinguit.
790 2287 836 2309 IV.

99 2330 162 2355 525.
180 2335 206 2354 e.
225 2325 280 2359 Qui
302 2325 352 2352 Dei
373 2325 507 2352 auxilium
534 2325 701 2362 assequitur,
717 2324 796 2352 etiam
811 2324 838 2352 in

97 2369 194 2397 mediis
213 2368 292 2396 malis
319 2368 434 2404 ridebit,
453 2378 483 2396 ac
508 2369 586 2396 nihili
609 2369 716 2407 putabit
736 2368 837 2396 omnia.

98 2417 162 2441 694.
179 2422 204 2440 C.
219 2412 313 2440 Gratia
326 2411 375 2439 Dei
388 2411 471 2438 ardua
487 2411 575 2438 facilia
589 2411 686 2445 reddit,
699 2418 724 2439 et
737 2417 764 2438 ut
775 2421 839 2440 cun·

97 2463 138 2484 cta
164 2466 290 2494 prospere
312 2455 464 2489 succedant,
489 2456 579 2483 eflicit.
606 2460 670 2484 616.
687 2467 712 2484 Α.
728 2460 792 2483 694.
809 2466 835 2483 c.

98 2501 200 2529 Gravia
212 2500 280 2527 levia
292 2500 435 2529 facit.607.
447 2509 475 2527 D.
491 2498 557 2536 Ejus
571 2499 673 2527 anxilio
680 2499 770 2527 eadem
779 2509 839 2538 pos-

98 2554 205 2578 sumus,
230 2554 290 2581 quae
305 2544 402 2572 Petrus
417 2550 444 2572 et
459 2542 568 2577 Paulus,
583 2549 716 2582 praestare.
733 2550 752 2571 1.
772 2548 836 2571 167.

98 2598 123 2616 c.
136 2598 162 2616 D.
175 2587 268 2616 Gratia
285 2598 299 2614 a
311 2586 486 2615 saecularibus
500 2586 639 2622 abstrahit,
654 2594 678 2614 et
693 2586 727 2615 ad
742 2587 836 2616 caetum

98 2629 182 2659 ducit.
204 2638 250 2658 XI.
275 2635 338 2659 821.
365 2641 392 2660 E.
421 2634 485 2658 822.
505 2630 597 2658 Gratia
625 2630 670 2659 Dei
689 2630 769 2658 finem
784 2641 836 2659 non

1568 224 1636 258 263

892 301 987 337 habet,
1006 301 1148 329 terminum
1170 300 1269 336 nescit,
1290 299 1335 329 scd
1356 299 1391 328 ad
1418 301 1519 339 majora
1533 311 1637 340 semper

891 345 1022 384 procedit.
1044 352 1091 374 lx.
1109 349 1172 373 562.
1192 355 1218 374 F..
1234 345 1368 383 Tempore
1382 354 1434 372 non
1452 344 1631 373 concluditur.

893 396 936 417 tlt.
949 393 1011 417 915.
1026 400 1050 417 B.
1066 389 1221 416 Naturalem
1232 388 1315 417 vincit
1325 388 1462 416 affectum.
1474 395 1519 417 IV.
1535 393 1634 417 8391).

891 433 985 460 Gratia
1003 443 1053 460 non
1066 433 1196 471 originale
1213 432 1382 461 solummodo
1399 433 1461 460 tulit
1484 439 1632 471 peccatum,

893 476 938 504 scil
952 483 976 504 et
992 477 1045 504 alia
1059 478 1155 504 multa.
1171 481 1289 505 151786.
1303 487 1327 504 B.
1345 481 1410 504 787.

932 520 1026 548 Gratia
1038 520 1156 559 Spiritus
1165 530 1260 558 inagna
1272 527 1296 548 et
1309 519 1462 558 multiplex.
1475 526 1519 548 tv.
1532 524 1595 550 836,
1607 530 1631 547 ss.

892 563 993 591 Gratiae
1010 574 1098 592 mensa
1117 564 1190 592 varia
1217 571 1265 599 cst,
1288 564 1433 602 multiplex
1462 571 1486 592 ct
1510 563 1632 602 opipara.

890 608 936 634 ΙΙ).
953 619 978 635 Α.
996 608 1143 636 Ineffabilis
1154 615 1192 636 est
1206 608 1323 646 Spiritus
1337 607 1433 646 gratia,
1449 615 1472 635 et
1490 607 1634 646 multiplex

891 650 1001 679 donum.
1018 659 1089 680 vm.
1105 657 1168 681 589.
1183 663 1208 680 Β.
1220 652 1357 680 ‘Liberalis
1370 659 1418 686 est,
1433 659 1492 680 etse
1504 653 1530 680 in
1542 662 1634 680 omnes

891 695 1047 730 cssundens3
1063 696 1165 723 nullam
1187 695 1347 724 divisionem
1363 695 1490 731 sustinet,
1503 695 1550 724 sed
1571 706 1632 724 cum

891 738 1080 774 distribuitur,
1094 740 1179 777 magis
1199 739 1302 767 crescit.
1320 745 1364 769 tv.
1383 743 1448 767 517,
1463 751 1489 767 A.
1504 739 1559 773 Qui
1574 749 1633 767 eain

891 783 1040 822 acceperit,
1060 783 1179 821 undique
1201 783 1306 811 lucrum
1331 782 1443 820 colligit.
1472 789 1518 811 111.
1539 788 1584 811 67.
1603 793 1630 811 D.

892 826 946 862 Qui
972 827 1082 866 spiritus
1108 826 1221 864 gratiam
1237 826 1360 864 accepit,
1377 835 1457 862 qnam
1481 832 1519 853 est
1540 826 1631 860 velox,

892 880 971 907 qnam
985 870 1063 906 acris,
1074 876 1104 898 nt
1116 869 1204 897 omnia
1219 869 1286 901 obit,
1300 875 1392 896 utnon
1408 868 1489 896 sertnr
1499 868 1633 897 deorsum.

893 920 951 941 XII.
970 919 1035 943 297.
1052 925 1075 941 B.
1093 914 1146 941 Ista
1162 913 1247 951 gratia
1264 913 1381 941 animam
1408 912 1554 950 fulgentem
1576 913 1635 941 effi-

893 957 938 984 cit.
968 965 986 986 1.
1004 962 1031 987 2.
1055 969 1081 986 A.
1102 958 1219 996 Spiritus
1235 957 1320 995 gratia
1343 966 1489 994 numquam
1506 967 1589 994 parva
1610 964 1635 985 et

892 1001 969 1036 vilis,
981 1001 1027 1030 sed
1045 1012 1141 1040 magna
1162 1009 1186 1030 et
1207 1001 1357 1037 mirabilis,
1373 1007 1397 1028 et
1420 1000 1509 1028 dantis
1524 1001 1635 1029 munifi-

893 1046 977 1073 centia
992 1046 1082 1084 digna.
1096 1053 1128 1074 11.
1142 1050 1166 1074 2.
1180 1057 1208 1074 D.
1219 1049 1289 1073 Ante
1309 1047 1423 1083 gratiam
1439 1051 1463 1072 et
1477 1052 1537 1073 ante
1548 1045 1634 1084 legem

893 1099 944 1117 non
962 1096 1034 1118 tanta
1049 1096 1105 1117 erat
1119 1089 1236 1128 Spiritus
1248 1089 1446 1128 gratia.11.325.
1457 1099 1484 1119 D.
1501 1089 1574 1117 Viris
1586 1089 1632 1126 qni

892 1132 1022 1161 docentur
1032 1144 1046 1161 a
1058 1134 1140 1171 gratia
1157 1133 1301 1172 Spiritus‚c
1309 1133 1417 1161 onvenit
1431 1133 1516 1170 quies,
1529 1131 1595 1160 ordo
1609 1139 1635 1160 et

893 1176 1049 1207 moderatio.
1069 1184 1101 1205 V.
1119 1182 1183 1205 224.
1202 1187 1229 1204 Ε.
1242 1177 1370 1216 Nosipsos
1385 1177 1484 1215 templa
1499 1177 1549 1204 Dei
1571 1176 1635 1205 facit

893 1220 1010 1258 Spiritus
1025 1221 1121 1259 gratia,
1139 1228 1167 1248 ut
1182 1231 1277 1259 magna
1293 1220 1411 1258 undique
1426 1220 1503 1248 nobis
1523 1230 1635 1259 precan-

892 1264 920 1292 di
941 1265 1053 1292 facultas
1073 1264 1153 1292 adsit.
1173 1271 1217 1294 IV.
1237 1269 1300 1293 854,
1317 1274 1345 1292 A.
1368 1263 1454 1291 Multa
1475 1263 1550 1291 nobis
1564 1263 1633 1292 bona

892 1308 955 1336 facit
977 1309 1047 1337 Deus
1063 1308 1142 1336 etiam
1158 1307 1262 1345 invitis,
1275 1307 1357 1335 inulta
1375 1318 1480 1345 quoque
1492 1314 1518 1335 et
1534 1308 1635 1346 majora

894 1351 1083 1381 nescientibus.
1101 1359 1148 1380 Xt.
1166 1356 1230 1380 461.
1245 1361 1272 1378 e.

934 1396 1026 1424 Gratia
1040 1406 1102 1423 vcra
1117 1406 1131 1422 a
1145 1397 1201 1422 Deo
1213 1401 1260 1422 est.
1281 1401 1313 1422 X.
1329 1398 1356 1423 6.
1369 1401 1394 1422 ct
1404 1404 1419 1421 a
1432 1394 1550 1422 bonitate
1563 1395 1631 1432 ejus.

894 1448 941 1470 Χῐ,
959 1444 983 1468 6.
1003 1450 1029 1467 E.
1045 1439 1140 1468 Gratia
1157 1438 1190 1466 ad
1210 1437 1291 1466 fidem
1307 1438 1461 1466 necessaria.
1484 1445 1514 1466 v.
1531 1443 1593 1467 371.
1607 1450 1631 1469 n.

893 1495 919 1513 c.
936 1495 963 1512 D.
980 1483 1061 1512 Venit
1075 1482 1141 1511 fides
1151 1493 1198 1521 per
1213 1481 1326 1520 gratiam
1335 1489 1456 1511 attracta.
1472 1489 1519 1510 lx.
1530 1487 1593 1511 550.
1607 1494 1634 1511 D.

894 1530 1001 1557 Donum
1014 1528 1065 1556 Dei
1076 1527 1141 1555 fides
1154 1533 1203 1562 est,
1212 1537 1245 1554 ex
1253 1526 1348 1554 Paulo.
1359 1533 1404 1555 IX.
1414 1531 1478 1555 261.
1489 1528 1635 1557 avocatio

893 1580 918 1601 et
931 1573 1055 1611 purgatio
1070 1582 1104 1599 ex
1123 1571 1208 1609 gratia
1225 1577 1285 1598 sunt
1298 1581 1305 1605 ;
1316 1581 1446 1599 vocamur
1459 1578 1565 1607 autem,
1582 1583 1633 1600 non

893 1627 927 1645 ex
949 1616 1059 1650 merito,
1074 1614 1120 1643 sed
1142 1625 1175 1642 ex
1191 1613 1287 1652 gratia.
1312 1620 1370 1643 vlt.
1384 1619 1449 1642 768.
1473 1625 1502 1643 D.
1521 1616 1635 1644 Vocatio

894 1671 945 1688 non
958 1661 1013 1688 vim
1029 1659 1117 1687 infert.
1133 1665 1203 1687 VIII.
1220 1662 1285 1687 324.
1300 1668 1325 1685 c.
1338 1658 1483 1695 Postquam
1494 1659 1564 1697 jacta
1577 1660 1635 1688 fue-

893 1705 946 1732 rint
961 1703 1025 1732 fidei
1046 1703 1216 1731 fundamenta
1230 1724 1237 1736 ,
1248 1702 1304 1740 jam
1318 1712 1385 1740 opus
1401 1709 1438 1730 est
1458 1703 1560 1731 anxilio
1575 1704 1636 1742 Spi-

893 1748 960 1776 ritus
970 1771 978 1785 ,
993 1754 1023 1776 ut
1042 1747 1069 1775 in
1084 1747 1160 1775 nobis
1175 1753 1301 1785 perpetuo
1321 1753 1426 1774 maneat
1438 1747 1595 1776 inconcussa
1610 1755 1635 1776 et

893 1791 1121 1831 inexpugnabilis.
1140 1798 1185 1819 ΙΙΙ.
1203 1794 1267 1818 316.
1286 1800 1310 1818 e.
1326 1791 1397 1818 Deus
1409 1812 1416 1825 ‚
1428 1790 1533 1818 tametsi
1545 1798 1633 1827 vocet,

892 1844 1027 1877 exspectat
1036 1844 1122 1865 tamen
1136 1843 1164 1864 ut
1176 1842 1270 1874 sponte
1282 1842 1306 1863 et
1318 1835 1426 1874 propria
1438 1835 1575 1864 voluntate
1585 1847 1634 1865 ac-

892 1883 1026 1912 cedamus.
1039 1883 1083 1911 lb.
1098 1892 1125 1910 D.
1144 1881 1174 1908 ln
1187 1880 1326 1908 voluntate
1348 1886 1448 1914 nostra,
1468 1886 1526 1918 post
1540 1891 1635 1920 super-

893 1937 954 1955 nam
970 1925 1093 1964 gratiam,
1106 1925 1162 1953 sitae
1175 1931 1235 1953 sunt
1246 1925 1367 1952 virtutes.
1381 1930 1426 1952 tv.
1441 1928 1506 1952 603.
1525 1934 1551 1952 Α.

933 1972 1028 2001 Gratia
1054 1978 1145 2010 parata
1159 1977 1197 1999 est
1211 1993 1217 2005 ,
1230 1977 1255 1998 ct
1271 1969 1383 2007 requirit
1402 1980 1445 1998 eos
1463 1970 1508 2007 qni
1524 1980 1552 1998 se
1573 1980 1635 1998 cum

893 2017 1029 2045 alacritate
1039 2022 1065 2044 et
1078 2015 1187 2053 largiter
1208 2014 1363 2052 suscipiant.
1378 2021 1423 2044 lv.
1436 2019 1481 2042 79.
1494 2025 1520 2042 A.
1533 2018 1632 2042 1461).

893 2061 1001 2098 Ubique
1008 2067 1031 2088 et
1040 2060 1067 2087 in
1079 2059 1204 2087 omnibus
1216 2058 1264 2086 tibi
1274 2058 1356 2096 gratia
1366 2058 1448 2091 adest,
1457 2064 1562 2086 etsuam
1572 2068 1633 2086 con-

892 2105 942 2132 fert
957 2114 1045 2142 opem.
1057 2110 1101 2131 lx.
1112 2107 1176 2131 646.
1187 2101 1313 2131 Gratiam
1329 2103 1400 2130 Dens
1415 2101 1555 2140 dat‚prius
1570 2112 1634 2140 pro-

892 2148 1009 2187 positum
1025 2153 1168 2184 scrutatus.
1184 2153 1205 2175 1.
1220 2150 1283 2174 169.
1303 2156 1329 2173 Α.
1348 2145 1442 2174 Gratia
1455 2155 1563 2183 operam
1581 2155 1630 2174 no-

892 2200 973 2221 stram
990 2191 1100 2229 requirit
1117 2190 1196 2218 :ideo
1220 2189 1287 2217 alios
1310 2188 1440 2226 sequitur,
1459 2195 1556 2217 etcum
1579 2188 1635 2217 illis

893 2234 1091 2275 pcrmanet,ab
1108 2234 1169 2262 aliis
1194 2233 1298 2268 evolat,
1312 2233 1427 2270 reliquos
1451 2239 1539 2261 autem
1561 2243 1594 2261 ne
1618 2243 1633 2260 a

892 2280 1024 2318 principio
1039 2278 1149 2316 quidem
1168 2277 1285 2315 attingit.
1305 2278 1351 2305 lh.
1366 2277 1460 2306 Gratia
1484 2277 1558 2305 adest
1584 2287 1632 2306 vo-

891 2323 1016 2351 lentibus.
1030 2329 1075 2351 lx.
1092 2327 1154 2350 493.
1172 2332 1197 2350 c.
1215 2326 1278 2350 494.
1290 2321 1368 2349 Illam
1381 2321 1514 2349 allicimus
1524 2331 1572 2360 per
1586 2321 1633 2349 bo-

893 2378 925 2395 na
940 2377 1020 2406 opera
1043 2373 1067 2394 et
1089 2377 1135 2404 per
1152 2365 1281 2404 optimam
1299 2365 1395 2403 agendi
1418 2365 1558 2393 rationem.
1584 2372 1631 2394 111.

893 2416 955 2439 316.
972 2421 998 2438 ε.
1019 2411 1078 2438 *Non
1099 2415 1183 2447 potest
1198 2409 1283 2447 gratia
1299 2409 1366 2442 frui,
1386 2409 1431 2447 qui
1451 2419 1503 2437 non
1523 2408 1629 2446 vigilat.

893 2462 939 2484 lx.
958 2460 1003 2482 11.
1021 2465 1047 2481 A.
1058 2453 1165 2481 Mavult
1180 2453 1252 2480 Deus
1272 2452 1385 2490 gratiam
1400 2452 1545 2491 nobisipsis
1558 2451 1633 2487 dare,

892 2508 975 2536 quam
993 2497 1045 2525 alio
1061 2507 1109 2536 pro
1126 2496 1205 2524 nobis
1221 2495 1390 2534 deprecante.
1409 2503 1466 2524 ΠΙ.
1483 2501 1529 2524 93.
1547 2497 1636 2525 c.Pro

893 2542 972 2571 modo
982 2549 1077 2570 nostrae
1089 2541 1264 2576 necessitatis,
1279 2551 1358 2568 suum
1373 2540 1475 2579 praebet
1489 2539 1635 2570 auxilium.

894 2593 926 2615 V.
941 2590 1004 2615 404.
1023 2596 1047 2613 c.
1059 2584 1132 2613 Illud
1145 2583 1295 2622 aliquando
1307 2583 1415 2619 differt,
1432 2590 1461 2611 ut
1475 2585 1560 2623 magis
1570 2595 1636 2623 pro-

894 2632 948 2660 bati
960 2630 1181 2660 inveniamurX.
1191 2635 1253 2659 415.
1264 2641 1292 2659 D.
1306 2630 1427 2664 111on
1438 2631 1518 2660 vitam
1529 2631 1638 2659 exhibet

872 235 951 257 ttEttt
962 235 997 256 st.
