1910 2907
59 532 147 553 δύω-,1.
163 531 186 553 6.

46 568 185 591 dinewr).

747 195 833 218 NUNC
862 196 993 219 ratmot
1023 195 1204 219 anonam]
1213 209 1220 218 .

199 265 280 292 quam
294 254 320 284 in
335 254 494 291 calamitate,
507 263 553 285 aut
568 263 643 284 terra}
655 263 738 293 motu,
751 257 793 287 vel
807 257 933 292 siccitate,

198 310 247 338 per
268 301 366 340 plateas
386 302 503 331 civitatis
523 313 578 331 suae
594 309 619 331 et
638 303 869 343 Constantinopoli
883 304 938 332 cir-

199 355 351 376 cumeuntes
363 348 529 385 psallebant,
542 349 651 387 Deoque
666 349 852 388 supplicabant
868 357 897 378 ut
912 350 941 378 il-

195 392 254 421 lum
286 394 439 433 episcopum
465 394 601 423 haberent.
633 395 695 423 Haec
723 406 786 424 vero
817 395 940 424 Gerontii

196 438 327 478 depositio
340 441 390 468 sub
414 440 469 468 haec
496 441 593 470 Joanni
620 441 812 480 Chrysostomo
837 442 940 481 objecta

197 485 262 521 suit,
274 485 381 523 quando
401 486 448 514 illa
463 493 535 515 tanta
549 486 677 515 adversus
693 488 781 526 ipsum
801 494 941 526 tempestas

198 538 256 559 orta
283 537 331 559 est.
352 532 509 560 Novatianis
537 539 626 560 autem
645 539 670 560 et
691 533 941 567 Quartodecimanis

198 577 310 615 aliisque
325 578 455 606 haereticis
474 578 570 606 multas
587 578 710 607 ecclesias
728 579 838 607 ademit.
852 581 941 618 Atque

198 623 300 662 Ephesi
317 633 378 651 cum
401 631 484 659 esset,
498 624 584 662 inquit
606 625 732 659 Proetus,
745 625 828 653 Midae
852 626 939 653 cultus

196 680 324 697 arcanum
342 679 420 697 omne
433 669 534 698 detexit
547 681 554 703 ;
568 677 593 698 et
610 681 670 698 cum
685 670 710 698 in
728 670 875 709 Phrygiam
895 681 942 698 ve-

197 716 288 753 nisset,
304 717 386 744 Matri
400 718 488 745 Deum
501 717 609 756 Cybelae
621 717 690 745 filios
702 728 793 746 omnes
813 717 938 751 abstulit,

1673 185 1739 220 103

992 258 1033 286 xit
1049 269 1054 285 :
1069 257 1098 287 Si
1107 258 1224 297 Serapio
1243 260 1385 285 moriatur·
1396 257 1589 292 Christianus,
1601 258 1733 286 Chr-Istus

992 303 1075 332 homo
1090 314 1148 331 non
1168 304 1265 341 factus
1276 310 1325 332 est.
1343 303 1399 332 lloc
1411 304 1513 332 dictum
1525 310 1594 332 certe
1606 303 1733 343 impieta-

993 356 1046 378 tem
1057 350 1127 389 sapit
1140 362 1147 386 ;
1159 350 1268 389 Serapio
1285 357 1372 378 autem
1397 350 1512 388 maligne
1522 372 1529 385 ,
1544 350 1651 378 demitis
1662 350 1733 389 prio-

993 395 1068 423 ribus
1090 395 1178 423 verbis
1191 418 1198 431 ,
1221 396 1373 424 affirmabat
1396 396 1570 424 Severianum
1591 395 1648 424 haec
1674 406 1735 435 pro-

993 441 1085 469 tulisse
1110 442 1206 477 verba,
1221 442 1354 470 Christus
1378 442 1462 469 homo
1484 442 1582 478 factus
1601 449 1733 477 nonest,

994 487 1144 526 multosque
1152 488 1335 516 suaesactionis
1348 495 1422 516 testes
1437 488 1612 527 producebat,
1627 489 1671 526 qui
1684 489 1735 517 hoc

994 544 1021 562 se
1034 544 1049 561 a
1064 534 1207 562 Severiano
1221 533 1324 562 dictum
1339 534 1475 563 audivisse
1488 534 1653 563 affirmarent
1663 557 1671 571 ,
1685 535 1734 563 Se-

994 579 1119 607 verianus
1134 590 1208 615 vero,
1224 590 1252 607 se
1267 590 1318 608 non
1331 581 1366 607 ita
1378 579 1479 608 dixisse
1492 580 1675 614 asseverabat,
1691 579 1736 608 scd

995 631 1076 652 totam
1091 625 1247 653 sententiam
1262 648 1267 658 ,
1281 632 1402 664 utsupra
1416 625 1535 653 diximus
1552 637 1558 652 ι
1574 636 1632 663 quae
1648 632 1735 653 tamen

993 677 1018 698 et
1037 670 1094 709 ipsa
1110 670 1192 709 impia
1206 682 1268 699 cum
1283 677 1360 706 esset,
1371 671 1531 699 Severianus
1546 682 1561 699 a
1576 671 1738 710 Chrys-osto-

995 725 1038 743 mo
1053 726 1085 742 ex
1102 715 1168 743 urbe
1183 715 1275 754 pulsus
1297 716 1346 743 suit
1360 737 1366 749 ,
1382 722 1409 743 ut
1428 716 1465 743 ait
1487 716 1617 744 Socrates.
1631 718 1736 745 Verum

198 772 259 790 cum
272 773 364 791 eorum
379 764 479 802 templa
492 763 636 793 destruxit.

237 809 370 838 Reversus
385 809 592 849 Chrysostomus
603 821 637 839 ex
648 811 707 839 Asia
721 811 796 849 quasi
811 821 845 838 ex
860 810 940 848 longa

196 855 426 894 peregrinatione,
441 856 468 883 in
490 866 542 893 qua
566 856 627 895 plus
647 867 730 894 quam
757 863 863 884 centum
883 856 941 885 dies

196 901 374 936 insumserat,
392 901 520 940 postridie
535 902 680 930 orationem
695 902 791 930 habuit
805 901 840 930 ad
855 912 942 941 popu-

196 947 254 975 lum
269 957 453 984 suum,quem
467 947 579 975 summis
596 947 722 976 laudibus
743 947 847 976 extollit
867 948 940 986 quod

994 771 1027 788 ex
1042 760 1227 800 Chrysostomi
1243 760 1323 788 dictis
1338 767 1407 800 patet
1426 761 1600 790 Severianum
1611 773 1625 789 a
1638 763 1737 801 populo
1750 770 1827 799 Chrys.
1840 774 1855 790 t.
1868 768 1892 791 3.

995 805 1150 844 indignante
1164 806 1307 845 expulsum
1322 806 1414 834 fuisse.
1750 809 1773 829 1²⁴
1784 800 1838 830 4¹3·
1855 808 1875 822 ³·

1035 852 1080 879 sic
1099 851 1228 890 expulsus
1241 851 1400 880 Severianus
1413 851 1609 881 Chalcedonem
1621 854 1736 881 commi-
1760 861 1891 881 sexerimus

995 899 1093 937 gravit.
1108 900 1212 928 Verum
1225 898 1349 927 Eudoxia
1362 901 1492 937 Augusta,
1503 899 1575 938 apud
1586 910 1666 937 quam
1678 911 1738 939 gra·
1751 892 1798 911 ’ΜΕ
1814 898 1863 911 ‘¹¹¹⁰

1751 922 1796 942 Chr
1806 926 1882 941 *susto-

995 947 1031 974 tia
1044 945 1151 974 valebat
1164 945 1334 982 Severianus,
1345 945 1514 974 Chalcedone
1524 946 1612 984 ipsum
1624 957 1736 974 revoca·
1752 960 1787 973 mo
1797 930 1892 973 Jrecou-

58 814 96 835 J0.
106 814 186 844 Chi-ys.

44 850 61 867 t.
69 845 90 867 3.
99 855 121 875 p.
128 847 142 874 4
150 853 155 867 t
164 853 184 868 1.

1750 984 1848 1005 cili-itur.

197 1003 258 1021 cum
280 999 352 1020 tanto
367 992 466 1030 gaudio
490 992 570 1021 illum
589 993 744 1021 redeuntem
766 994 940 1032 exceperint,

197 1038 269 1077 quod
289 1038 425 1067 civitatem
444 1045 526 1066 totam
542 1038 569 1067 in
586 1039 723 1067 ecclesiam
743 1040 937 1075 converterint,

196 1084 271 1123 quod
285 1095 346 1114 cum
364 1084 497 1113 lnereticis
511 1085 647 1114 colluctati
663 1085 724 1114 sint.
744 1087 881 1124 Nusquam
895 1098 940 1115 ve-

197 1142 227 1159 ro
242 1138 346 1159 tantum
358 1130 449 1170 gaudii
462 1131 585 1159 exhibuit
598 1155 606 1170 ‚
618 1139 749 1170 quantum
767 1133 793 1161 in
809 1133 858 1161 hac
873 1144 940 1162 con-

198 1178 284 1212 cione,
298 1178 343 1205 ubi
357 1185 425 1205 certe
441 1177 480 1206 vel
497 1179 585 1216 primo
601 1178 698 1206 intuitu
714 1179 940 1217 percipitur,non

198 1224 300 1252 minore
315 1224 393 1252 illum
411 1223 544 1252 desiderio
562 1223 597 1252 ad
615 1224 720 1263 plebem
737 1225 886 1253 revertendi
898 1235 941 1253 ea-

198 1276 275 1308 ptum
287 1270 380 1305 fuisse,
392 1280 473 1308 quam
488 1270 603 1309 populus
618 1277 689 1298 totus
705 1271 819 1309 pastoris
838 1270 879 1299 sui
891 1271 940 1299 ab·-

198 1316 279 1344 scntis
292 1315 437 1355 recipiendi
449 1316 575 1355 cupidine
588 1316 735 1344 tenebatur.

240 1362 385 1400 Regressus
393 1372 455 1390 vero
470 1361 647 1400 deprehendit
661 1362 837 1390 Severianum
851 1362 939 1390 Gaba-

198 1407 285 1435 lorum
300 1407 455 1446 episcopum
467 1430 475 1444 ,
492 1408 534 1436 cui
550 1408 575 1435 in
590 1408 752 1445 profectione
764 1419 810 1436 sua
830 1418 937 1446 gregem

197 1463 276 1480 suum
293 1454 542 1489 commendaverat,
558 1453 623 1481 nibil
638 1464 689 1481 non
707 1453 791 1492 egisse
808 1461 835 1482 ut
851 1464 940 1492 popu-

196 1499 266 1533 lum,
281 1499 323 1527 cui
336 1509 404 1538 saepe
420 1499 637 1533 concionabatur,
651 1499 701 1527 sibi
718 1500 881 1537 conciliaret,
893 1507 940 1528 eta

196 1545 387 1584 Chrysostomo
404 1552 548 1580 averteret3
571 1552 649 1583 atque
660 1568 668 1580 ,
681 1553 708 1574 ut
729 1546 890 1584 putabatur,
908 1553 937 1574 ut

196 1590 273 1618 illum
284 1602 299 1618 a
312 1601 357 1619 sua
373 1591 434 1619 sede
447 1591 618 1624 deturbaret,
631 1603 711 1630 seque
726 1592 753 1620 in
768 1592 824 1629 ejus
848 1592 937 1620 locum

196 1637 378 1674 substitueret,
390 1639 499 1676 jamque
510 1649 523 1665 a
540 1638 682 1676 Serapione
697 1638 810 1667 diacono
822 1639 938 1667 monitus

197 1683 499 1722 Chrysostomus,dum
523 1684 616 1712 absens
637 1692 703 1713 esset
718 1708 724 1720 ‚
739 1692 797 1724 post
821 1685 938 1713 reditum

195 1740 251 1757 rem
264 1730 413 1758 accuratius
427 1730 590 1759 examinarit
602 1741 609 1766 ;
623 1741 653 1759 ac
667 1741 755 1759 veram
771 1741 826 1759 esse
842 1742 938 1769 cogno-

197 1775 246 1804 vit.
255 1775 319 1803 Erat
329 1783 418 1804 autem
430 1776 591 1805 Severianus
605 1787 698 1815 genere
709 1779 805 1816 Syrus,
814 1777 938 1815 eloquen-

196 1821 239 1849 tia:
262 1821 369 1849 studens
383 1844 390 1857 ‚
407 1822 484 1859 cujus
508 1822 633 1850 homilias
652 1823 780 1861 quasdam
796 1823 936 1860 habemns,

197 1878 312 1905 quarum
327 1868 414 1907 stylus
424 1868 527 1906 aliquid
543 1868 703 1897 inventionis
717 1880 772 1908 prce
784 1881 809 1898 se
822 1871 881 1907 fert,
892 1871 938 1899 sed

196 1915 325 1953 strigosus
339 1922 364 1943 et
375 1926 453 1955 asper
467 1923 520 1953 est;
530 1916 565 1944 ita
581 1925 609 1944 ut
623 1917 801 1955 eloquentiam
817 1919 873 1957 ejus
889 1920 937 1948 fer·

196 1971 267 1988 ream
283 1969 357 1990 vocet
378 1961 504 1990 Savilius.
520 1963 545 1990 Is
561 1962 649 2000 itaque
663 1969 688 1991 et
709 1963 779 1991 alius
798 1965 938 2004 episcopus

196 2008 370 2036 ptolemaidis
384 2030 392 2045 ,
412 2008 560 2037 Antiochus
581 2009 702 2045 nomine,
718 2010 764 2047 qui
782 2010 939 2048 eloquentiae

195 2054 275 2082 etiam
292 2054 432 2090 studebat,
447 2055 515 2083 inter
526 2055 706 2094 primipilares
720 2057 830 2085 Joannis
846 2057 938 2096 Chry-

195 2101 304 2129 sostomi
320 2101 440 2129 inimicos
448 2101 572 2140 deinceps
584 2102 805 2131 numemlmntur.
814 2103 937 2131 Severia-

195 2155 245 2173 nus
257 2156 307 2174 non
318 2146 404 2185 plebis
416 2146 494 2175 modo
506 2147 805 2186 Constantinopolitanze
813 2149 937 2177 affectum

195 2198 220 2219 et
234 2192 446 2221 benevolentiam
459 2193 510 2221 sihi
527 2201 633 2233 captare
648 2194 782 2228 studebat,
796 2195 842 2223 sed
855 2195 933 2223 etiam

196 2237 222 2264 in
238 2238 410 2276 Imperatoria
425 2239 486 2267 aula
503 2239 555 2267 sibi
576 2240 708 2268 Eudoxiae
724 2243 851 2279 ⁴augusta:
873 2251 938 2279 gra—

195 2283 260 2311 tiam
283 2284 481 2321 conciliaverat,
494 2286 649 2314 ambitionis
676 2287 765 2315 studio
790 2295 935 2326 permotus.

197 2329 273 2356 Caeca
288 2330 359 2358 enim
374 2337 399 2358 et
413 2331 551 2359 temeraria
567 2331 742 2360 dominatrice
756 2333 839 2360 animi
855 2334 935 2372 eupi-

197 2374 281 2403 ditate
296 2376 449 2405 stimulatus
459 2377 564 2405 nullum
577 2378 693 2417 lapidem
709 2389 761 2406 non
778 2386 907 2408 moverat.

997 992 1046 1021 vit.
1066 991 1146 1020 Multi
1162 992 1386 1031 Chryses-tomum
1403 991 1547 1029 rogabant,
1563 992 1739 1020 Severianum

996 1045 1025 1066 ut
1038 1038 1111 1077 prius
1127 1038 1153 1066 in
1168 1038 1375 1066 familiaritatem
1390 1045 1414 1065 et
1433 1037 1596 1075 colloquium
1613 1038 1742 1066 admitte-

995 1091 1045 1119 ret,
1060 1095 1144 1122 neque
1157 1084 1186 1112 id
1196 1085 1338 1123 impetrare
1353 1090 1505 1123 potuerunt.
1521 1084 1635 1112 Demum
1648 1084 1743 1113 Eudo-

997 1130 1041 1158 xia
1054 1133 1174 1169 Augusta
1190 1131 1277 1169 ipsum
1288 1130 1365 1164 adiit,
1379 1137 1403 1158 et
1416 1129 1600 1157 Theodosium
1612 1130 1739 1159 tenellum

995 1176 1082 1204 filium
1097 1176 1209 1214 genibus
1221 1177 1278 1215 ejus
1289 1175 1475 1214 adinovit‚per
1484 1175 1556 1203 illius
1568 1182 1648 1214 caput
1661 1187 1740 1204 sunm

995 1222 1142 1258 obtestans,
1158 1230 1186 1250 ut
1199 1222 1373 1251 Severianum
1390 1222 1415 1249 in
1433 1221 1578 1250 amicitiam
1593 1232 1668 1250 suam
1688 1222 1740 1250 ad—

996 1269 1127 1305 mitterct;
1143 1269 1223 1306 idque
1241 1268 1348 1296 demum
1361 1290 1368 1303 ,
1384 1278 1455 1304 agre
1472 1275 1558 1296 tamen
1577 1268 1739 1307 impetravit.

996 1315 1041 1343 Sic
1061 1315 1141 1343 ambo
1164 1314 1202 1342 illi
1228 1314 1315 1353 palam
1338 1313 1446 1351 quidem
1471 1313 1632 1341 reconciliati
1657 1320 1739 1351 sunt,

996 1360 1067 1388 intus
1092 1368 1178 1388 tamen
1205 1361 1271 1388 alter
1297 1359 1425 1387 adversus
1448 1359 1562 1387 alterum
1587 1359 1741 1389 exulcerato

995 1407 1084 1435 animo
1099 1407 1255 1445 permansit,
1275 1406 1362 1444 inquit
1377 1407 1507 1434 Socrates.
1523 1405 1554 1433 td
1569 1416 1632 1433 vero
1646 1427 1653 1441 ,
1667 1406 1740 1443 quod

995 1459 1129 1491 postremo
1147 1452 1248 1491 adjicit,
1261 1452 1293 1480 de
1307 1452 1451 1480 Severiano
1468 1451 1578 1489 quidem
1594 1451 1671 1479 facile
1686 1463 1743 1481 cre-

995 1497 1090 1536 datur,
1108 1499 1179 1537 quod
1200 1510 1263 1527 vero
1279 1498 1487 1537 Chrysostomus
1502 1504 1561 1536 post
1583 1499 1742 1527 reconcilia-

995 1545 1252 1573 tionemexulcerato
1262 1546 1351 1573 animo
1365 1543 1616 1583 permanserit‚quis
1631 1545 1740 1574 credere

994 1592 1098 1629 possit?
1113 1591 1163 1619 nisi
1179 1592 1246 1619 sorte
1256 1592 1293 1619 sic
1315 1590 1490 1628 intelligatur,
1503 1589 1738 1629 Chrysostomum,

994 1648 1089 1677 nempe
1099 1648 1160 1666 cum
1171 1637 1400 1675 nossetSexeriani
1414 1637 1519 1665 vafrum
1536 1636 1741 1666 etambitiosum

993 1684 1122 1717 animum,
1138 1695 1189 1712 non
1205 1691 1311 1723 putasse
1327 1683 1404 1711 illum
1416 1693 1449 1710 ex
1465 1682 1567 1710 sincero
1583 1681 1663 1710 corde
1674 1683 1739 1711 ami-

994 1731 1084 1758 citiam
1100 1741 1175 1759 suam
1192 1730 1331 1769 expetiisse
1342 1752 1348 1763 ,
1365 1739 1411 1757 nec
1429 1729 1535 1757 firmam
1552 1728 1607 1756 sore
1623 1729 1741 1756 reconci-

996 1775 1133 1804 liationem
1161 1776 1363 1804 existimarisse.
1390 1774 1471 1803 Nulla
1508 1773 1617 1801 demum
1656 1780 1740 1812 potest

995 1823 1186 1862 Chrysostomo
1210 1822 1326 1850 adscribi
1354 1821 1421 1849 fictae
1447 1819 1620 1848 reconciliata]
1645 1820 1738 1857 gratiae

994 1870 1119 1908 suspicio.
1137 1869 1262 1897 Restabat
1276 1874 1364 1895 autem
1378 1873 1405 1894 ut
1419 1865 1513 1905 populi
1525 1888 1531 1899 ,
1547 1866 1593 1903 qui
1608 1866 1739 1894 Severia-

994 1925 1059 1942 num
1084 1915 1240 1954 expulerat,
1258 1913 1394 1941 iracundia
1420 1912 1564 1940 sedaretur.
1588 1911 1621 1939 Id
1648 1919 1739 1940 autem

995 1960 1185 1999 Chrysostomo
1203 1959 1275 1987 dicto
1296 1958 1448 1986 audientem
1473 1957 1604 1996 populum
1627 1957 1739 1987 habenti

994 2017 1044 2034 non
1064 2007 1176 2034 difficile
1198 2006 1258 2033 suit.
1281 2004 1441 2032 Concionem
1457 2003 1552 2031 habuit
1565 2026 1572 2037 ,
1587 2003 1621 2031 ad
1643 2014 1736 2042 pacem

994 2064 1055 2080 eum
1085 2052 1228 2081 Severiano
1257 2049 1404 2078 faciendam
1425 2049 1556 2088 populum
1574 2049 1734 2087 cohortans,

993 2106 1074 2136 utque
1089 2109 1102 2126 a
1117 2097 1247 2137 principio
1255 2096 1334 2124 dictis
1348 2095 1403 2123 suis
1415 2095 1588 2132 obsequentes
1599 2095 1735 2124 auditores

993 2144 1192 2179 animadvertit,
1210 2144 1234 2170 in
1254 2141 1359 2170 landem
1374 2151 1465 2169 eorum
1481 2151 1643 2177 conversus,
1660 2141 1735 2179 quod

995 2198 1079 2219 tantas
1098 2191 1198 2218 irarum
1220 2199 1312 2216 causas
1335 2198 1363 2216 se
1387 2187 1508 2215 hortante
1530 2186 1732 2225 deposuissent,

994 2247 1085 2277 pacem
1104 2242 1258 2275 perpetuam
1275 2232 1404 2272 precando
1425 2232 1527 2260 claudit
1548 2232 1734 2260 brevissimam

993 2283 1155 2312 concionem.
1170 2283 1230 2310 Post
1241 2280 1319 2308 illum
1330 2279 1490 2308 Severianus
1504 2278 1537 2306 de
1550 2289 1615 2317 pace
1629 2278 1736 2306 concio-

994 2337 1071 2358 natur
1085 2351 1090 2362 ‚
1104 2339 1184 2366 quam
1207 2333 1295 2366 postea
1309 2336 1399 2365 pacem
1415 2325 1471 2362 ipse
1484 2324 1670 2363 perturbavit,
1687 2334 1735 2352 nec

994 2376 1079 2404 multo
1093 2382 1210 2413 tempore
1223 2385 1237 2401 a
1252 2372 1338 2400 turbis
1353 2371 1491 2399 movendis
1503 2370 1641 2398 abstinuit.

59 2433 119 2455 Socr.
134 2435 150 2456 1.
162 2436 185 2458 6,
239 2421 322 2449 Aliud
334 2422 367 2450 de
382 2422 525 2451 Severiano
538 2423 617 2451 refert
629 2424 767 2457 Socrates,
779 2424 852 2462 quod
865 2435 938 2453 ncm-
1034 2421 1077 2449 Ex
1100 2421 1149 2455 iis,
1173 2430 1230 2458 quae
1252 2418 1330 2446 modo
1351 2417 1472 2445 diximus
1484 2439 1491 2452 ,
1509 2416 1586 2444 facile
1602 2416 1733 2455 conjicere
1749 2426 1785 2446 itu

44 2471 63 2516 ἒ.
80 2471 115 2488 11.
199 2478 232 2506 pe
249 2468 374 2507 set-apio,
391 2468 422 2496 de
438 2479 490 2506 quo
505 2480 602 2508 supra,
617 2480 678 2497 cum
695 2469 796 2498 sederet
812 2470 936 2508 aliquan-
993 2469 1077 2508 possis
1098 2477 1221 2505 magnam
1244 2472 1307 2493 tunc
1327 2464 1407 2492 fuisse
1423 2462 1652 2501 Constantinopoli
1668 2469 1692 2490 et
1710 2463 1737 2491 in

45 2504 131 2553 ‘⁰²3¹'
142 2497 149 2518 ι
160 2497 184 2520 8”
197 2514 233 2542 do
246 2537 255 2551 ,
272 2515 418 2542 transeunti
429 2514 572 2543 Severiano
587 2516 713 2544 honorem
725 2516 848 2556 episcopo
862 2517 937 2545 (lebi-
995 2514 1088 2544 vicinis
1116 2512 1272 2542 civitatibus
1294 2520 1399 2538 morum
1426 2509 1614 2548 corruptelam.
1636 2508 1738 2537 Vidisti

198 2567 254 2589 tum
272 2571 323 2588 non
338 2561 499 2600 praestiterit,
511 2561 594 2590 sedin
611 2562 671 2590 sede
682 2573 729 2590 sua
745 2563 930 2601 permanserit,

197 2606 256 2642 Qua
269 2617 296 2636 re
309 2613 445 2646 permotus
460 2607 619 2637 Severianus
629 2629 638 2646 ,
652 2618 741 2637 coram
754 2608 879 2637 omnibus
892 2609 933 2637 di-

993 2561 1129 2600 episcopos
1146 2559 1375 2598 presbyterosque,
1392 2556 1437 2593 qui
1455 2555 1513 2583 auri
1535 2555 1619 2594 pretio
1639 2561 1664 2583 et
1684 2555 1738 2583 fere

989 2607 1079 2648 palam
1104 2606 1138 2634 ad
1159 2603 1350 2634 ecclesiasticos
1367 2601 1510 2641 dignitates
1536 2601 1732 2637 convolabant,
