1884 2922
782 202 883 225 INDEX
912 201 1038 225 RERUM.

148 271 181 290 va
196 268 282 290 mente
302 261 336 290 ad
359 263 490 292 Joannem
505 261 655 301 Baptistam
672 269 812 291 venerunt.
829 270 886 292 VII.

148 310 212 334 172.
225 316 248 333 u.
263 306 356 344 Ipsum
369 305 394 334 in
409 316 530 334 sermone
542 316 637 345 capere
650 306 784 335 volebant.
799 309 843 335 lb.
860 318 885 335 c.

148 351 206 377 Cur
220 360 234 377 a
245 350 348 379 ,Ioanne
360 350 478 388 Baptista
494 350 621 389 increpati
635 352 698 380 sint.
712 358 770 380 VII.
786 356 850 379 1732
864 362 886 379 Β.

147 393 249 421 tiorum
272 393 391 431 nequitia
417 394 509 421 crescit
527 400 552 422 et
570 393 683 422 ulterius
703 395 884 433 progreditur.

147 442 274 465 ΥΙΙ.774.
286 447 312 465 Ε.
329 437 472 465 Hominum
483 437 563 465 saluti
576 436 706 466 invident.
725 445 782 466 VII.
792 443 885 468 487.<;.

149 480 178 508 ln
199 481 331 509 malorum
342 481 448 509 culmen
467 481 664 515 ascenderunt,
684 481 710 509 in
722 481 887 520 impietatem

147 523 216 562 lapsi
231 532 304 553 sunt.
319 532 376 553 VII.
394 529 458 554 704.
473 535 499 552 c.
525 524 600 560 Quid
624 524 665 552 his
677 525 799 560 stultius,
819 525 886 563 quid

147 568 232 606 magis
243 569 357 607 impium
368 578 431 606 erga
446 568 658 597 Christummi.
673 573 769 598 515.Α.
779 569 886 597 Christo

147 612 408 641 invidentA'11492.
421 613 522 640 Eorum
531 612 636 640 animus
645 623 692 641 con
699 620 736 641 tra
745 613 885 641 Christum

151 656 274 684 incensus
283 678 290 690 ‚
310 657 372 693 quia
384 656 499 694 populus
511 655 599 694 ipsum
608 656 731 685 omnibus
743 665 887 695 antepone-

150 699 205 728 bat.
219 707 276 728 VII.
287 704 352 729 413.
366 709 391 728 1³.
406 700 461 727 Cur
473 699 598 727 dicebant
608 699 735 728 Pharisoei
748 700 887 728 Christum

147 753 205 771 esse
217 743 420 771 daemoniacum.
433 750 491 771 VII.
510 748 573 771 499.
590 754 617 771 c.

184 795 336 824 Pharisaeus
358 795 476 823 ascendit
495 796 521 823 in
549 795 678 835 templum
695 803 723 823 ut
742 803 847 831 oraret,
862 804 887 825 et

145 840 225 878 coepit
252 850 313 868 suas
337 850 494 868 enumerare
523 840 643 868 virtutes.
667 847 701 868 ΙΙ.
719 845 782 869 343.
808 851 834 868 B.
858 841 887 869 In

143 890 270 921 quantam
291 883 459 911 insolentiam
485 883 568 911 elatus
581 890 629 911 est.
651 890 696 912 VI.
718 889 778 912 189.
802 896 828 912 A.
848 885 889 912 Ita

146 926 299 954 Pharisaeus
312 936 423 965 precans
439 927 624 965 omnijustitia
639 927 751 957 excidit.
768 935 814 956 VI.
826 932 888 956 224.

144 981 171 998 Β.
199 970 336 999 Justitiam
353 976 378 997 et.
402 971 583 1008 arrogantiam
604 970 706 1008 junxit.
731 978 752 1002 Ι,
770 976 834 999 599.
860 983 886 1000 Α.

144 1016 235 1041 Deum
256 1013 344 1042 oravit
364 1020 390 1042 et
413 1013 560 1042 lacessivit.
579 1021 598 1042 Ι.
618 1019 682 1043 864.
705 1026 732 1044 A.
746 1014 813 1054 Ejus
829 1025 890 1053 gra-

144 1058 250 1086 tiarum
265 1058 333 1086 actio
352 1068 414 1086 cum
429 1058 544 1086 aliorum
559 1058 757 1097 vituperatione
778 1059 890 1098 conjun-

143 1101 224 1139 gitur.
241 1108 299 1130 VII.
314 1107 361 1130 48.
377 1102 453 1130 Licet
473 1113 534 1130 vera
554 1102 587 1130 de
602 1103 745 1141 publicano
769 1103 882 1139 diceret,

142 1146 299 1176 detrahebat
311 1155 409 1178 tamen.
427 1155 460 1176 ΙΙ.
476 1153 521 1177 50,
537 1158 566 1176 D.
579 1148 658 1184 Quod
672 1149 755 1176 altum
768 1155 882 1188 saperet,

143 1191 288 1229 publicano
303 1192 411 1220 inferior
422 1192 483 1221 snit.
500 1199 557 1220 VII.
575 1197 619 1220 45.
633 1204 656 1221 B.
672 1193 824 1221 Pharisaeus
838 1192 885 1220 ille

143 1234 290 1273 publicano
305 1235 392 1263 minor
413 1235 500 1263 factus
519 1243 568 1271 est,
584 1246 614 1264 eo
629 1237 701 1274 quod
721 1236 819 1275 linguae
830 1247 884 1264 suae

143 1277 275 1316 imperare
288 1289 340 1306 non
356 1279 451 1317 potuit;
466 1279 511 1307 sed
525 1290 574 1318 pei·
595 1279 667 1308 illam
690 1280 759 1308 sicut
784 1291 830 1319 per
843 1280 882 1308 fe-

143 1329 257 1350 nestram
281 1333 372 1351 omnes
392 1323 503 1351 divitias
518 1334 580 1351 suas
600 1324 704 1352 effudit.
723 1331 767 1352 lv.
790 1328 836 1352 46.
853 1334 881 1352 Α.

142 1365 270 1393 Pharisaei
287 1366 407 1394 convicia
422 1366 566 1404 publicano
586 1374 744 1406 pepererunt
763 1367 877 1406 justitiae

141 1418 277 1437 eoronam.
295 1415 338 1437 IV.
354 1413 418 1437 897.
435 1419 459 1437 E.
480 1410 539 1438 Non
561 1417 615 1438 erat
636 1410 813 1448 publicanus,
836 1410 883 1439 sed

141 1452 192 1480 suit
214 1452 361 1491 publicano
386 1452 548 1481 sceleratior.
574 1460 603 1482 v.
628 1458 691 1482 288.
715 1464 741 1482 E.
761 1455 791 1482 ln
804 1462 882 1493 portu

141 1497 311 1535 naufragium
323 1507 463 1536 perpessus
475 1503 524 1528 est,
542 1504 586 1526 VI.
601 1502 662 1526 145.
674 1508 700 1525 c.

179 1544 336 1573 Pnasim'ffi
350 1555 412 1572 aves
424 1545 451 1572 in
464 1545 562 1573 mensis
570 1545 710 1584 appositae.
725 1550 881 1574 V11.69:7..13.

181 1592 348 1627 PfflLEMON,
373 1592 416 1620 cui
441 1592 580 1631 epistolam
602 1593 676 1621 misit
698 1593 813 1629 Paulus,
840 1593 884 1621 vir

141 1643 198 1664 crat
222 1635 344 1673 egregius
364 1642 389 1663 et
412 1635 520 1664 nobilis.
547 1643 592 1665 XI.
615 1641 679 1665 839.
708 1648 734 1665 A.
765 1637 836 1665 Eum
856 1638 883 1665 in

142 1679 262 1718 Phrygia
282 1679 364 1707 fuisse
386 1686 461 1718 putat
475 1680 693 1719 Chrysostomus.
709 1688 756 1709 XI.
771 1685 833 1709 848.
852 1692 879 1710 Ι).

142 1722 186 1750 Ob
209 1722 337 1751 virtutem
364 1722 539 1761 diligebatur.
571 1731 618 1753 XI.
646 1729 710 1753 849.
732 1735 755 1752 Β.
776 1725 882 1760 Quanta

142 1767 200 1804 ejus
228 1766 322 1794 virtus.
337 1773 381 1794 XI.
397 1771 459 1795 848.
480 1772 544 1796 849.
566 1767 609 1796 Ad
627 1768 807 1796 Philemonem
822 1768 883 1807 epi-

141 1810 207 1838 stola
232 1810 316 1838 multa
334 1810 412 1838 utilia
435 1810 522 1841 docet.
548 1818 593 1839 XI.
616 1816 680 1841 840.
695 1822 718 1840 Β.
734 1812 808 1840 Hanc
823 1813 882 1851 epi-

140 1855 235 1882 stolam
244 1853 356 1891 quidam
367 1864 590 1892 supervacaneam
601 1866 657 1883 esse
671 1855 804 1892 dicebant;
816 1867 881 1894 quos

141 1898 262 1926 confutat
277 1897 495 1936 Chrysostomus.
517 1906 562 1927 XI.
578 1903 641 1927 840.
655 1909 680 1927 c.

180 1946 385 1973 PHILIPPENSES
398 1953 459 1974 sunt
480 1946 550 1975 cives
566 1947 644 1975 unius
662 1958 694 1975 ex
718 1947 881 1976 Macedoniae

140 1989 307 2017 civitatibus,
327 1997 372 2018 XI.
392 1994 456 2018 218.
479 2002 504 2018 Α.
520 1990 685 2019 Obtulerunt
710 1991 790 2030 primi
812 1991 880 2019 dona

140 2033 224 2062 Paulo
254 2034 385 2071 apostolo.
410 2041 457 2062 XI.
485 2039 548 2063 359.
566 2046 590 2063 Β.
607 2035 661 2063 Εο5
676 2035 768 2063 laudat
782 2035 881 2064 Paulus

139 2077 175 2105 ob
199 2087 290 2105 eorum
307 2076 399 2105 fidem.
425 2085 471 2106 XI.
485 2082 550 2107 219.
568 2089 595 2107 n.
620 2078 750 2106 Miseram
765 2078 799 2107 ad
820 2089 881 2107 eum

137 2119 365 2160 Epaphroditum.
383 2128 428 2149 XI.
447 2126 511 2150 219.
529 2132 555 2150 Ε.

180 2170 331 2197 Pmuppcs
345 2170 482 2207 apostolus
497 2177 611 2208 quatuor
623 2171 719 2199 habuit
735 2171 815 2198 filias.
833 2177 877 2199 VI.

139 2216 200 2239 145.
215 2222 243 2239 n.
259 2213 414 2241 Miraculis
429 2221 582 2242 conservat
599 2215 792 2253 Hierapolim.
808 2221 879 2243 VIII.

141 2258 206 2283 622.
226 2265 250 2282 c.

184 2305 335 2335 Pamppcs
349 2308 397 2344 qui
411 2308 437 2335 in
462 2307 580 2336 Samaria
595 2308 751 2347 baptizavit,
775 2315 829 2337 erat
848 2319 880 2337 ex

137 2355 238 2387 septem
251 2348 382 2387 diaconis;
395 2351 569 2388 quamobrem
581 2362 643 2380 cum
654 2352 880 2391 baptizaret75pi-

136 2392 218 2420 ritum
242 2393 385 2432 baptizatis
410 2404 462 2422 non
488 2394 579 2423 dabat.
597 2403 644 2424 Ix.
664 2400 728 2424 154.
746 2396 785 2424 Ad
797 2407 880 2425 eunu-

136 2436 217 2465 chum
231 2447 264 2466 ex
279 2438 401 2466 Samaria
421 2439 519 2467 missus
530 2445 577 2468 est.
591 2446 635 2468 Ix.
655 2445 718 2468 161.
736 2440 802 2478 Ejus
816 2440 880 2479 phi—

139 2480 272 2518 losophia.
290 2489 335 2510 lx.
353 2487 416 2512 163.
429 2493 452 2510 Β.

181 2528 347 2568 Philippum,
370 2531 417 2568 qui
438 2531 585 2570 baptizavit
609 2531 780 2565 eunuchum,
804 2539 879 2570 putat

141 2571 347 2609 Chrysostomus
361 2574 440 2602 fuisse
453 2574 613 2611 apostolum.
631 2581 674 2602 [Υ.
698 2579 755 2602 407.
776 2586 797 2602 υ.
812 2586 835 2602 c.

1610 189 1677 224 355

979 265 1135 292 Pmmpus
1153 260 1320 300 presbytera
1334 260 1524 299 Chrysostomo
1536 260 1625 290 literas
1636 273 1678 291 ae-

938 307 1013 346 cipit.
1031 313 1077 335 111.
1096 309 1159 333 866.
1173 316 1196 334 n.

979 352 1066 379 Pium
1081 349 1202 378 chdoeus
1217 348 1253 376 de
1262 349 1404 386 paschate
1418 349 1490 386 agit.
1510 354 1578 376 VIII.
1592 353 1655 376 968.

979 394 1173 422 PniLocosics
1190 399 1296 420 sanctus
1316 390 1470 419 saecularem
1493 391 1679 430 magistratum

940 437 1022 476 probe
1043 436 1131 475 gessit.
1147 442 1169 465 Ι.
1187 439 1252 464 606.
1272 445 1298 463 Ε.
1323 436 1442 464 Uxorem
1470 434 1606 473 filiamque
1632 435 1681 463 ha-

940 481 1008 509 huit.
1026 482 1072 510 ΙΙ).
1094 479 1135 507 Ex
1150 477 1297 515 causidico,
1321 479 1378 507 sive
1400 485 1512 517 patrono
1527 490 1678 515 causarum,

939 525 1024 552 sactus
1048 530 1087 552 est
1118 523 1261 561 episcopus
1286 522 1476 551 Antiochenus.
1505 530 1524 552 Ι.
1553 528 1618 552 603.
1650 535 1676 552 Α.

939 573 1003 596 604.
1038 578 1065 595 A.
1101 577 1164 594 cum
1195 576 1237 594 res
1259 572 1327 594 esset
1358 566 1449 593 multo:
1484 565 1654 595 difficultatis
1671 589 1678 601 ‚

939 622 1001 639 cum
1025 621 1110 649 nuper
1129 616 1196 638 esset
1218 609 1308 638 sedata
1330 610 1523 649 persequutio,
1546 611 1680 639 manenti-

940 656 990 684 bus
1005 655 1152 684 etiamnum
1167 654 1330 692 gravissimae
1346 655 1509 693 tempestatis
1526 655 1599 682 illius
1615 655 1680 683 reli-

940 699 1021 737 quiis.
1035 706 1056 727 I.
1073 703 1137 727 608.
1152 709 1178 725 Β.
1195 697 1387 726 Haereticorum
1398 698 1556 726 Ariauortun
1570 698 1682 726 factione

941 743 1059 775 suborta,
1085 743 1218 780 sapienter
1243 748 1338 769 cuncta
1365 742 1511 780 prospexit.
1540 743 1585 769 ΙΙ).
1615 743 1681 780 Ejus

941 786 1022 814 animi
1038 785 1206 824 magnitudo.
1227 792 1247 813 Ι.
1265 790 1330 814 606.
1349 796 1373 813 n.
1393 785 1546 823 Philogonii
1561 785 1617 814 dies
1632 796 1679 814 an-

942 830 1088 858 niversaria
1103 829 1222 867 quinque
1234 828 1330 857 diebus
1345 836 1406 857 aute
1427 829 1549 857 Natalem
1563 829 1670 858 Domini

943 881 963 902 1.
979 878 1044 902 605.
1061 884 1087 901 ε.

983 918 1173 946 ΡηιιοιοῡυΜ
1193 924 1218 946 ct
1240 917 1354 952 Juliam,
1377 917 1492 944 Nereum
1514 923 1540 944 et
1564 927 1681 945 sororem

942 962 1000 999 ejus
1027 960 1199 1000 Olympiam.
1229 967 1254 989 et
1277 960 1343 989 alios
1369 960 1465 988 salutat
1493 960 1604 989 Paulus.
1634 969 1680 990 IX.

945 1009 1009 1033 825.
1023 1016 1048 1033 B.

986 1050 1181 1077 Pauosopmi
1192 1048 1346 1077 triobolaris
1357 1049 1527 1077 Graecorum.
1537 1054 1681 1077 XI.1S('=.‹·..

939 1092 1112 1130 Philosophia
1125 1092 1266 1130 gentilium
1282 1092 1363 1120 verba
1376 1099 1402 1120 et
1415 1092 1513 1120 sabula?
1524 1099 1594 1120 sunt.
1611 1099 1681 1121 VIII.

938 1142 1014 1165 61.c.
1026 1141 1089 1164 431.
1098 1147 1126 1167 r..
1140 1136 1343 1175 Philosophiam
1355 1143 1527 1164 externorum
1536 1137 1684 1175 prostravit

937 1180 1068 1219 sapientia
1083 1181 1144 1210 Dei.
1162 1188 1197 1209 X.
1212 1186 1257 1209 49.
1274 1192 1301 1208 Α.

977 1223 1152 1262 Philosophia
1177 1223 1323 1253 seeundum
1346 1224 1432 1251 Deum
1464 1233 1597 1260 qucenam.
1636 1230 1679 1252 IV.

938 1269 1002 1296 128.
1023 1278 1083 1305 qua:
1107 1268 1141 1295 sit
1155 1278 1228 1296 vera.
1247 1275 1317 1296 VIII.
1335 1272 1379 1295 15.
1404 1278 1430 1295 c.
1453 1273 1477 1294 et
1493 1267 1616 1304 perfecta.
1635 1274 1678 1295 VI.

937 1316 1000 1339 285.
1017 1322 1046 1339 Ι).
1078 1311 1250 1350 Philosophia
1279 1318 1317 1339 est
1335 1311 1450 1349 cognitio
1477 1311 1631 1339 divinarum
1652 1318 1677 1339 et

936 1355 1115 1383 humanarum
1128 1359 1393 1383 1·eru1n.x1.!451.n.
1410 1354 1533 1393 ldipsum
1549 1362 1587 1383 est
1603 1354 1675 1392 quod

936 1398 1022 1426 omnis
1033 1398 1309 1426 vii-tus.v11.218.c.
1334 1397 1400 1435 Ejus
1421 1408 1482 1436 pars
1497 1398 1613 1426 maxima
1628 1405 1674 1430 est,

937 1452 989 1469 non
1011 1451 1067 1470 esse
1086 1440 1149 1468 huic
1165 1441 1225 1469 vitae
1242 1440 1391 1469 addietum.
1407 1448 1454 1469 Ix.
1469 1446 1533 1470 359,
1554 1454 1580 1470 Α.
1600 1443 1680 1470 Docet

936 1496 978 1514 res
994 1485 1125 1513 humanas
1139 1484 1206 1512 nihil
1222 1495 1287 1512 esse.
1305 1492 1361 1513 VII.
1378 1490 1441 1513 566.
1458 1497 1486 1514 n.
1502 1485 1678 1524 Philosophia

936 1539 1032 1568 magna
1046 1535 1097 1565 est,
1114 1535 1208 1568 putare
1227 1528 1361 1557 mundum
1381 1539 1437 1557 esse
1459 1536 1613 1567 mortuum,-
1631 1531 1677 1558 sed

937 1574 1030 1612 major,
1043 1583 1099 1601 esse
1111 1579 1248 1600 mortuum
1261 1571 1370 1600 mundo.
1384 1580 1404 1601 I.
1420 1577 1483 1601 175.
1495 1573 1679 1613 Philosophia:

936 1617 1040 1644 culmen
1063 1615 1210 1653 quodnam.
1230 1622 1287 1643 VII.
1305 1620 1369 1644 271.
1392 1626 1419 1644 E.
1436 1617 1502 1655 Ejus
1519 1617 1626 1645 culmen
1641 1624 1682 1645 est

936 1660 1085 1700 simplicem
1103 1670 1158 1688 esse
1179 1669 1240 1687 cum
1256 1659 1407 1697 prudentia.
1426 1667 1483 1688 VII.
1499 1665 1563 1689 703.
1579 1672 1605 1689 A.
1617 1661 1681 1688 Phi·-

936 1705 1065 1744 losophiae
1088 1703 1246 1732 documenta
1269 1714 1336 1741 quae.
1351 1711 1384 1732 V.
1409 1709 1472 1734 187.
1501 1715 1529 1733 A.
1554 1704 1679 1733 Philoso-

936 1749 1007 1788 phiae
1034 1758 1160 1786 magnum
1188 1757 1270 1785 genus
1295 1747 1321 1775 in
1344 1749 1471 1776 a‘rumnis
1495 1758 1602 1776 manere
1628 1750 1677 1777 Dei

936 1793 1077 1820 cultorem.
1095 1799 1125 1819 Υ.
1152 1796 1215 1820 187.
1236 1803 1259 1818 s.
1285 1802 1306 1818 n.
1327 1791 1508 1830 Philosophire
1530 1799 1614 1820 mater
1636 1793 1676 1820 af-

936 1836 1030 1864 flictio.
1041 1840 1179 1866 ν.120.ε.
1190 1835 1337 1863 calamitas.
1351 1842 1421 1863 VIII.
1435 1840 1498 1864 413.
1516 1846 1545 1863 n.
1563 1846 1678 1874 pauper-

936 1887 984 1909 tas.
1004 1887 1035 1908 V.
1046 1884 1089 1908 29.
1103 1891 1128 1908 Β.
1138 1878 1204 1917 Ejus
1219 1885 1303 1906 mater
1313 1885 1338 1906 et
1349 1879 1511 1917 principium
1527 1879 1675 1908 humilitas.

937 1931 993 1953 vn.
1012 1928 1058 1952 49.
1074 1936 1101 1953 a.
1116 1927 1180 1952 482.
1199 1934 1223 1950 Β.
1243 1922 1423 1961 Philosophiae
1437 1922 1523 1950 omnis
1539 1923 1618 1951 radix
1638 1931 1677 1952 est

936 1968 1074 2007 patientia.
1101 1975 1134 1996 X.
1159 1972 1221 1995 349.
1239 1977 1265 1994 c.
1289 1966 1328 1994 Ad
1351 1966 1550 2005 philosophiam
1572 1967 1616 1995 via
1637 1975 1676 1996 est

935 2011 1103 2050 simplicitas.
1122 2018 1168 2039 IX.
1195 2015 1240 2039 68.
1266 2021 1294 2038 Ε.
1318 2010 1350 2038 Ei
1374 2010 1468 2038 idonea
1492 2017 1530 2038 est
1545 2010 1672 2039 solitudo.

936 2061 1006 2083 VIII.
1024 2059 1089 2083 286.
1102 2065 1131 2082 1).
1145 2053 1326 2091 Philosophiae
1340 2052 1545 2081 fundamentum
1558 2054 1673 2082 estcari-

934 2104 983 2126 tas.
1000 2106 1033 2128 x.
1049 2098 1157 2127 361.1'›.

975 2141 1159 2180 Philosophia,
1175 2139 1203 2168 id
1219 2147 1268 2177 est,
1286 2151 1391 2169 morum
1409 2140 1568 2180 disciplina,
1588 2151 1675 2170 neces-

934 2186 1003 2214 saria
1020 2192 1069 2214 est.
1085 2192 1103 2213 Ι.
1120 2190 1184 2213 111.
1201 2195 1226 2211 Α.
1240 2195 1264 2212 Β.
1286 2184 1375 2212 Multa
1390 2184 1468 2212 nobis
1480 2195 1547 2223 opus
1562 2191 1599 2213 est
1611 2185 1673 2224 phi-

935 2229 1068 2268 losophia,
1094 2238 1186 2266 quare.
1218 2235 1237 2256 1.
1262 2232 1328 2256 913.
1351 2238 1378 2256 c.
1402 2238 1432 2257 D.
1459 2227 1674 2257 Christianorum

934 2272 1104 2312 philosophia
1127 2271 1270 2300 sublimior
1292 2278 1318 2300 et
1341 2271 1444 2300 utilior.
1470 2279 1528 2302 VII.
1554 2277 1619 2301 408.
1647 2283 1672 2300 n.

934 2318 1065 2355 Magnum
1076 2315 1177 2343 bonum
1191 2321 1240 2344 est.
1255 2320 1398 2344 νΙΙΙ.431.
1411 2326 1438 2343 E.
1453 2315 1548 2344 animae
1559 2316 1674 2344 alimen-

935 2366 1003 2388 tum.
1020 2366 1052 2389 Υ.
1072 2363 1133 2387 326.
1153 2369 1180 2386 c.
1197 2358 1381 2398 Philosophia?
1396 2359 1520 2387 addjctus
1535 2359 1567 2387 ad
1587 2359 1674 2388 susci-

934 2403 1061 2443 piendam
1084 2401 1280 2440 rempublicam
1302 2403 1423 2430 oinnium
1443 2402 1606 2440 aptissimus.
1629 2410 1673 2431 VI.

934 2452 961 2476 2.
974 2459 1000 2477 A.
1013 2446 1195 2485 Philosophiae
1208 2456 1276 2474 verae
1291 2445 1381 2474 dedita
1392 2445 1480 2474 anima
1494 2445 1607 2474 firmior.
1622 2453 1669 2476 IX.

935 2497 999 2520 240.
1018 2503 1043 2520 Α.
1060 2490 1234 2529 Philosophia
1248 2496 1351 2518 tantum
1367 2489 1519 2518 Christiana
1544 2496 1570 2518 et
1585 2490 1671 2519 virtus

935 2542 1023 2564 nostra
1039 2534 1180 2562 intersunt.
1200 2541 1231 2562 X.
1248 2538 1311 2562 313.
1326 2544 1351 2561 Β.
1371 2533 1550 2572 Philosophia·
1570 2541 1668 2571 quanta

936 2579 976 2606 vis
992 2578 1034 2607 sit.
1050 2585 1082 2606 X.
1096 2582 1159 2605 756.
1180 2589 1200 2606 x.
1214 2576 1246 2604 Ei
1260 2577 1384 2605 addictus
1397 2577 1499 2605 animus
1512 2577 1537 2605 iu
1551 2577 1674 2613 vinculis,
