1849 2927
163 262 197 284 vt
392 261 495 284 INDEX
522 260 657 284 OPERUM
683 260 754 290 QUAE
773 260 807 283 IN
834 258 1086 282 DEClMOTERTlO
1111 257 1205 280 Tomo
1230 256 1483 280 CONTlNENTun.

161 325 282 365 phrasin,
297 330 322 352 ct
338 333 488 362 anonymus
504 333 545 360 ea,
560 333 619 361 quse
633 328 756 362 spectatae
771 320 936 350 auctoritatis
951 319 1092 358 scriptores
1105 318 1139 347 dc
1154 318 1209 348 vita
1222 318 1406 358 Chrysostomi
1422 325 1574 355 narrarunt,
1593 329 1627 348 cx
1647 319 1717 348 sama

162 369 288 409 populari
305 368 419 407 aliisque
444 368 542 397 rivulis
564 368 715 397 fabularum
732 367 841 406 quidem
855 376 951 404 magna
966 365 1047 401 mole,
1063 364 1108 393 sed
1130 365 1209 394 rebus
1222 365 1301 404 gestis
1316 365 1368 393 fere
1383 365 1464 393 nullis
1478 372 1620 395 auxerunt.
1634 366 1715 401 Quod

162 416 277 456 plenius,
293 426 374 454 quam
384 425 417 444 ex
429 415 601 443 Monfauconi
614 414 751 443 brevicula
763 413 936 449 indicatione,
949 412 1115 450 intelligetur
1130 422 1164 440 ex
1176 411 1273 441 Savilii
1285 411 1471 450 disquisitione
1482 411 1515 440 de
1525 422 1615 441 rerum
1627 413 1717 452 Chry-

161 463 270 493 sostomi
284 462 459 502 scriptoribus
473 462 507 490 ab
521 462 596 491 nobis
617 462 758 490 utilissime
771 461 943 499 (opinamur)
960 459 1024 487 huic
1047 469 1122 488 novae
1141 458 1263 488 Editioni
1283 459 1390 488 inserta.
1412 459 1543 487 Praeterea
1556 459 1715 488 Editionum

161 521 219 548 qum
231 517 291 538 ante
304 509 530 538 Momsaucouiam
546 508 714 536 habebantur
728 506 906 535 celebriorum
916 528 924 542 ‚
944 505 1111 534 Morellianae
1125 512 1150 534 et
1169 505 1326 543 Savilianae,
1343 511 1514 544 conspectum
1527 505 1715 544 plenissimum

162 556 336 591 confecimus,
348 555 466 593 subjecta
480 554 613 583 notatione
625 553 677 582 loci
690 563 771 591 quem
785 552 911 591 quodque
923 562 991 591 opus
1005 551 1081 591 apud
1095 552 1307 580 Monfauconum
1321 558 1472 590 occuparet.
1488 552 1529 579 Ita
1543 562 1602 590 quae
1617 562 1712 581 secun-

161 604 228 633 dum
241 604 337 632 harum
349 602 506 632 Editionum
517 602 627 642 paginas
641 601 760 631 indicata
777 601 956 641 reperiuntur,
964 611 993 630 ea
1000 601 1057 640 jam
1073 600 1100 629 in
1114 606 1203 630 nostra
1218 599 1344 631 Editione
1354 600 1388 629 ab
1402 599 1528 629 omnibus
1538 611 1619 639 parva
1634 611 1715 641 opera

161 657 283 690 poterunt
295 649 458 688 investigari.

1276 737 1350 766 Novi
1375 736 1530 766 Emroroes.
