1910 2907
665 241 668 245 ἱ
702 213 789 234 NUNC
822 212 951 235 rmum!
981 212 1176 235 anor-NATA.

148 281 288 314 postquam
303 273 336 303 de
347 274 439 303 eodem
455 281 611 313 argumento
628 274 797 302 concionatus
809 281 863 302 crat
882 296 889 309 7

0 324 61 352 itnun
81 324 135 353 387.
150 320 257 348 ineunte
269 320 394 349 videlicet
406 331 474 349 anno
487 322 587 357 587‚et
596 327 726 359 quantum
739 321 888 359 conjectare

0 367 1 384 i

149 365 219 401 licet,
233 366 327 404 quinta
338 366 459 395 ¹ianuarii
470 366 524 401 die,
539 378 591 405 qua
607 366 736 394 circenses
751 366 809 394 ludi
822 367 890 394 cele-

149 411 305 440 brabantur,
321 413 366 442 Sic
381 413 452 441 enim
471 413 516 441 ille
530 413 683 441 concionem
698 412 792 451 incipit
808 424 814 439 t
830 414 889 440 Ili·—

150 470 214 488 rum
224 463 373 494 circenses,
384 464 487 489 iterum
496 463 577 489 nobis
588 462 758 488 imminutus
767 466 808 488 est
822 471 890 488 con-

151 510 262 532 ventus.

190 550 241 578 Dic
262 551 383 588 sequenti
402 557 431 579 ut
447 551 595 579 confutaret
614 554 756 580 Anomoeos
768 574 775 588 7
792 551 838 589 qui
857 561 890 579 ex

150 596 277 634 petitione
286 596 404 625 filiorum
414 596 535 625 Zebedaei
545 604 569 625 et
579 608 612 625 ex
627 598 796 636 responsione
809 597 887 625 Chri-

150 641 184 670 sti
196 664 203 677 7
217 642 320 670 Sedere
341 649 438 671 autem
456 644 495 670 ml
509 644 659 671 dexteram
676 644 727 671 vel
738 645 887 672 sinistram.

149 698 244 716 meam
259 698 318 716 non
333 695 375 716 est
395 698 489 716 meum
509 689 579 717 dare
598 691 697 724 vobis,
712 689 889 728 oppugnandi

148 743 240 761 ansam
266 734 446 772 arripiebant,
460 745 518 762 eam
545 734 640 763 habuit
666 735 804 763 homiliam
831 746 889 774 quae

149 786 242 807 octava
252 779 420 809 inscribitur.
826 806 829 809 .

8 828 15 834 ”
32 827 135 857 i.p.32.3.
190 827 266 854 Hanc
286 827 439 855 concionem
457 827 578 865 sequitur
592 827 638 856 illa
653 827 686 855 de
700 827 801 856 Lazaro
823 839 890 866 qua-

150 871 294 907 triduano,
312 873 339 901 in
358 884 410 911 qua
434 875 624 902 Anomoeorum
646 881 835 912 argumentum
857 885 891 902 ex

152 918 262 947 historia
283 920 375 948 Lazari
391 920 565 957 quatriduani
588 919 704 958 petitum
723 920 888 949 confutatur.

152 966 182 994 In
197 966 266 994 hanc
278 977 342 994 vero
356 966 455 999 νοθείας
466 965 645 1004 suspicionem
660 965 769 1004 injicere
782 974 891 995 conatus

150 1019 189 1040 est
203 1012 314 1050 quidam
327 1022 444 1050 nuperus
455 1034 462 1048 7
479 1012 525 1050 qui
544 1022 595 1040 non
610 1010 760 1042 adverterat
774 1012 843 1041 hanc
859 1012 893 1041 de

152 1059 250 1086 Lazaro
272 1058 451 1096 quatriduano
473 1058 621 1086 luculenter
642 1059 845 1087 commemorari
865 1059 893 1087 in

149 1105 268 1143 sequenti
282 1105 316 1133 de
333 1104 434 1134 Christi
446 1104 578 1144 precibus7
590 1104 718 1142 quoniam
731 1104 787 1133 haec
803 1105 892 1133 homi-

149 1151 185 1179 lia
207 1151 234 1180 in
256 1151 371 1180 editione
398 1150 536 1181 Saviliana
556 1150 636 1188 longo
659 1150 828 1179 intervalloa
848 1162 893 1180 se-

150 1198 242 1235 quenti
269 1204 393 1237 separata
417 1204 477 1225 erat
498 1208 504 1224 :
527 1207 623 1224 verum
647 1197 705 1235 ejus
735 1205 892 1236 argumenta

149 1243 274 1282 pluribus
289 1242 488 1272 confutavimus
503 1242 529 1271 in
545 1244 650 1271 Monito
659 1244 692 1272 ad
704 1244 752 1272 has
768 1245 894 1274 homilias

150 1300 178 1328 p.
197 1290 266 1319 324.

190 1333 279 1362 Altera
310 1333 344 1361 de
374 1333 473 1361 Christi
501 1334 627 1373 precibus
652 1334 818 1364 continenter
833 1343 892 1374 post

154 1380 301 1408 Homiliam
323 1379 358 1408 de
381 1380 480 1408 Lazaro
493 1379 584 1408 habita
601 1387 647 1408 est.
668 1381 698 1408 In
718 1380 769 1409 hac
784 1383 890 1419 egregie

149 1433 374 1455 commonstratur
386 1426 487 1454 Christi
500 1436 589 1464 preces
600 1426 635 1454 ad
650 1427 755 1455 Patrem
767 1427 892 1462 directas,

151 1482 202 1500 non
214 1472 329 1511 probare
344 1472 422 1500 illum
431 1482 486 1500 esse
501 1473 581 1500 Patre
590 1472 729 1501 minorem.
743 1474 894 1512 Utramque

150 1529 214 1547 vero
228 1518 324 1546 habuit
344 1518 452 1546 ineunte
470 1528 540 1546 anno
554 1517 628 1552 387,
644 1519 724 1557 paulo
741 1526 892 1558 postquam

151 1564 218 1592 alias
241 1571 331 1595 contra
350 1566 492 1592 Anomoeos
511 1564 617 1594 dixerat
630 1588 636 1601 7
651 1572 680 1593 ut
696 1565 753 1603 ipse
773 1566 853 1594 refert
866 1567 893 1595 in

153 1611 278 1646 secunda,
291 1613 402 1645 numfi,
417 1611 465 1639 uhi
480 1611 515 1639 ait
527 1622 553 1639 se
568 1622 666 1650 nuper,
678 1611 769 1650 πρῴην
784 1611 817 1640 de
830 1613 893 1651 glo-

154 1656 193 1685 ria
206 1657 347 1695 Unigeniti
366 1656 477 1685 dixisse.
490 1657 535 1686 Sic
549 1658 620 1686 enirn
639 1658 777 1686 conciones
800 1661 833 1687 de
849 1660 893 1687 In-

154 1703 387 1742 comprehensibili
402 1713 454 1731 non
471 1704 551 1732 semel
562 1704 688 1742 appellat.

194 1750 266 1777 Duas
284 1749 351 1777 alias
360 1756 449 1778 contra
465 1751 608 1778 Anomoeos
623 1750 762 1779 conciones
777 1751 822 1779 ille
839 1750 893 1778 ha-

153 1796 212 1825 buit
229 1795 459 1835 Constantinopoli
471 1818 479 1832 7
494 1796 542 1824 ubi
562 1796 608 1824 ill-1
627 1796 737 1825 haeresis
754 1797 893 1835 grassaba-

154 1850 207 1878 tur,
220 1849 249 1871 ut
263 1849 288 1871 et
298 1842 446 1871 Antiochiae
462 1854 468 1870 :
483 1842 517 1871 de
532 1842 587 1870 illis
601 1849 688 1870 autem
701 1853 750 1871 suo
765 1842 824 1871 loco
837 1853 894 1881 age-

155 1895 209 1916 tur.

23 1939 144 1959 Conriones
197 1935 377 1963 Homiliarum
397 1945 462 1963 vero
483 1941 573 1962 contra
598 1934 706 1964 Judaeos
726 1935 848 1964 ordinem
867 1936 894 1964 in

0 1986 2 1994 ¹
19 1975 79 2022 ae¹2¹¹J
89 1970 145 2022 ,ὼιμ
156 1981 231 2020 prius
251 1980 341 2009 Editis
363 1980 430 2008 mire
450 1980 637 2019 perturbatum
649 2003 656 2016 7
667 1981 724 2009 Deo
737 1981 817 2010 dante
827 2004 836 2019 7
849 1992 896 2010 nec

3 2031 92 2063 ¹-583-
156 2028 213 2056 sine
236 2027 328 2055 labore
349 2026 526 2055 restituimus.
545 2026 665 2055 Primam
688 2026 829 2056 homiliam
852 2028 896 2056 ha-

155 2073 372 2112 buit7postquam
383 2072 528 2100 certamina
543 2079 633 2100 contra
649 2073 791 2102 Anomoeos
806 2084 893 2109 orsus,

155 2119 294 2158 primaque
314 2119 372 2157 jam
386 2118 478 2146 habita
503 2118 644 2154 concione,
659 2118 822 2148 instantibus
842 2122 896 2150 Ju-

154 2165 275 2193 daeorum
288 2164 371 2200 feriis,
387 2164 561 2202 scenopegiis,
572 2164 693 2203 jejuniis,
708 2165 807 2203 quibus
818 2167 897 2196 Chri—

156 2210 234 2239 stiani
247 2210 358 2249 quidam
372 2210 540 2245 Antiocheni,
552 2210 652 2249 partim
666 2211 803 2250 spectandi
814 2235 821 2248 ,
834 2223 896 2251 par-

157 2256 206 2284 tim
225 2257 304 2285 etiam
317 2266 371 2284 una
389 2256 540 2285 celebrandi
560 2264 639 2295 atque
653 2258 794 2297 jejunandi
816 2269 895 2287 eausa

158 2302 283 2331 interesse
294 2303 413 2331 solebant
426 2313 432 2330 :
445 2302 509 2330 huic
521 2302 567 2331 ille
577 2303 671 2332 morbo
684 2311 712 2332 ut
728 2304 895 2340 mederetur,

158 2349 359 2377 concertationis
369 2355 459 2378 contra
475 2349 615 2378 Anomoeos
626 2360 733 2378 cursum
747 2350 897 2389 intercepit,

158 2405 189 2423 ac
213 2393 320 2424 Judaeos
342 2394 550 2433 Judaeorumque
574 2406 700 2433 sequaces
720 2396 831 2425 adortus
851 2404 899 2424 est.

158 2442 219 2476 Qua
232 2451 295 2470 vero
307 2441 369 2469 anni
380 2447 536 2480 tempestate
551 2441 607 2469 haec
615 2441 768 2470 concionari
779 2442 900 2481 coeperit,

160 2487 216 2526 ipse
231 2486 311 2525 paulo
326 2493 385 2525 post
401 2486 509 2514 initium
524 2486 642 2514 homiliae
658 2486 753 2525 primae
773 2487 901 2515 testifica-

160 2540 204 2561 tur
216 2532 258 2560 his
272 2532 361 2560 verbis
375 2543 381 2559 τ
394 2533 492 2560 Feriae
511 2534 678 2560 miserorum
690 2539 779 2571 atque
796 2544 901 2561 cerum-

162 2589 297 2607 nosorum
318 2578 488 2607 Judaeorum
517 2579 662 2606 conlirzuce
685 2585 712 2607 et
726 2579 902 2619 frequentes

161 2627 281 2662 instant,
294 2626 378 2659 lubre,
393 2625 714 2663 scenopegt'oe7jejttnia.
731 2625 779 2654 His
795 2634 903 2656 notatur

17 1754 139 1783 ’.ιφωζιῄῐ-

1632 216 1640 236 1
1657 203 1693 237 15

942 274 1015 303 haud
1031 274 1114 304 dubie
1127 274 1223 304 mensis
1234 275 1308 304 Tisri
1320 297 1328 311 7
1344 274 1399 303 sive
1415 275 1591 314 September,
1607 277 1685 315 cujus
1700 286 1762 306 Anno
1787 288 1827 313 533,-

943 321 1047 350 decimo
1062 321 1155 359 quinto
1166 321 1210 350 die
1225 321 1369 360 incipiebat
1381 321 1538 360 scenopegia
1555 344 1561 358 7
1579 332 1625 351 seu
1639 323 1685 351 se-

944 374 1015 396 stum
1035 367 1291 396 Tabernaculorum.
1303 367 1356 396 Illo
1375 374 1465 396 autem
1482 378 1570 396 mense
1594 369 1686 407 plures

944 413 1018 452 apud
1032 413 1139 443 Judaeos
1153 413 1393 442 occurrebantdies
1403 414 1471 449 sesti,
1484 414 1602 455 quamin
1619 426 1686 453 quo-

944 461 1010 489 libet
1024 460 1078 488 alio
1088 460 1170 488 totius
1185 459 1247 488 anni
1258 483 1265 495 ,
1277 466 1306 488 ut
1321 459 1412 488 videas
1424 459 1496 498 apud
1510 460 1685 495 Buxtorsum,

946 506 1115 535 Leusdenum
1128 513 1153 534 et
1166 506 1241 534 alios.
1254 505 1334 542 Quod
1349 507 1429 534 etiam
1444 506 1545 535 indicat
1562 507 1687 545 Chryso-

945 560 1061 588 stomus,
1075 563 1136 581 cum
1155 552 1220 580 dicit
1238 557 1354 591 συνεχεῖς
1375 553 1419 581 καὶ
1439 553 1591 588 ἐπάλληλοι.
1612 554 1686 582 Hanc

945 600 1144 628 solemnitatum
1154 599 1330 636 frequentiam
1346 599 1447 636 aliquot
1457 598 1552 627 diebus
1564 606 1688 628 antever-

946 645 1008 673 tisse
1023 645 1247 683 Chrysostomum
1263 667 1269 679 7
1283 651 1340 672 tum
1354 644 1491 683 praemissa
1501 645 1584 673 verba
1597 644 1687 673 decla-

945 699 1014 728 rant,
1024 698 1079 719 tum
1089 701 1152 719 mox
1163 690 1297 718 afferenda
1309 690 1494 720 testificantur.
1509 692 1599 727 Quare
1612 702 1686 720 men-

943 749 969 768 se
988 740 1108 776 Augusto
1126 736 1242 775 primam
1252 736 1393 764 homiliam
1407 736 1510 765 dixisse
1526 737 1642 766 videtur.
1700 748 1732 767 ποι

983 785 1015 813 In
1029 784 1080 812 hac
1099 793 1162 812 vero
1181 782 1292 810 homilia
1303 805 1310 818 ,
1323 782 1371 810 ubi
1388 782 1554 811 Christianos
1569 783 1629 812 illos
1643 783 1687 811 in-

944 838 1076 865 sectatur,
1097 829 1144 867 qui
1161 828 1299 867 religionis
1318 839 1398 856 causa
1414 828 1571 857 Judaeorum
1588 840 1662 857 sacra
1679 853 1686 863 ‚

945 878 1038 912 ferias,
1054 875 1124 904 aedes
1138 875 1257 912 adirent,
1274 885 1330 903 rem
1347 874 1425 902 affert
1441 874 1606 912 singularem
1617 897 1625 911 7
1643 875 1686 902 cui

944 925 990 953 ille
1011 922 1184 956 intersum-:t
1203 932 1285 960 quam
1311 920 1512 960 praetermittere
1538 931 1589 948 non
1617 920 1688 949 lieet.

946 972 1092 1008 Postquam
1107 968 1163 996 haec
1180 967 1320 1005 Evangelii
1339 967 1450 996 Joannis
1473 966 1553 995 verba
1575 967 1664 995 attulit
1679 989 1686 1002 ‚
1742 986 1769 1006 Τ.
1785 993 1803 1006 Ι.
1819 995 1840 1014 Γ.

945 1017 974 1046 Si
989 1018 1067 1045 enim
1084 1016 1204 1043 Patrem
1219 1024 1314 1042 meum
1329 1015 1451 1042 nossetis
1461 1035 1468 1048 7
1485 1020 1510 1041 et
1527 1024 1572 1042 me
1587 1023 1688 1042 nosse-
1702 1016 1756 1045 ὅου.
1768 1026 1786 1038 c.

947 1066 983 1092 tis
997 1076 1004 1090 :
1023 1072 1115 1101 neque
1136 1070 1207 1088 vero
1226 1071 1271 1088 me
1295 1062 1384 1088 nostis
1397 1081 1404 1093 ‚
1422 1069 1474 1087 nee
1494 1061 1613 1087 Patrem
1626 1071 1637 1093 ;
1654 1060 1689 1087 ita

946 1110 1051 1149 pergit:
1065 1120 1078 1136 (ι
1093 1106 1174 1143 Quod
1187 1106 1369 1134 testimonium
1383 1105 1434 1134 hoc
1449 1105 1503 1134 side
1516 1105 1627 1144 dignius
1642 1105 1691 1134 ad—

946 1155 1065 1184 ducam?
1080 1154 1108 1183 Si
1124 1155 1230 1182 Patrem
1249 1162 1301 1180 non
1323 1158 1433 1187 norunt,
1450 1151 1555 1180 Filium
1577 1152 1690 1180 crucifi-

949 1208 1061 1236 xerunt,
1077 1199 1195 1239 Spiritus
1217 1198 1354 1226 auxilium
1375 1197 1548 1236 repulerunt,
1566 1198 1626 1236 quis
1649 1198 1690 1226 lo-

950 1258 1010 1277 cum
1026 1247 1103 1275 illum
1116 1256 1172 1274 esse
1186 1244 1340 1273 daemonum
1360 1243 1540 1272 diversorium
1556 1244 1692 1272 affirmare

948 1304 1001 1322 non
1018 1292 1111 1321 ausit?
1131 1292 1191 1320 Non
1212 1289 1340 1319 adoratur
1362 1289 1400 1317 ibi
1422 1290 1511 1325 Deus,
1533 1289 1621 1326 absit3
1645 1290 1692 1317 sed

946 1339 1106 1368 idololatriae
1129 1337 1255 1376 deinceps
1279 1336 1353 1364 locus
1378 1342 1435 1364 est:
1451 1342 1476 1363 et
1499 1342 1585 1363 tamen
1607 1335 1691 1373 aliqui

946 1385 1000 1414 illis
1016 1393 1153 1422 tamquam
1165 1382 1289 1411 sacrariis
1302 1380 1448 1409 adhaerent.
1465 1381 1551 1418 Atque
1563 1380 1620 1408 haec
1636 1391 1688 1408 non

946 1429 1105 1469 conjecturis
1119 1428 1254 1457 adductus
1269 1426 1345 1462 dico,
1357 1425 1405 1454 sed
1421 1426 1478 1465 ipsa
1490 1425 1599 1454 edoctus
1611 1436 1691 1465 expc-

946 1476 1050 1505 rientia.
1070 1476 1139 1504 Nam
1162 1481 1222 1502 ante
1244 1473 1296 1501 hoc
1319 1471 1461 1509 triduum,
1485 1472 1552 1500 mihi
1575 1472 1690 1509 credite,

947 1533 1000 1551 non
1014 1522 1130 1550 mentior
1142 1543 1149 1557 7
1162 1526 1311 1548 matronam
1326 1517 1471 1556 quamdam
1485 1518 1625 1546 honestam
1635 1541 1642 1554 ,
1654 1519 1692 1547 in—

947 1579 1061 1608 genuam
1072 1591 1078 1602 ‚
1093 1566 1239 1596 modestam
1255 1571 1281 1593 et
1300 1564 1408 1592 fidelem
1423 1563 1498 1601 vidi,
1512 1575 1593 1602 quam
1609 1564 1692 1592 homo

948 1614 1059 1653 quidam
1068 1614 1201 1652 impurus,
1211 1611 1335 1650 opinione
1346 1609 1514 1638 Christianus
1526 1612 1534 1646 (
1546 1610 1608 1638 talia
1620 1610 1690 1638 enim

948 1660 1105 1695 audentem,
1118 1659 1251 1687 sincerum
1263 1656 1448 1685 Christianum
1463 1666 1515 1684 non
1532 1656 1650 1684 dixerim
1662 1659 1670 1692 )
1684 1680 1690 1690 ,

948 1707 1123 1735 Hebraeorum
1146 1704 1230 1733 aedem
1253 1703 1369 1738 intrare,
1393 1702 1483 1740 ibique
1500 1703 1690 1741 jusjurandum

949 1753 983 1781 de
997 1752 1110 1791 negotiis
1125 1751 1177 1779 sibi
1192 1749 1350 1778 concreditis
1365 1748 1429 1777 dare
1444 1748 1562 1787 cogebat.
1579 1749 1616 1777 Ut
1628 1759 1690 1777 vero

949 1799 996 1827 illa
1012 1808 1090 1837 opem
1106 1795 1267 1836 implorabat
1278 1817 1286 1831 7
1302 1801 1328 1822 et
1343 1794 1398 1822 vim
1415 1794 1568 1822 sceleratam
1583 1794 1690 1823 amoliri

950 1845 1093 1885 cupiebat3
1111 1844 1163 1873 sibi
1186 1843 1345 1880 cnim7quae
1365 1840 1521 1869 divinorum
1544 1841 1691 1880 mysterio-

951 1902 1012 1920 rum
1025 1901 1133 1920 consors
1147 1890 1215 1918 sacta
1230 1895 1312 1923 esset,
1324 1887 1402 1915 illum
1416 1886 1505 1914 Iocum
1518 1886 1592 1915 adire
1601 1909 1608 1921 ,
1618 1887 1691 1915 nefas

950 1948 1006 1966 esse
1018 1937 1132 1976 putabat
1143 1946 1148 1963 :
1164 1935 1287 1963 incensus
1301 1943 1349 1971 ego
1361 1932 1416 1960 zelo
1429 1939 1508 1970 atque
1521 1931 1618 1960 ardens
1632 1943 1691 1961 sur-

950 1983 1025 2019 rexi,
1048 1993 1096 2011 nec
1116 1981 1191 2009 illam
1212 1980 1247 2008 ad
1268 1978 1515 2018 praevaricationem
1539 1978 1609 2006 trahi
1632 1989 1692 2007 sum

951 2039 1054 2068 passus,
1067 2026 1207 2065 eripuique
1214 2025 1247 2053 ab
1258 2024 1350 2062 iniqua
1365 2023 1414 2051 ista
1431 2023 1602 2052 abductione.
1613 2025 1693 2052 Post-

950 2087 979 2104 ea
998 2085 1068 2110 eum,
1082 2073 1128 2111 qui
1149 2078 1266 2100 traxerat
1287 2071 1374 2107 illam,
1387 2069 1591 2098 Christianusne
1612 2078 1690 2104 esset,

951 2120 1045 2159 rogavi
1058 2129 1064 2146 :
1081 2117 1125 2146 cui
1139 2115 1276 2145 confitenti
1294 2115 1411 2153 graviter
1425 2114 1526 2149 institi,
1541 2115 1692 2143 fatuitatem

951 2165 1117 2206 exprobrans
1127 2186 1134 2198 7
1149 2169 1349 2199 extremamque
1363 2159 1524 2189 dementiam
1536 2183 1544 2197 7
1563 2167 1587 2189 et
1610 2161 1693 2189 asinis

952 2213 1031 2241 illum
1052 2216 1176 2250 p1·aestare
1195 2207 1307 2246 negavi,
1328 2206 1350 2235 si
1376 2206 1515 2234 Christum
1535 2217 1563 2234 se
1581 2206 1694 2235 adorare

953 2258 1099 2298 profitens⁷
1115 2254 1148 2283 ad
1165 2253 1321 2284 Judaeorum
1333 2274 1340 2287 ‚
1360 2252 1406 2290 qui
1429 2251 1518 2290 ipsum
1542 2253 1694 2281 crucifixis-

953 2310 1024 2337 sent,
1040 2302 1178 2341 speluncas
1191 2308 1353 2338 quemquam
1365 2297 1489 2327 traheret.
1506 2298 1693 2337 Productoque

952 2349 1059 2387 longius
1073 2356 1194 2376 sermone
1205 2368 1212 2382 7
1227 2345 1346 2385 primurn
1357 2344 1450 2383 jurare
1464 2355 1573 2383 prorsus
1588 2355 1640 2373 non
1659 2345 1690 2373 li-

954 2405 1029 2431 cere,
1053 2400 1138 2432 nequ'e
1159 2392 1193 2421 ad
1214 2389 1405 2431 jusjurandum
1425 2390 1580 2429 quempiam
1595 2391 1694 2419 incita-

954 2452 997 2478 re,
1012 2451 1046 2469 ex
1059 2450 1134 2469 sacro
1146 2437 1295 2476 Evangelio
1309 2435 1390 2465 docui
1404 2448 1410 2464 ι
1428 2435 1527 2465 deinde
1537 2459 1544 2472 ,
1556 2446 1609 2465 non
1625 2436 1694 2464 fide-

954 2489 1006 2516 lem
1028 2494 1054 2516 et
1073 2486 1207 2515 initiatum
1219 2508 1227 2520 7
1239 2484 1304 2522 quin
1326 2492 1411 2520 neque
1431 2492 1492 2511 eum
1512 2483 1559 2520 qui
1574 2483 1694 2512 nondum

956 2535 991 2563 sit
1012 2533 1133 2562 initiatus
1143 2554 1151 2569 7
1176 2531 1204 2559 in
1227 2530 1305 2558 istam
1329 2527 1510 2557 necessitatem
1535 2527 1695 2556 trahendum

956 2582 1045 2611 tuisse.
1070 2580 1214 2617 Postquam
1234 2576 1283 2606 diu
1303 2575 1472 2612 multumque
1492 2575 1619 2612 loquutus
1638 2574 1697 2602 ani-

958 2638 1032 2656 mum
1053 2627 1110 2665 ejus
1128 2624 1162 2653 ab
1183 2633 1270 2652 errore
1284 2619 1419 2661 opinionis
1440 2619 1573 2657 liberavi,
1592 2630 1699 2649 causam
