1884 2922
834 221 852 240 v

77 281 196 319 qualem
213 281 368 310 Yoorstius
386 280 518 310 ediderat
532 292 568 310 ex
582 282 681 311 codice
696 282 842 315 Leidensi,
867 282 1100 312 emendatiorem
1121 294 1154 311 ea
1171 293 1263 321 quam
1290 291 1494 321 expresserant
1512 283 1606 312 Bene-

76 329 192 357 dictini.
213 328 249 357 In
264 329 377 367 priores
398 328 473 358 duas
490 330 717 359 annotationem
736 330 884 368 egregiam
901 331 1055 369 scripserat
1072 330 1301 367 Valckenarius,
1322 341 1415 369 quam
1442 332 1606 370 recepimus

77 376 223 414 integram
235 387 266 414 p.
279 375 408 406 564-551
421 387 506 405 novae
516 377 663 408 editionis.
681 377 782 408 Oratio
793 379 894 417 spuria
910 379 947 408 de
961 381 1044 407 hiato
1056 380 1223 414 Abraham,
1236 391 1264 418 p.
1283 382 1341 409 885
1351 390 1416 418 sqq.
1429 402 1437 415 ,
1453 389 1489 408 ex
1509 379 1608 408 codice

78 423 258 453 Coisliniano
270 424 408 463 plurimis
420 424 488 454 locis
499 425 667 457 emendata.
682 427 819 465 suppleta
833 433 862 455 et
876 427 994 457 duabus
1003 428 1119 466 paginis
1131 427 1251 456 ineditis
1262 428 1332 463 (894
1339 435 1367 457 et
1377 427 1447 465 895)
1455 435 1542 456 aucta
1553 433 1604 456 est.

77 471 215 500 Homiliae
230 473 299 500 item
308 473 415 510 spuriae
426 474 456 500 in
471 475 590 501 Petrum
602 482 629 502 et
644 476 774 510 Heliam,
786 487 817 514 p.
832 479 885 507 871
902 487 981 515 sqq.‚
994 477 1024 504 in
1039 487 1099 515 qua
1110 482 1227 505 textum
1241 475 1457 505 Morellianum
1479 487 1494 505 e
1511 475 1610 504 codice

76 519 214 558 plurimis
229 520 259 548 in
273 519 342 548 locis
356 530 461 548 manco
478 520 604 550 ductum
623 524 786 552 retinuerat
811 524 1050 558 Montfauconus,
1074 524 1277 552 recensionem
1292 523 1477 553 Savilianam
1491 534 1608 562 expres-

76 569 181 604 simus,
196 567 334 597 similiter
347 575 466 606 agentes
480 570 510 597 in
521 570 649 599 Homilia
660 574 801 609 genuina,
818 573 870 599 Ad
878 572 1089 601 illuminandos
1105 573 1269 601 Cateclzesis
1281 574 1386 608 prima,
1405 583 1434 611 p.
1453 573 1511 602 265
1527 582 1607 610 sqq„

77 620 107 642 et
119 614 228 652 spuriis
243 614 279 641 de
295 615 423 642 Occursu
438 615 571 651 Domini,
593 627 624 655 p.
635 617 693 647 975
711 628 791 657 sqq.‚
807 619 841 646 dc
866 620 1021 658 Fugienda
1042 619 1183 648 simulata
1205 623 1312 657 specie,
1333 619 1498 650 voluminis
1518 620 1609 658 primi

77 671 107 699 p.
126 663 197 690 1001
212 671 292 699 sqq„
308 661 361 690 ubi
375 662 464 690 etiam
482 663 685 702 interpretatio
699 665 791 695 latina
811 665 999 697 Savilianmn
1024 667 1125 707 potius
1144 678 1236 706 quam
1258 667 1475 697 Morellianum
1494 675 1610 697 textum

77 718 95 737 a
107 708 306 738 Benedictinis
317 716 468 738 servatum
483 710 634 741 referebat.

118 781 292 812 Voluminis
316 785 394 812 tertii
410 784 547 814 Homiliis
573 786 621 821 18,
645 788 692 821 19,
707 788 758 822 20,
781 789 831 822 21,
845 786 882 816 -24
908 795 937 816 et
958 789 996 817 29
1016 786 1148 816 multum
1164 786 1278 826 profuit
1300 786 1392 815 codex
1411 786 1523 825 Regius
1537 787 1609 819 '7485

77 840 166 868 porro
181 830 313 861 Homilia
328 832 503 871 interpolata
520 835 549 860 in
564 833 773 861 Ascensivnenz
792 834 922 871 Domini,
938 846 968 874 p.
989 835 1134 871 914-935‚
1150 833 1318 873 plurimum
1329 833 1415 863 dehet
1429 833 1549 863 duobus
1563 844 1612 863 co-

79 877 194 907 dicibus
207 878 339 917 ejusdem
356 879 554 918 Bibliothecae,
570 881 646 910 2186
657 888 685 909 et
703 881 787 911 1474.

117 939 262 969 Homilias
275 941 305 969 in
322 939 464 977 Genesin,
477 952 551 980 quas
565 941 772 980 complectitur
789 941 931 971 volumen
947 949 1103 980 quartum,
1124 940 1171 970 hic
1192 941 1253 970 illic
1275 942 1419 980 corrigere
1440 949 1613 980 poteramus

78 998 113 1016 ex
134 988 233 1017 codice
256 987 436 1017 Coisliniano
450 1011 457 1023 ‚
489 999 581 1027 quem
604 989 840 1019 Montfauconus
864 1000 926 1019 non
945 990 1064 1019 videtur
1085 991 1254 1029 inspexisse.
1279 989 1327 1018 Sic
1348 991 1379 1018 in
1405 989 1613 1019 voluminibus

78 1036 196 1074 quinte,
209 1043 302 1070 sexto,
315 1037 442 1075 septimo
456 1037 504 1066 hic
521 1037 581 1066 illic
593 1037 685 1067 codex
700 1039 847 1077 inspectus
863 1045 916 1067 est.
939 1039 976 1067 In
999 1045 1082 1067 sexto
1102 1039 1220 1067 accessit
1234 1039 1463 1067 commentarius
1478 1038 1613 1067 Matthaei

78 1084 107 1112 in
123 1083 286 1113 Homiliam
299 1083 336 1113 de
351 1084 484 1120 theatris,
505 1092 533 1114 et
542 1086 645 1124 spuria
657 1085 794 1124 quaedam
807 1086 902 1114 oratio
911 1085 1080 1115 vindicatur
1097 1085 1258 1116 Severiano
1274 1085 1471 1115 Gabalorum.

120 1315 281 1345 Volumine
293 1323 409 1352 octavo,
426 1317 456 1345 in
471 1326 532 1355 quo
553 1315 782 1356 Chrysostomus
806 1316 844 1345 ad
868 1315 900 1346 S.
926 1315 1050 1345 Joanuis
1071 1316 1271 1356 Evangelium
1293 1327 1372 1346 novo
1388 1318 1613 1348 commentandi

77 1374 184 1402 genere
200 1364 413 1403 exponendum
433 1363 615 1403 aggreditur,
634 1371 669 1393 ut
692 1375 754 1393 non
777 1370 839 1393 tam
861 1365 1022 1394 sententias
1048 1375 1152 1394 omnes
1174 1363 1360 1403 evangelistae
1384 1375 1548 1406 earumque
1570 1374 1614 1395 te-

79 1421 183 1441 norem
198 1411 337 1451 aequabili
357 1411 448 1441 modo
462 1418 634 1451 persecutus
651 1411 778 1441 declaret
803 1418 832 1441 et
844 1411 975 1448 evolvat,
996 1412 1047 1442 sed
1061 1411 1222 1447 haereticos,
1244 1413 1297 1451 qui
1311 1412 1416 1442 multis
1435 1412 1506 1442 locis
1522 1413 1614 1452 hujus

78 1459 233 1498 Evangelii
261 1459 345 1489 abusi
367 1459 497 1495 fueraut,
522 1458 569 1489 vel
592 1460 709 1489 saniore
723 1459 883 1499 Scripturae
903 1461 1147 1499 interpretatione
1162 1460 1285 1494 refutet,
1311 1460 1357 1490 vel
1381 1460 1540 1490 dialecticis
1566 1473 1616 1490 ra-

79 1506 211 1537 tionibus
232 1507 407 1546 redarguat:
427 1506 514 1537 inhis
528 1507 619 1547 igitur
636 1507 775 1538 Homiliis
796 1507 1003 1537 difficultatem
1027 1507 1180 1547 quandam
1200 1509 1298 1545 veriti,
1313 1519 1500 1548 quamquam
1515 1508 1611 1538 Bene—

78 1554 181 1583 dictini
199 1565 228 1584 se
249 1554 362 1585 codices
372 1555 592 1595 quatuordecim
607 1555 765 1585 contulisse
789 1555 991 1592 affirmabant,
1006 1555 1163 1585 Savilianae
1189 1555 1315 1585 editioni
1339 1556 1471 1585 codicem
1486 1556 1615 1595 Regium

77 1601 136 1632 706
161 1602 354 1641 addidimus,
383 1614 474 1643 quem
506 1603 729 1634 consuleremus
755 1603 940 1643 ubicumque
965 1603 1002 1633 de
1025 1604 1179 1643 scripturae
1202 1604 1370 1643 integritate
1390 1603 1519 1633 dubium
1541 1604 1615 1633 inci-

78 1648 172 1679 deret.
197 1649 304 1680 Paullo
317 1658 383 1690 post
399 1652 490 1680 etiam
510 1651 641 1681 codicem
657 1653 715 1682 705
731 1652 935 1681 assumsimus.
950 1651 983 1680 In
1002 1652 1114 1690 quibus
1129 1662 1198 1681 cum
1215 1651 1312 1681 multa
1323 1662 1397 1691 saepe
1412 1652 1616 1681 inveniremus

77 1707 143 1736 quae
162 1708 223 1737 prae
244 1706 360 1738 recepta
384 1699 509 1729 lectione
538 1699 624 1729 nobis
641 1699 854 1738 probarentur,
879 1706 980 1728 tamen
1002 1710 1039 1728 ne
1058 1701 1141 1738 justo
1162 1699 1334 1729 audaciores
1352 1711 1413 1729 esse
1429 1699 1613 1735 videremur,

77 1747 101 1774 si
124 1745 257 1776 duorum
280 1747 416 1777 codicum
431 1754 460 1776 et
475 1747 631 1776 Savilianae
645 1747 784 1777 editionis
798 1758 976 1777 consensum
996 1748 1122 1778 testibus
1149 1749 1368 1786 quatuordecim
1390 1747 1535 1777 vellemus
1561 1758 1615 1776 an-

77 1802 236 1833 teponere3
257 1795 412 1833 vulgatam
432 1796 609 1834 scripturam
623 1802 690 1824 tum
710 1795 835 1825 demum
854 1803 971 1825 mutare
992 1797 1202 1830 sustinuimus,
1216 1796 1339 1835 quando
1354 1795 1402 1825 vel
1423 1795 1534 1834 linguae
1551 1795 1612 1831 lex,

77 1842 124 1871 vel
149 1843 212 1881 ipsa
235 1843 381 1872 sententia
403 1844 604 1872 necessitatem
627 1843 810 1882 imponebat.
838 1843 873 1872 In
897 1845 1005 1873 caeteris
1026 1844 1097 1873 locis
1118 1844 1172 1873 ubi
1187 1844 1306 1873 defendi
1327 1851 1441 1883 poterat
1467 1844 1614 1882 scriptura

77 1889 352 1925 Benedicfinorum,
367 1897 421 1919 aut
437 1890 568 1926 tolerari,
583 1890 767 1921 Savilianam
782 1898 810 1920 et
821 1901 887 1930 quae
908 1898 1080 1921 nostrorum
1102 1892 1239 1921 codicum
1257 1899 1300 1921 est
1313 1913 1321 1928 ‚
1346 1892 1377 1920 in
1391 1892 1452 1920 imo
1475 1892 1610 1930 margine

76 1938 270 1976 apposuimus
282 1950 291 1977 3
315 1937 472 1977 aliquoties
487 1949 520 1967 ea
535 1945 655 1967 tantum
676 1949 762 1967 causa
776 1939 917 1977 permoti,
940 1946 974 1968 ut
985 1946 1157 1968 nostrorum
1170 1939 1301 1968 fontium
1313 1939 1463 1968 dissensus
1477 1939 1613 1968 testimo-

77 1986 163 2014 nium
178 1985 424 2024 relinqueremus.
442 1985 500 2015 Sed
514 1986 640 2015 ulterius
649 1987 806 2025 progressis
818 1997 888 2015 cum
901 1987 1081 2025 suspiciones
1096 1987 1133 2016 de
1146 1986 1331 2025 indiligentia
1345 1986 1476 2025 quadam
1489 1986 1615 2015 Benedi-

76 2034 226 2063 ctinorum
239 2033 478 2070 cumularentur,
492 2034 600 2063 nostris
615 2034 766 2064 codicibus
787 2045 862 2073 quos
879 2034 1057 2073 procedente
1075 2045 1162 2074 opere
1178 2036 1310 2064 curatius
1331 2045 1427 2073 usque
1436 2034 1612 2064 consuleba-

77 2091 156 2118 mus,
167 2088 197 2110 et
203 2081 325 2118 Savilio,
345 2092 376 2110 re
387 2082 450 2121 ipsa
459 2082 636 2120 imperante,
648 2083 740 2121 magis
754 2081 946 2117 confidentes,
959 2092 1007 2111 eas
1020 2081 1159 2111 lectiones
1170 2093 1235 2121 quae
1249 2093 1303 2111 sua
1312 2093 1341 2111 se
1352 2083 1464 2111 virtute
1476 2082 1515 2111 ab
1529 2083 1612 2111 omni

76 2136 160 2167 parte
181 2129 427 2159 commendarent
440 2152 448 2166 ‚
475 2131 506 2158 in
526 2131 658 2159 oratione
678 2131 742 2169 ipsa
767 2129 971 2169 Chrysostomi
991 2140 1103 2168 ponere
1124 2141 1186 2159 non
1209 2129 1429 2159 dubitavimus.
1445 2129 1490 2159 Ita
1503 2129 1613 2158 harum

76 2176 276 2207 Homiliarum
297 2188 364 2216 pars
381 2177 473 2207 altera
488 2178 677 2217 aliquatenus
689 2178 839 2207 dissimilis
860 2179 951 2207 evasit
965 2178 1069 2217 priori,
1086 2178 1233 2207 nimirum
1247 2177 1434 2206 emendatior
1447 2184 1476 2206 et
1490 2177 1611 2206 erudito

77 2224 177 2254 lectori
195 2226 337 2264 pauciora
351 2225 494 2264 objiciens
509 2226 540 2255 in
554 2226 665 2265 quibus
680 2225 827 2255 offendere
840 2226 949 2264 possit;
967 2237 1020 2254 nec
1031 2227 1056 2255 si
1067 2226 1243 2264 profitemur
1254 2226 1309 2264 ipsi
1324 2236 1377 2254 nos
1388 2225 1527 2264 plurimis
1542 2225 1613 2255 locis

76 2283 178 2301 veram
198 2281 227 2302 et
241 2272 442 2302 indubitatam
463 2274 642 2312 scripturam
662 2274 863 2313 Chrysostomi
881 2284 916 2302 ex
931 2273 990 2302 illis
1004 2273 1156 2302 codicibus
1174 2273 1273 2312 Regiis
1283 2273 1453 2307 restituisse,
1471 2283 1612 2302 veremur

77 2330 114 2348 ne
126 2321 228 2349 inania
245 2323 366 2359 jactasse
377 2320 541 2360 aliquando
556 2322 781 2351 convincamur.
799 2321 936 2350 Ceterum
948 2321 1117 2359 frequenter
1132 2320 1319 2350 emendanda
1332 2343 1340 2357 ‚
1359 2332 1425 2350 raro
1437 2321 1611 2360 explicanda

77 2375 139 2397 erat
161 2369 254 2397 oratio
269 2367 298 2396 S.
325 2368 470 2404 doctoris;
496 2368 579 2407 quod
593 2370 680 2398 tacite
690 2369 872 2408 plerumque
897 2370 1020 2398 fecimus
1034 2370 1169 2398 versione
1190 2369 1282 2398 latina
1304 2369 1413 2398 rectius
1437 2370 1610 2404 constituta,

76 2417 233 2456 aliquoties
256 2418 410 2447 disertiore
433 2418 629 2457 expositione,
656 2425 691 2447 ut
710 2419 739 2446 in
758 2425 828 2447 nota
849 2429 864 2446 c
885 2418 924 2447 ad
937 2429 967 2457 p.
985 2418 1054 2454 485,
1067 2417 1088 2446 C
1101 2417 1147 2447 ed.
1161 2417 1273 2446 Montf.

118 2510 263 2541 Homilias
278 2511 308 2539 in
318 2510 516 2549 Evangelium
525 2511 554 2541 S.
569 2510 688 2540 Ioannis
703 2512 810 2550 excipit
819 2512 990 2550 spuriarum
1004 2511 1100 2539 omnis
1118 2511 1232 2549 generis
1243 2520 1366 2540 acervus
1378 2511 1492 2549 ingens,
1509 2512 1605 2540 maxi-

79 2570 158 2588 mam
185 2567 299 2598 partem
315 2558 352 2587 ab
375 2558 486 2587 Sat-ilio
508 2558 584 2587 male
603 2559 705 2588 feriato
721 2560 750 2587 in
781 2559 875 2588 lucem
891 2566 1060 2598 protrusus.
1079 2559 1137 2589 Has
1151 2570 1337 2598 quamquam
1359 2570 1393 2588 ex
1410 2561 1473 2598 ipso
1498 2559 1610 2589 Snvilio

80 2609 255 2646 repetierunt
270 2607 470 2645 Benedictiui7
492 2606 586 2636 multa
603 2615 775 2647 praepostere
790 2616 841 2637 aut
866 2608 1046 2647 negligenter
1065 2609 1159 2647 posita
1181 2619 1214 2637 cx
1238 2607 1397 2647 archetypo
1421 2608 1606 2647 corrigenda.
