1884 2922
224 172 293 215 384

222 244 391 281 Demersisti,
410 244 537 272 thronum
553 243 609 281 ejus
624 241 650 268 in
665 246 761 268 terram
779 239 912 268 collisisti.
928 247 959 268 V.

224 293 289 317 959.
307 299 334 317 n.

262 332 365 360 StcAnu
389 336 518 359 vocantur
542 338 623 366 genus
646 327 804 361 latronum,
828 338 841 354 a
866 325 964 365 gladiis

225 385 292 413 quos
306 374 462 413 gestabant,
487 372 522 400 ita
545 370 686 409 appellati.
706 378 750 399 IX.
774 375 838 399 390.
854 380 880 398 D.
908 369 964 398 Alii

226 429 288 446 vero
299 424 392 456 putant
402 426 444 444 eos
457 426 488 444 ex
503 425 554 443 una
565 413 722 443 Judaeorum
733 421 801 442 secta
814 413 904 441 fuisse.
920 414 964 440 lb.

265 462 390 489 Stemus
415 465 440 487 et
453 457 584 486 desolatio
597 467 694 495 magna
717 457 800 485 lleliae
812 457 888 495 jussu
911 463 967 484 ter-

227 514 283 532 ram
298 502 450 541 occupavit.
469 509 502 530 II.
519 506 584 531 876.
610 512 636 529 n.
652 511 677 529 12.
695 511 723 528 A.
747 500 860 529 Siccitas
875 499 968 528 Antio-

227 547 293 575 chia:
304 546 443 574 deficiente
458 545 562 584 pluvia.
585 552 618 573 X.
636 548 701 572 435.
718 554 745 572 E.

266 590 369 618 SicanA
384 589 536 628 palmarum
549 598 655 617 succus.
677 594 722 615 VI.
740 591 785 615 67.
807 593 845 615 est
860 587 967 626 sopori-

229 633 289 661 lica.
306 635 348 662 ΙΙ).

267 678 374 705 Siccus
388 677 414 705 in
432 675 548 714 vectigal
562 675 651 703 datus.
668 681 727 703 VII.
745 678 811 702 659.
828 685 853 704 B.

268 720 403 748 S1DERUM
428 719 513 748 motui
530 728 621 747 rerum
636 724 762 747 eventum
786 716 895 754 quidam
918 716 970 744 ad-

230 763 393 793 scribebant.
409 770 428 791 1.
447 767 510 791 113.
527 773 555 790 E.
572 760 697 790 Siderum
714 760 832 795 utilitas,
860 770 918 798 quae
939 760 971 788 de

230 806 294 835 caelo
309 817 356 835 nos
370 813 473 844 regunt.
492 813 537 834 111.
556 809 618 833 569.
636 815 664 833 D.

272 851 384 885 Smm,
417 861 464 879 seu
489 859 579 877 mensa
604 848 812 877 semicircularis
825 869 834 882 ,
869 847 895 875 in
923 858 972 875 usu

233 901 352 933 tempore
366 893 562 933 Chrysostomi.
580 899 627 922 XI.
653 896 715 921 376.
731 902 760 920 Ι).
778 902 803 920 Ε.
831 891 902 920 Vide
921 902 972 919 no·

235 946 294 966 tam
309 937 337 966 d.

266 982 458 1010 SIGNACULUM
474 980 501 1008 in
523 980 609 1008 fronte
630 989 774 1018 puerorum
797 989 886 1008 recens
900 985 975 1008 nato—

234 1035 294 1052 rum
310 1035 324 1052 a
342 1023 497 1062 presbytero
511 1023 681 1061 impressum.
698 1029 733 1050 X.
751 1026 814 1050 126.
830 1033 857 1050 A.

275 1069 427 1096 SIGNATUM
440 1067 530 1094 lumen
543 1065 608 1104 quid
620 1065 665 1093 sit.
683 1072 716 1093 V.
730 1069 776 1093 25.
794 1077 819 1095 c,

275 1113 394 1139 Smuum
407 1111 493 1138 crucis
504 1109 531 1137 in
539 1108 682 1146 baptismo,
697 1114 722 1136 et
737 1108 763 1136 in
780 1118 907 1136 manuum
920 1109 974 1137 im—

238 1154 377 1193 positione.
393 1161 439 1182 XI.
452 1157 517 1182 342.
530 1164 557 1182 A.
585 1151 668 1190 Signo
685 1152 771 1180 crucis
785 1152 871 1180 omnis
892 1161 975 1190 prava

235 1205 349 1237 potestas
372 1198 491 1235 fugatur.
517 1204 537 1225 Ι.
565 1201 629 1224 841.
647 1206 668 1222 n.
698 1196 856 1234 aperiuntur
881 1195 976 1223 clausae

234 1244 505 1281 jantue,venen01·um
518 1240 559 1269 vis
569 1239 760 1277 exstinguitur,
774 1239 890 1268 ferarum
905 1249 977 1267 mor-

237 1296 282 1314 sus
296 1292 437 1314 curantur.
451 1291 510 1315 VII.
525 1288 588 1312 621.
606 1295 630 1312 A.
645 1283 759 1322 Signum
771 1283 857 1311 crucis
871 1283 897 1311 in
912 1282 978 1311 facie

237 1337 263 1359 et
274 1337 379 1370 pectore
390 1329 475 1368 digito
488 1328 686 1357 efformabatur.
706 1335 763 1357 VII.
780 1333 843 1357 620.
861 1339 887 1357 n.
910 1333 974 1356 926.

238 1387 262 1402 A.
276 1386 301 1404 B.
321 1375 350 1402 In
364 1374 460 1402 balnea
477 1374 605 1402 intrantes
617 1372 696 1401 multi
715 1383 742 1401 se
765 1372 917 1411 signabant.
932 1379 978 1401 IX.

240 1423 303 1448 101.
321 1428 347 1448 C.
368 1418 440 1446 Vide
453 1418 545 1446 CRux.

279 1463 397 1499 Signum
410 1462 501 1489 crucis
515 1462 621 1499 ubique
632 1460 744 1489 aderat.
760 1467 804 1488 111.
818 1464 882 1488 998.
898 1469 926 1487 Ε.
943 1461 979 1487 In

240 1505 360 1541 (edibus,
379 1505 580 1544 insrontilncs,
598 1506 629 1532 in
645 1510 739 1532 mente
750 1504 975 1542 depingendum.

241 1547 280 1576 lb.
296 1549 370 1586 Ejus
383 1548 528 1576 mirabiles
542 1548 678 1586 effectus.
696 1555 740 1576 III.
752 1552 814 1576 999.
827 1558 854 1575 c.

282 1591 394 1629 Signum
414 1601 461 1620 seu
483 1590 654 1626 miraculum,
676 1597 776 1618 naturae
801 1589 981 1619 conditionem

242 1634 356 1664 excedit.
369 1642 414 1664 VI.
431 1640 477 1664 94.
488 1645 514 1662 Β.
527 1635 618 1673 Signa
632 1641 782 1663 vocantur
795 1644 860 1672 quoe
883 1644 983 1662 secun-

243 1679 313 1706 dum
329 1678 565 1717 naturamfiunt,·
573 1678 719 1706 miracula
727 1688 808 1712 vem,
825 1688 890 1716 quae
900 1687 984 1715 super

246 1728 379 1750 naturam
391 1721 512 1759 fiebant.
526 1728 559 1749 V.
573 1726 637 1750 907.
651 1731 680 1752 E.
694 1721 979 1750 AddeMinAcULrM.

285 1766 366 1804 Signa
382 1765 551 1803 quandonam
568 1766 652 1793 facere
663 1764 729 1792 solet
745 1767 827 1794 Deus.
844 1772 901 1794 VII.
916 1770 980 1794 208.

245 1809 326 1846 Signa
337 1819 385 1837 cur
401 1808 479 1836 cdere
492 1807 633 1836 cessaverit
646 1810 729 1835 Deus.
748 1815 779 1837 II.
794 1813 857 1837 548.
877 1819 904 1837 n.
926 1815 983 1837 VII.

246 1857 309 1881 424.
318 1853 393 1881 REX
408 1862 438 1880 eo
448 1850 521 1889 quod
536 1851 611 1889 signa
623 1861 692 1879 nunc
703 1861 754 1879 nou
770 1851 847 1887 fiant,
858 1862 912 1880 non
922 1862 984 1880 con-

247 1897 410 1926 cludendum
424 1897 504 1925 etiam
525 1895 707 1934 apostolorum
720 1902 837 1935 tempore
851 1907 902 1924 non
917 1897 985 1925 facta

246 1951 309 1969 csse.
326 1948 358 1971 X.
378 1945 423 1969 53.
437 1951 465 1968 A.
489 1940 571 1978 Signa
590 1949 642 1967 non
663 1939 788 1967 fidelibus
803 1961 810 1975 ‚
828 1940 873 1968 scd
888 1940 986 1968 infide-

246 1985 319 2014 libus
342 1984 449 2013 dantur.
471 1991 541 2013 VIII.
559 1987 623 2012 236.
647 1993 675 2011 A.
696 1983 786 2022 Signa
810 1983 986 2021 infidelibus,

248 2028 467 2067 nonfidelibus,
482 2033 694 2065 proponuntur.
712 2033 759 2056 III.
774 2032 838 2056 991.
853 2039 870 2056 A
896 2028 988 2066 Signis

249 2074 366 2112 populus
377 2072 508 2101 allicitur.
525 2079 595 2100 VIII.
608 2076 672 2099 340.
689 2082 717 2099 A.

289 2117 371 2155 Signa
382 2115 603 2144 resurrectionem
620 2115 742 2154 probant.
753 2123 800 2145 lx.
813 2120 907 2146 107.c.
921 2117 990 2145 Sunt

251 2160 427 2188 manifestatio
439 2159 559 2198 spiritus.
572 2166 617 2187 IX.
632 2163 696 2188 153.
712 2170 736 2187 n.

297 2204 377 2241 Signa
391 2213 442 2230 non
458 2209 519 2231 sunt
537 2212 640 2240 semper
654 2212 668 2229 a
691 2212 772 2240 prava
793 2202 945 2241 suspicione
958 2203 991 2231 li-

252 2248 334 2283 hera.
351 2247 403 2275 vita
419 2253 505 2274 autem
525 2256 592 2284 pura
615 2245 661 2273 tali
680 2245 823 2284 suspicioni
844 2256 991 2283 numquam

253 2291 377 2320 obnoxia.
394 2298 452 2318 VII.
470 2295 534 2320 425.
552 2289 658 2317 Etenim
674 2289 719 2326 qui
744 2289 819 2327 signa
834 2290 897 2317 facit
911 2312 918 2326 ⁷
941 2300 992 2329 po-

254 2342 303 2363 test
317 2345 372 2363 esse
388 2334 510 2362 carnalis.
534 2341 566 2361 X.
584 2338 629 2361 77.
655 2344 682 2360 A.
700 2333 810 2361 Faciunt
826 2333 900 2371 signa
914 2333 993 2362 etiam

254 2378 470 2417 praestigiatores.
488 2384 546 2405 XII.
564 2382 608 2405 47.
625 2388 650 2405 A.

295 2422 439 2458 Signorum
454 2420 573 2459 operatio
591 2420 649 2448 siue
670 2419 771 2448 virtute
794 2419 862 2447 nihil
887 2419 994 2459 prodest

256 2464 387 2503 operanti.
406 2472 461 2492 VII.
482 2469 546 2492 3⁷10.
564 2475 590 2492 A.
613 2463 695 2501 Signa
710 2474 761 2491 nou
785 2463 910 2492 facientes
926 2461 995 2492 nihil

258 2509 346 2537 minus
370 2509 522 2543 habebunt,
553 2509 575 2536 si
598 2509 694 2537 virtuti
714 2519 822 2547 operam
843 2508 916 2538 dent.
935 2516 993 2538 VII.

259 2555 322 2579 341.
338 2562 362 2578 c..
380 2552 460 2589 Signa
477 2551 637 2589 quibusdam
662 2558 819 2586 nocuerunt,
841 2562 920 2590 opera
933 2563 995 2582 vero

859 178 961 201 INDItx
989 177 1114 200 RERUM.

1015 240 1084 267 bona
1105 247 1251 275 numquam
1272 246 1364 264 nocere
1378 242 1498 274 possunt.
1521 242 1578 263 VII.
1593 239 1655 263 425.
1672 245 1698 263 n.
1725 242 1750 261 Ε.

1024 282 1114 320 Signis
1128 281 1252 310 omnibus
1267 279 1430 319 pracferenda
1450 279 1556 308 caritas.
1575 286 1618 308 IX.
1643 282 1706 307 557.
1727 290 1751 305 A.

1017 326 1100 364 Signa
1113 326 1164 353 sub
1174 324 1281 354 Juliano
1294 327 1421 362 Apostata
1433 323 1562 351 exhibita.
1585 329 1645 352 VII.
1663 326 1709 350 54.
1723 332 1749 350 A.

1064 369 1177 407 Signum
1194 375 1219 396 et
1237 367 1391 406 symbolum
1406 366 1597 405 promissorum
1611 375 1624 393 a
1643 365 1757 404 promit-

1022 413 1139 442 tentibus
1152 411 1277 440 dabatur.
1295 418 1342 440 IV.
1354 414 1419 439 434.
1438 421 1465 438 A.

1062 457 1222 485 SILENTIUM
1248 453 1382 483 desiderat
1401 452 1624 491 Chrysostornus,
1648 451 1758 490 plausus

1022 501 1116 540 rejicit.
1134 507 1153 529 I.
1170 503 1233 527 894.
1250 509 1276 528 A.
1299 496 1442 526 Silentium
1459 495 1608 524 maximum
1628 500 1654 523 et
1671 501 1758 523 atten-

1022 545 1124 573 tionem
1137 541 1317 571 adhibendam
1329 539 1488 579 praescribit.
1508 546 1539 568 V.
1557 542 1604 567 92.
1617 549 1642 566 c.

1063 586 1207 617 Silentium
1221 583 1366 623 aliquando
1378 584 1483 621 loquela
1498 583 1591 611 utilius
1607 605 1614 618 ‚
1634 588 1664 610 ut
1678 588 1703 609 et
1716 581 1758 610 lo—

1023 631 1100 669 quela
1116 629 1260 668 aliquando
1273 628 1379 657 silentio
1394 627 1497 656 utilior.
1515 634 1546 655 V.
1560 630 1623 655 521.
1642 636 1669 653 A.
1687 625 1758 652 Tum

1023 675 1133 703 demum
1147 680 1186 702 est
1197 671 1371 710 loquendum,
1395 669 1503 708 quando
1524 670 1605 700 verba
1620 669 1681 708 plus
1695 678 1759 707 pro-

1030 725 1111 755 sunt,
1133 727 1212 755 quam
1236 715 1381 744 silentium.
1401 721 1434 742 V.
1459 718 1523 742 523.
1551 711 1693 742 Silentium
1717 711 1761 740 in-

1026 761 1213 800 tempestivum
1226 759 1339 787 malum.
1359 765 1391 786 V.
1410 762 1474 786 524.

1066 804 1207 834 Silentium
1218 803 1267 831 Dei
1279 809 1318 831 est
1332 803 1389 841 ejus
1402 801 1537 841 patientia.
1554 807 1586 829 V.
1605 804 1667 828 288.
1682 809 1708 828 Ε.
1725 800 1763 828 De

1029 848 1142 878 Silentio
1157 853 1181 875 et
1194 846 1300 874 secretis
1318 845 1429 883 Ecloga.
1453 852 1511 873 XII.
1529 848 1594 873 943.

1067 893 1179 921 Sunium
1189 890 1298 929 gentiles
1310 890 1498 918 adoraverunt.
1513 896 1545 918 11.
1559 892 1620 917 129.
1631 898 1656 915 A.
1673 886 1763 916 Simiae

1029 935 1184 965 colebantur
1197 934 1231 962 ab
1245 933 1390 972 AEgyptiis.
1408 939 1454 961 lV.
1471 937 1536 961 749.
1556 943 1582 960 A.

1068 980 1188 1008 SIMMIAS
1210 977 1364 1006 Thebanus.
1384 983 1405 1006 1.
1422 980 1468 1005 77.
1496 986 1520 1004 B.

1069 1024 1163 1052 Suuou
1179 1021 1297 1061 primum
1312 1030 1407 1049 nomen
1419 1020 1447 1048 S.
1461 1020 1542 1048 Petri.
1560 1026 1604 1048 111.
1621 1023 1684 1048 129.
1697 1029 1721 1046 Β.

1069 1067 1168 1095 Snva
1191 1067 1292 1094 MAGus
1313 1065 1339 1092 in
1362 1063 1538 1092 ministerium
1554 1064 1657 1092 irruens
1671 1073 1766 1102 repro-

1030 1110 1116 1138 batus.
1129 1116 1163 1138 II.
1178 1113 1240 1137 615.
1254 1119 1281 1137 n.
1305 1108 1398 1137 Simon
1420 1109 1516 1147 Magus
1532 1107 1620 1136 statim
1641 1113 1720 1144 atquc
1734 1107 1768 1134 il-

1031 1154 1177 1183 luminatus
1200 1161 1225 1182 et
1243 1153 1391 1192 baptizatus
1407 1153 1475 1188 fuit,
1502 1154 1591 1191 lapsus
1603 1159 1659 1189 est,
1675 1163 1767 1181 suam-

1032 1209 1084 1238 que
1105 1198 1216 1226 salutem
1236 1198 1348 1236 pecunia
1369 1207 1455 1225 emere
1476 1197 1654 1226 volebat-111.
1671 1201 1719 1227 70.
1735 1208 1763 1225 1).

1033 1242 1150 1273 Simonis
1169 1241 1300 1280 flagitium
1313 1263 1320 1277 ‚
1344 1240 1390 1278 qui
1412 1239 1552 1280 pecuniam
1565 1240 1644 1268 Petro
1668 1239 1766 1268 obtulit

1033 1298 1081 1327 pro
1095 1286 1181 1325 gratia
1195 1285 1332 1323 signorum
1344 1283 1508 1322 accipienda.
1525 1290 1571 1312 Ix.
1590 1287 1653 1312 154.
1667 1293 1725 1312 E.A.
1738 1294 1763 1312 a.

1033 1332 1125 1361 Simon
1142 1331 1254 1358 Romam
1269 1328 1349 1357 venit.
1364 1335 1411 1357 IX.
1433 1332 1496 1356 157.
1513 1338 1540 1357 c.
1564 1326 1596 1354 A
1610 1327 1695 1355 Petro
1709 1328 1768 1356 Ro-

1034 1386 1088 1404 mae
1102 1379 1262 1412 prostratus
1275 1379 1327 1401 est.
1345 1379 1415 1401 VIII.
1432 1375 1496 1399 706.
1513 1382 1539 1400 e.
1561 1371 1650 1400 Illum
1667 1382 1698 1400 se
1708 1381 1770 1401 esse

1034 1421 1172 1447 virtutem
1190 1417 1247 1444 Dei
1264 1416 1440 1454 gloriantem
1455 1416 1560 1444 Petrus
1575 1416 1743 1453 confutavit
1759 1437 1767 1451 ‚

1032 1463 1227 1501 pernici-eique
1241 1470 1300 1488 511oe
1314 1459 1445 1488 tradidit.
1462 1466 1533 1488 VIII.
1547 1464 1612 1487 708.
1627 1471 1652 1488 A.
1670 1459 1769 1488 Simon

1035 1509 1066 1534 in
1080 1507 1181 1534 hoeresi
1193 1506 1314 1543 primus,
1336 1514 1496 1542 proecursor
1504 1504 1565 1542 fnit
1580 1504 1768 1532 Antichristi.

1039 1557 1109 1579 VIII.
1125 1554 1190 1578 709.
1209 1559 1234 1576 A.
1260 1549 1402 1583 Dicebat,
1428 1558 1458 1576 se
1477 1548 1614 1586 Spiritum
1637 1553 1771 1575 sanetum

1036 1594 1152 1622 habere.
1169 1599 1215 1622 III.
1231 1596 1294 1620 980.
1312 1591 1411 1620 Simon
1423 1593 1547 1628 pecunia
1561 1600 1654 1619 emere
1669 1591 1772 1619 volens

1035 1637 1216 1666 charismata
1228 1657 1235 1671 ‚
1255 1645 1272 1662 a
1288 1635 1375 1663 Petro
1389 1635 1465 1663 dono
1478 1635 1600 1674 Spiritus
1615 1636 1710 1664 sancti
1730 1637 1773 1662 in-

1036 1682 1140 1720 dignus
1154 1680 1299 1718 judicatus
1312 1685 1365 1707 est.
1381 1686 1412 1707 V.
1428 1683 1490 1707 932.
1506 1690 1532 1708 c.

1076 1726 1260 1754 SIMPLICITAS
1282 1723 1412 1751 columbae
1426 1733 1558 1761 quaenam.
1586 1729 1645 1750 VII.
1661 1726 1725 1751 428.
1742 1733 1770 1751 n.

1037 1767 1202 1807 Simplicitas
1213 1766 1346 1805 sectanda,
1363 1766 1487 1806 superbia
1503 1776 1565 1796 vero
1575 1765 1772 1804 fugienda.VII.

1041 1817 1106 1840 480.
1130 1822 1157 1840 A.
1177 1810 1342 1850 Simplicitas
1361 1821 1421 1838 vera
1434 1821 1502 1848 quae.
1523 1817 1593 1838 VIII.
1611 1813 1676 1837 118.
1700 1820 1729 1838 D.
1748 1820 1774 1837 E.

1038 1857 1102 1885 Sine
1116 1854 1286 1894 simplicitate
1297 1854 1441 1882 exsultatio
1454 1854 1536 1882 animi
1545 1863 1600 1882 esse
1616 1863 1667 1881 non
1679 1859 1773 1892 potest.

1040 1906 1086 1928 IX.
1104 1903 1147 1926 68.
1163 1909 1191 1926 n.
1219 1897 1383 1936 Simplicitas
1399 1897 1442 1926 via
1462 1897 1585 1935 quaedam
1601 1896 1635 1925 acl
1652 1896 1777 1935 philoso-

1039 1941 1142 1981 phiam.
1158 1948 1204 1970 IX.
1219 1945 1265 1971 68,
1282 1943 1333 1969 bis.
1349 1950 1373 1969 E.
1400 1941 1605 1980 Simplicitatem
1620 1940 1647 1968 in
1667 1939 1776 1968 benefa-

1041 1985 1134 2014 ciendo
1149 1984 1277 2013 adhibere
1289 1991 1418 2022 quantum
1432 1984 1544 2013 bonum.
1564 1992 1610 2014 XI.
1627 1988 1689 2013 232.
1705 1995 1733 2012 A.

1080 2030 1240 2058 SmULAan
1264 2028 1375 2057 deorum
1390 2029 1529 2067 gentilium
1541 2038 1617 2058 vana.
1638 2035 1670 2057 V.
1686 2032 1728 2056 17-
1748 2037 1775 2054 A·

1042 2072 1192 2101 simulacra
1207 2072 1333 2109 iniquitas
1346 2078 1486 2100 vocantur.
1506 2079 1539 2101 V.
1557 2076 1603 2100 39.
1618 2082 1641 2099 13.
1657 2069 1779 2099 Simula-

1043 2125 1149 2144 crorum
1160 2116 1273 2144 vanitas.
1292 2123 1325 2144 V.
1340 2120 1404 2144 473.
1424 2126 1450 2144 A.
1467 2115 1614 2144 Simulacra
1627 2121 1701 2143 muta
1714 2123 1781 2152 gen-

1044 2158 1112 2187 tium
1128 2159 1207 2187 idola.
1223 2166 1257 2188 Χ.
1271 2163 1334 2187 304.
1348 2170 1376 2187 n.
1393 2169 1420 2187 Ε.

1085 2204 1247 2232 S1MULAT10
1261 2202 1287 2230 in
1302 2203 1352 2230 Dei
1367 2202 1476 2231 servitio
1495 2213 1547 2231 non
1568 2202 1730 2232 adhibenda.
1746 2209 1780 2232 V.

1047 2252 1111 2276 187.
1132 2258 1158 2274 A.
1183 2246 1339 2275 Sinmlatio
1361 2252 1388 2274 et
1409 2247 1572 2284 hypocrisis
1600 2248 1738 2276 arcenda.
1762 2254 1783 2275 I.

1048 2296 1129 2319 1001.
1147 2301 1171 2319 Β.
1185 2291 1231 2318 De
1241 2291 1382 2328 fugienda
1394 2291 1533 2319 simulata
1547 2291 1639 2328 specie
1649 2291 1781 2319 homilia.

1046 2335 1086 2363 lb.
1101 2335 1255 2362 simulatio
1270 2340 1311 2362 est
1324 2335 1443 2362 malum.
1461 2341 1532 2363 VIII.
1550 2339 1614 2364 924.
1634 2344 1658 2361 A.
1735 2366 1739 2368 ῃ

1088 2378 1258 2406 SIMULATOR
1290 2384 1316 2406 et
1338 2377 1445 2406 invidus
1469 2377 1591 2406 homines
1620 2377 1683 2416 plus
1704 2387 1786 2415 quam

1048 2423 1134 2450 Deum
1149 2427 1283 2450 verentur.
1303 2428 1350 2450 XI.
1370 2426 1446 2450 6521«.
1466 2432 1492 2449 F.

1088 2466 1265 2494 Summum
1288 2475 1340 2493 non
1366 2465 1529 2495 exercendae.
1557 2471 1590 2493 II.
1619 2468 1683 2493 235.
1707 2475 1733 2492 A.
1757 2461 1784 2494 ε’.

1050 2508 1148 2537 Omnia
1162 2508 1246 2537 facere
1257 2515 1283 2536 et
1295 2508 1349 2547 pati
1361 2515 1464 2547 oportet
1475 2514 1504 2535 ut
1516 2507 1616 2535 inimici
1627 2507 1711 2536 nostri
1724 2516 1786 2544 erga

1052 2562 1098 2581 nos
1109 2552 1256 2581 simultates
1267 2551 1410 2590 deponant.
1429 2559 1471 2580 IV.
1486 2556 1550 2582 872.
1565 2561 1590 2581 E.
1605 2563 1629 2580 A.
