1950 2922
154 744 237 765 nana.
249 752 271 773 p.

131 781 177 796 200
199 784 246 804 sqq-

160 1807 223 1828 Attia-i
235 1810 257 1828 in

117 1839 189 1858 §taleni
202 1840 217 1858 t:
231 1840 256 1859 P.

117 1870 194 1890 intrusi
211 1878 259 1890 mo-

116 1900 201 1920 limma.

170 1944 256 1964 rania.

119 1982 140 2002 r·
152 1974 190 2003 95-

295 205 361 240 208
773 216 800 237 s.

327 279 358 306 In
379 284 452 306 tanto
466 276 558 306 itincre
580 284 682 306 sanctos
702 276 774 305 viros
787 274 915 305 Ecclesiis
929 284 1028 313 appro-

286 323 416 363 pinquare
431 334 482 353 non
505 324 638 359 sinebant,
659 322 704 351 sed
726 321 872 351 diversoria
887 320 1026 359 petebant,

285 370 332 398 ubi
348 370 515 399 meretricum
533 376 606 397 erant
627 368 734 406 agmina
759 367 803 395 vel
822 376 964 406 synagogae
979 367 1027 394 Sa-

284 416 350 443 mari
356 423 475 444 [anorum
487 421 532 443 aut
543 413 851 452 Judae01·um‚praecipue
862 419 949 441 autem
959 413 1027 440 Tar—

284 460 324 497 si,
342 461 387 488 ubi
405 463 432 488 in
453 459 590 497 angustias
605 459 705 488 redacti
721 466 794 488 sunt.
814 459 891 487 Unus
911 469 973 487 vero
993 469 1027 487 ex

289 506 419 544 episcopis
443 505 508 533 alios
531 505 630 534 solatus
656 512 709 542 est,
731 505 821 534 dicens
842 505 883 533 liis
903 505 1027 533 omnibus

286 552 372 579 Deum
389 551 473 589 gloria
487 551 557 579 affici
571 573 578 587 ‚
595 551 745 589 multasque
757 562 791 579 ex
809 551 863 579 illis
878 550 1027 579 meretrici-

283 596 336 624 bus
346 619 353 632 ,
368 607 428 634 quae
449 597 476 625 in
497 597 547 625 Dei
562 597 727 626 oblivionem
742 604 885 634 venerant,
907 603 954 625 aut
967 607 1029 625 eum

284 653 317 671 ne
332 651 426 672 norant
440 644 558 682 quidem,
576 644 642 673 visis
667 645 798 684 episcopis
817 645 855 673 ita
871 644 984 679 vexatis,
1002 645 1029 672 in

285 689 408 719 timorem
420 691 469 720 Dei
483 691 603 725 venisse,
623 698 647 719 et
663 692 729 720 sorte
743 702 882 720 conversas
897 691 985 719 fuisse.

325 736 449 774 Plerique
471 744 559 765 auten]
584 747 617 765 ex
641 737 792 776 episcopis,
816 737 861 774 qui
876 735 1028 775 Theopliilo

284 783 436 818 ltaerebant,
460 794 512 812 non
530 783 610 812 modo
628 784 823 812 humanitatem
845 784 945 812 nullam
967 794 1029 822 erga

284 829 422 868 episcopos
436 829 496 858 illos
508 829 706 864 exhibuerunt,
719 829 764 858 sed
782 829 860 858 etiam
875 829 1030 858 muneribus

283 875 456 914 prtetorianos
482 874 647 904 induxerunt
663 883 692 904 ut
715 886 774 904 curn
789 876 842 904 illis
863 887 954 915 aspere
967 886 1029 914 age-

284 927 351 949 rent.
370 921 423 957 Qui
442 927 530 949 autem
546 921 681 960 principue
695 921 759 950 huic
770 922 905 950 vexationi
921 933 1029 960 operam

284 965 380 995 dedere
392 989 401 1005 ‚
419 974 493 996 erant
503 967 619 1006 episcopi
631 968 708 996 Tarsi
724 975 749 996 et
766 968 913 996 Antiochiae
925 991 931 1001 ‚
945 968 1030 996 Eulo-

285 1013 345 1051 gius
353 1014 478 1042 Caesarem
488 1013 649 1049 Palaestinae3
659 1020 718 1041 ante
728 1024 818 1041 omnes
828 1020 915 1041 autem
927 1013 1028 1052 episco-

283 1070 334 1098 pus
345 1062 471 1099 Ancyrae,
481 1067 505 1088 et
517 1060 675 1088 Ammonius
687 1061 801 1096 Pelusii,
813 1060 858 1098 qui
870 1067 927 1088 tum
938 1060 1026 1093 donis,

284 1111 341 1134 tum
357 1106 437 1135 minis
458 1106 555 1134 milites
578 1106 707 1134 adversus
725 1117 767 1135 eos
782 1107 868 1144 magis
887 1117 1027 1145 exaspera-

282 1151 347 1180 bant
357 1175 365 1186 ,
379 1159 407 1180 ut
423 1162 456 1180 ne
465 1152 539 1180 laicis
550 1151 659 1190 quidem
673 1152 732 1181 illos
743 1152 864 1191 excipere
877 1152 1027 1181 volentibus

280 1198 308 1227 id
324 1199 517 1238 permitterent.

321 1247 402 1274 scens
417 1253 505 1274 autem
520 1246 603 1274 fecere
626 1245 671 1273 alii
688 1246 805 1284 episcopi
819 1268 826 1281 ‚
843 1246 888 1284 qui
907 1257 920 1273 a
937 1246 1025 1274 Palla-

277 1291 321 1319 dio
334 1302 393 1319 cum
405 1291 485 1320 laude
497 1299 758 1326 c01nmemorantur;
774 1302 869 1331 nempe
880 1292 1022 1331 Cappado-

276 1338 322 1365 cia*
332 1337 452 1365 secundae
464 1338 598 1377 episcopi,
613 1338 729 1375 quicum
743 1338 870 1376 lacrymis
881 1338 1021 1366 exsulibus

275 1384 406 1423 episcopis
419 1384 588 1413 condoluere.
604 1385 676 1413 Inter
691 1395 734 1413 eos
748 1391 836 1413 autem
851 1385 1021 1413 eminuerunt

273 1429 449 1466 Theodorus,
462 1431 619 1469 Tyanorum
634 1430 792 1469 episcopus,
810 1430 954 1468 Bosporius
969 1433 1020 1460 Co-

274 1474 370 1511 toniae,
392 1477 439 1514 qui
463 1475 699 1514 quadragesimum
724 1483 847 1504 octavum
871 1488 970 1505 annum
993 1477 1019 1506 in

271 1521 424 1560 episcopatu
447 1522 560 1560 agebat3
585 1522 714 1561 Serapiou
734 1523 900 1558 Ostracinae,
919 1523 966 1561 qui
985 1523 1019 1551 ab

270 1566 346 1595 annis
360 1567 537 1606 quadraginta
555 1568 672 1606 quinque
691 1568 841 1607 episcopale
855 1578 953 1596 munus
967 1579 1015 1608 ge-

269 1612 355 1641 rebat.
365 1613 399 1641 Hi
411 1614 436 1641 in
446 1621 547 1652 partem
559 1624 750 1650 a=rumnarum‚
763 1615 838 1652 queis
848 1622 910 1643 tunc
919 1615 1019 1645 obrue-

270 1659 370 1687 bantur
381 1659 485 1688 exsules
497 1659 625 1698 episcopi,
637 1660 866 1696 commiseratione
878 1672 925 1689 sua
938 1672 1016 1690 vene-

270 1712 349 1741 runt,
366 1713 394 1733 ut
411 1705 437 1733 in
453 1712 556 1744 partem
575 1706 747 1744 proemiorum
765 1705 792 1734 iu
806 1706 898 1735 futuro
911 1707 1017 1745 judicio

268 1750 487 1779 admitterentur.

311 1798 413 1826 Atticus
433 1808 513 1833 vero,
530 1798 651 1826 omnium
672 1805 762 1827 contra
782 1800 911 1827 Joanncm
932 1800 1014 1828 moli-

271 1845 372 1873 minum
387 1845 481 1874 artifex
493 1866 501 1880 ,
515 1856 576 1873 cum
588 1845 691 1874 videret
704 1847 835 1874 neminem
850 1847 904 1875 sere
916 1847 1016 1876 Orien-

272 1891 366 1920 talium
391 1892 577 1930 episcoporum
598 1902 686 1919 secum
711 1892 907 1920 communicare
926 1893 1013 1927 velle,

272 1937 326 1965 imo
338 1948 402 1966 vero
415 1937 449 1966 ab
462 1948 489 1965 se
501 1944 668 1975 segregatum
682 1948 787 1966 manere
799 1939 929 1977 populum
945 1940 1016 1967 Con-

272 1983 548 2023 stantinopolitanum,
559 1984 654 2012 Joanni
666 1990 694 2011 ut
707 1983 817 2012 antistiti
827 1995 874 2012 sno
885 1984 1016 2013 addictis-

273 2030 389 2066 simum5
409 2029 610 2068 Scripturarum
631 2039 766 2057 sacrarum
789 2029 929 2068 legumque
945 2030 1015 2058 divi-

270 2087 365 2104 narum
388 2086 487 2114 expers
509 2086 569 2103 cuin
586 2081 670 2111 esset,
694 2075 728 2103 ab
743 2076 904 2114 Imperatore
927 2076 1015 2104 literas

268 2121 438 2160 impetravit,
451 2127 480 2148 ut
493 2121 534 2149 vel
551 2120 668 2149 nolentes
680 2120 714 2148 ad
729 2132 757 2148 se
768 2121 886 2149 converti
901 2129 1014 2160 cogeret.

268 2167 440 2205 Rescriptum
463 2173 552 2195 autem
572 2167 743 2205 Imperatoris
759 2167 815 2195 lure
833 2168 933 2196 ferebat
957 2179 963 2195 z
985 2168 1015 2196 Si

269 2214 334 2250 quis
350 2215 544 2250 cpiscoporum
559 2223 616 2240 non
626 2217 824 2242 communicat
839 2224 904 2242 cum
924 2215 1015 2242 Theo-

267 2259 350 2296 philo
362 2281 370 2292 ‚
388 2259 555 2296 Porplzyrio
571 2266 597 2286 et
613 2259 715 2286 Attico
730 2281 736 2292 ,
752 2260 886 2287 Ecclesia
900 2260 1014 2298 quidem

270 2307 423 2343 efficiatum
441 2312 467 2332 et
483 2316 500 2332 ιι
514 2307 636 2343 propriis
646 2306 850 2345 facultatibus
865 2309 1011 2345 abigatur.

269 2351 326 2378 l‘loc
337 2350 448 2388 publice
464 2350 597 2388 prolatum
609 2351 726 2379 edictum
739 2351 763 2378 id
776 2352 877 2387 effecit,
893 2359 921 2380 ut
937 2353 954 2380 ii
968 2352 1013 2390 qui

269 2397 445 2425 facultatibus
461 2397 609 2435 pollebant,
633 2398 697 2436 ipsis
711 2398 789 2426 etiam
807 2399 884 2427 inviti
900 2401 1013 2438 conjun-

271 2450 399 2481 gerentur
412 2455 417 2470 z
430 2443 476 2470 alii
491 2443 658 2481 pauperiori-s
670 2451 693 2471 et
706 2444 731 2471 in
744 2455 806 2472 sana
818 2445 870 2473 lide
882 2445 1014 2474 inlirmio—

270 2500 311 2518 res
322 2512 329 2525 ‚
352 2488 484 2516 donorum
508 2488 747 2527 pollicitationibus
773 2491 860 2518 allecti
885 2490 916 2518 ad
944 2491 1014 2530 ipsos

272 2541 437 2564 accesserunt
453 2547 458 2561 :
474 2535 519 2562 alii
533 2545 637 2571 genere,
651 2535 865 2570 thcttttatitms,c1
878 2539 1014 2576 corrupti-

273 2582 321 2610 hili
338 2581 422 2619 gloria
438 2580 598 2620 posthabitis
612 2603 620 2615 ,
647 2581 707 2619 suga
729 2582 779 2609 sibi
802 2584 991 2612 comnlucrnnt
1008 2596 1013 2611 τ

273 2638 307 2656 ex
321 2628 352 2656 iis
371 2626 479 2665 qnidam
496 2627 608 2656 Romam
623 2628 796 2666 confugerunt
810 2652 814 2660 ,
833 2629 877 2657 alii
890 2628 922 2657 ad
938 2640 1013 2658 mou-

833 214 889 236 JOA
896 214 912 235 N
920 213 970 235 NlS
999 211 1228 236 ctiRYsos'roatt
1255 215 1346 246 VtTA,

1084 280 1137 311 tes,
1151 275 1197 303 alii
1213 275 1240 304 in
1260 277 1416 304 Ascetarum
1429 277 1599 306 monasteria.
1621 279 1674 307 Nec
1694 278 1821 307 adversus

1083 320 1220 359 episcopos
1235 321 1314 349 modo
1331 321 1448 350 edictum
1463 322 1587 351 emissum
1602 323 1668 358 suit,
1687 323 1732 352 sed
1746 324 1822 352 aliud

1083 365 1161 394 etiam
1175 374 1265 396 contra
1277 367 1357 396 laicos
1370 367 1411 396 his
1423 368 1512 397 verbis
1523 378 1691 407 expressum,
1702 376 1732 398 nt
1743 369 1821 398 vide-

1082 410 1144 439 licet
1157 434 1164 448 ‚
1178 413 1199 440 si
1215 414 1261 450 qui
1277 424 1339 442 eum
1352 413 1504 442 memoratis
1518 424 1598 453 supra
1611 425 1663 443 non
1676 416 1822 444 communi-

1083 464 1188 491 carent,
1207 461 1258 498 qni
1277 461 1308 486 in
1329 460 1520 498 dignitatibus
1541 466 1636 489 essent
1655 463 1819 491 constituti,

1083 513 1135 531 suo
1153 505 1262 532 honore
1285 511 1313 533 et
1337 506 1480 544 dignitate
1501 507 1690 541 excederent,
1716 507 1822 535 milites

1082 549 1232 587 cingulum
1258 553 1422 579 anzitterent
1447 563 1455 578 :
1481 552 1595 589 reliqua
1621 553 1704 589 plebs
1735 559 1823 591 atque

1084 596 1214 633 opifices,
1230 599 1315 635 gravi
1334 599 1400 625 auri
1412 599 1540 636 pondere
1553 598 1701 634 mulctati,
1722 600 1822 638 subja-

1084 647 1179 669 cerent
1191 642 1301 671 exsilio.

1124 687 1268 724 Postquam
1283 687 1369 716 edicta
1383 688 1541 728 hujusmodi
1556 689 1723 728 promulgata
1737 689 1819 727 fuere,

1084 732 1162 760 multi
1177 743 1223 772 per
1236 734 1374 763 Orientem
1391 735 1474 763 variis
1491 734 1577 763 modis
1595 736 1685 764 vexati
1700 736 1822 774 pulsique

1834 733 1869 745 mu

1835 758 1850 776 ti

1871 695 1949 721 Episro

1873 726 1896 746 tii
1909 734 1948 746 vex

1872 761 1892 776 et
1914 758 1947 776 sm·

1082 778 1164 806 sucre.
1191 779 1318 819 Episcopi
1349 780 1419 818 qui,
1448 788 1478 809 ut
1502 781 1644 817 diximus,
1672 781 1752 809 minis
1780 782 1946 815 vellauspntst.

1084 825 1209 853 :erumnis
1229 836 1243 854 a
1258 826 1349 855 debito
1364 827 1452 855 officio
1474 827 1593 856 amoveri
1609 838 1660 856 non
1681 835 1800 867 poterant
1811 851 1818 864 ‚

1085 871 1219 909 aufugere.
1234 873 1370 902 Palladius
1386 874 1594 912 Helenopoleos‚
1608 885 1660 912 quo
1675 882 1782 903 auctore
1797 883 1821 904 et

1084 917 1152 945 duce
1162 918 1218 947 haec
1232 919 1374 948 scribimus
1387 942 1393 953 ,
1411 920 1523 948 Romam
1538 931 1566 948 se
1577 920 1689 959 recepit,
1705 921 1750 949 uhi
1763 928 1822 960 post

1085 964 1268 1003 Chrysostomi
1290 973 1401 994 mortem
1421 966 1529 994 advenit
1550 976 1619 994 anno
1639 967 1705 996 407.
1726 967 1822 995 Rhodo

1084 1009 1223 1048 episcopus
1239 1011 1306 1039 Asiae
1318 1011 1466 1050 Mitylenen
1484 1012 1588 1049 aufugit
1601 1024 1607 1039 ε
1622 1013 1726 1048 Brisso,
1739 1014 1819 1042 frater

1083 1056 1197 1084 Palladii
1214 1057 1425 1097 Helenopolitani
1436 1081 1443 1094 ‚
1458 1057 1576 1086 Ecclesia
1596 1069 1643 1086 sua
1656 1058 1726 1087 ultro
1742 1059 1822 1087 dere-

1082 1102 1159 1138 licta,
1180 1103 1214 1131 ad
1233 1104 1349 1142 agellum
1369 1115 1447 1132 suum
1470 1115 1497 1132 se
1516 1104 1632 1143 recepit,
1655 1105 1701 1133 ubi
1722 1112 1819 1134 terram

1082 1149 1201 1187 propriis
1216 1145 1340 1178 inanibus
1352 1150 1469 1178 excoluit
1483 1162 1489 1177 ε
1504 1150 1624 1178 Hilarius
1634 1173 1640 1185 ‚
1657 1151 1700 1179 vir
1713 1159 1820 1180 sanetus

1081 1200 1106 1221 et
1120 1204 1213 1231 senex,
1233 1196 1259 1223 in
1276 1196 1399 1224 intimum
1415 1196 1530 1224 Pontum
1554 1196 1648 1234 pulsus
1663 1203 1714 1231 est,
1732 1197 1820 1236 plagis

1081 1240 1215 1276 concisus,
1228 1252 1280 1270 non
1294 1252 1308 1269 a
1318 1241 1410 1280 judice
1421 1265 1427 1277 ,
1446 1241 1491 1270 sed
1509 1252 1523 1269 a
1539 1242 1628 1270 Clero.
1649 1242 1675 1270 Is
1689 1242 1780 1272 decem
1794 1251 1819 1272 et

1080 1292 1138 1313 octo
1163 1297 1244 1315 annos
1267 1294 1444 1326 transegerat,
1468 1298 1519 1316 non
1539 1298 1632 1326 panem
1656 1288 1750 1326 edens,
1771 1291 1818 1319 sed

1079 1331 1151 1359 olera
1165 1338 1268 1360 tantum
1279 1339 1304 1361 et
1313 1333 1475 1361 frumentum
1485 1340 1601 1362 coctum.
1615 1335 1746 1364 Antonius
1756 1346 1817 1364 vero

1078 1376 1218 1416 episcopus
1230 1378 1255 1406 in
1268 1379 1401 1418 speluncis
1416 1379 1563 1408 Pataestinae
1577 1380 1693 1419 seipsum
1707 1382 1818 1410 conclu-

1077 1423 1133 1452 sit:
1151 1423 1308 1453 Timotheus
1332 1426 1480 1459 Maroneae,
1503 1432 1529 1454 et
1548 1427 1661 1455 Joannes
1679 1427 1706 1455 in
1728 1427 1815 1466 Lydia

1076 1468 1226 1508 episcopus,
1238 1471 1263 1498 in
1272 1471 1456 1499 Macedoniam
1464 1482 1491 1499 se
1502 1473 1631 1511 recepisse
1641 1472 1815 1502 dicebantur:

1076 1515 1222 1553 Gregorius
1244 1517 1271 1545 in
1293 1517 1379 1556 Lydia
1395 1518 1550 1556 episcopus,
1573 1518 1598 1546 in
1623 1519 1741 1558 Phrygia
1761 1530 1816 1548 esse

1075 1561 1243 1591 narrabatur.
1257 1563 1425 1602 Lamp-etium
1436 1563 1559 1592 dicebant
1574 1564 1599 1592 in
1611 1565 1710 1604 oppido
1723 1566 1814 1605 Lydiae

1074 1617 1128 1636 esse
1139 1630 1146 1644 ,
1166 1608 1212 1636 ubi
1224 1609 1336 1647 juvante
1355 1620 1382 1638 se
1397 1609 1513 1648 quodam
1529 1610 1684 1639 Eleutherio
1697 1611 1815 1640 lectioni-

1073 1653 1123 1681 bus
1137 1665 1246 1693 operam
1260 1655 1349 1684 dabat.
1364 1657 1502 1695 Eugenius
1513 1656 1537 1684 in
1552 1657 1637 1694 patria
1652 1668 1699 1685 sua
1714 1668 1742 1686 se
1753 1669 1814 1687 con-

1074 1699 1193 1729 tinebat:
1210 1701 1350 1740 Elpidins,
1370 1713 1482 1741 magnus
1502 1703 1548 1731 ille
1564 1703 1700 1732 Laodiceae
1726 1704 1813 1743 Syriae

1072 1745 1212 1785 episcopus
1224 1770 1232 1784 ‚
1246 1754 1271 1776 et
1285 1748 1393 1786 Pappus
1408 1759 1454 1787 per
1466 1755 1550 1777 totum
1565 1749 1708 1778 triennium
1723 1750 1812 1789 preci-

1071 1792 1122 1820 bus
1137 1800 1261 1821 vacantes
1278 1793 1311 1822 de
1328 1794 1397 1822 scala
1414 1794 1511 1823 domus
1523 1806 1577 1823 sure
1590 1806 1641 1824 non
1662 1796 1812 1824 descende-

1073 1845 1148 1866 runt:
1162 1839 1315 1867 Heraclides
1329 1840 1462 1879 Ephesius
1477 1852 1524 1879 per
1539 1841 1748 1878 quadriennium
1759 1842 1813 1871 Ni-

1071 1885 1197 1913 comedia·
1213 1885 1239 1913 in
1253 1896 1356 1915 carcere
1366 1887 1486 1915 inclusus
1502 1888 1607 1917 mansit.

1110 1937 1236 1977 Episcopi
1247 1945 1334 1966 autem
1344 1939 1402 1975 illi,
1421 1939 1506 1977 inquit
1519 1939 1655 1968 Palladius
1665 1963 1672 1975 ‚
1693 1941 1739 1979 qui
1753 1952 1808 1980 pra:

1072 1990 1142 2012 metu
1160 1984 1194 2012 ad
1209 1984 1289 2012 Attici
1303 1992 1390 2023 partes
1405 1985 1620 2021 transierant,‚in
1637 1986 1703 2014 alias
1719 1987 1809 2015 Thra—

1071 2030 1117 2057 ciae
1132 2029 1264 2059 Ecclesias
1280 2031 1399 2059 translati
1414 2038 1491 2067 sunt,
1506 2032 1592 2060 Attico
1607 2042 1701 2071 nempe
1715 2033 1741 2061 vi
1757 2043 1810 2060 ex-

1071 2082 1145 2103 tortzc
1161 2076 1267 2104 illorum
1289 2076 1435 2105 adtiaesioni
1455 2088 1507 2105 non
1528 2077 1590 2105 satis
1611 2078 1718 2107 fidente.
1738 2082 1810 2107 Ana-

1073 2121 1167 2149 tolium
1181 2121 1334 2160 episcopum
1349 2121 1472 2150 dicebant
1496 2133 1551 2150 esse
1569 2123 1596 2151 in
1615 2123 1715 2152 Daciis.
1740 2125 1808 2153 Pre-

1074 2167 1243 2206 sbytcrorum
1255 2177 1317 2195 vero
1339 2167 1384 2195 alii
1405 2170 1431 2196 in
1455 2168 1580 2197 Arabiam
1600 2176 1625 2197 et
1639 2169 1806 2199 Palaesttnam

1070 2213 1204 2241 amandati
1228 2220 1298 2241 sunt.
1320 2214 1432 2252 Tigrius
1456 2214 1481 2242 in
1503 2215 1723 2253 Mesopotamiam
1738 2217 1809 2245 rele—

1070 2266 1146 2296 gatus
1156 2266 1208 2291 est,
1221 2259 1363 2298 Philippus
1379 2260 1405 2288 in
1427 2261 1511 2288 Ponto
1525 2261 1601 2288 exsul
1615 2261 1697 2295 obiit,
1718 2263 1810 2291 Theo-

1071 2306 1161 2344 philus
1177 2306 1202 2333 in
1220 2306 1401 2344 Paphlagonia
1422 2314 1493 2341 c1·at;
1509 2308 1637 2343 Juamws,
1651 2309 1752 2337 AEthrii
1775 2310 1807 2337 si-

1069 2352 1131 2387 tius,
1151 2352 1275 2380 Caesarcae
1296 2353 1487 2380 monasterium
1511 2354 1667 2382 construxit.
1689 2354 1807 2393 Stepha-

1070 2409 1135 2426 num
1155 2398 1181 2425 in
1200 2397 1327 2426 Arabiam
1343 2398 1489 2435 relegatum
1500 2421 1506 2431 ,
1523 2407 1548 2427 et
1563 2399 1704 2428 custodum
1720 2400 1808 2428 mani-

1070 2445 1121 2472 bus
1135 2444 1294 2472 abstractum
1307 2466 1316 2477 ,
1333 2444 1418 2471 Isauri
1439 2444 1464 2472 in
1486 2446 1607 2473 Taurum
1627 2445 1785 2474 dimiserunt
1800 2458 1806 2474 ε

1070 2490 1218 2518 Salustium
1241 2490 1266 2518 in
1278 2492 1353 2518 Creta
1369 2500 1424 2517 esse
1438 2489 1578 2519 dicebant:
1594 2491 1737 2530 Philippus
1751 2503 1806 2520 mo*

1071 2537 1170 2564 nachus·
1196 2543 1221 2564 et
1247 2537 1389 2575 Prcslytcr
1414 2536 1571 2565 Scholarum
1581 2559 1587 2571 ‚
1613 2536 1753 2565 dicebatur
1781 2538 1806 2567 in

1071 2585 1215 2622 Campania
1240 2590 1381 2621 aegrotare,
1406 2589 1431 2610 et
1451 2583 1602 2621 Stephanus
1624 2582 1752 2611 diaconus
1780 2584 1806 2612 in

1072 2628 1225 2658 Thebaidos
1253 2640 1356 2658 {uasere
1385 2628 1506 2657 detineri.
1536 2628 1634 2658 Paulus
1660 2629 1788 2658 diaeonus
1800 2653 1807 2663 ,

1889 831 1950 861 1Ἶ311ςιἰ

1832 870 1855 890 p.
1876 861 1900 883 8.
1926 866 1932 882 t
1949 864 1950 882 Ξ

1834 894 1876 922 192
1887 901 1935 922 sqq.

1827 1570 1862 1588 175
