1950 2922
139 516 276 547 'sd-1²⁴2&-

192 977 275 998 pallad.

137 1016 160 1036 p.
172 1007 212 1036 45.

191 1576 276 1597 Pallad-

135 1614 157 1634 p.
170 1606 209 1636 46.

191 2271 274 2292 Pallad.

135 2310 150 2330 r
171 2302 208 2332 47·

300 206 368 251 154

292 291 335 310 me
350 280 485 310 invehitur
497 280 719 320 Chrysostomus,
732 280 775 308 vel
790 280 853 308 hine
870 279 1030 308 abolendam

293 328 372 356 talem
400 326 616 355 consuetudinem
636 337 691 355 esse
715 326 807 354 dicens
822 348 829 361 ,
852 325 923 363 quod
940 324 1033 353 multis

291 373 456 402 offendiculo
477 379 555 401 esset*
578 373 621 400 Ex
642 371 774 400 consortio
798 371 936 409 virginum
960 370 1033 398 nasci

292 420 436 449 necessario
451 418 690 457 concupiscentiam
703 418 829 446 affirmat.
841 417 927 445 Aliam
940 417 1032 456 paucis

292 465 454 503 interpositis
478 464 573 492 diebus
593 463 686 491 eadem
706 463 740 491 de
761 474 789 491 re
811 463 905 491 habuit
928 463 1031 491 oratio-

291 521 362 547 nem,
375 521 454 548 quam
470 520 516 545 per
531 509 751 537 exclamationem
767 509 874 540 orditur
887 532 894 545 ‚
904 509 1032 537 adversus

290 557 407 593 virgines
430 556 508 591 illas,
525 566 584 593 quat
606 555 771 593 virginitatis
792 555 906 594 speciem
927 566 982 594 prae
1005 566 1033 583 se

290 601 417 637 ferentes,
432 601 503 629 viros
518 601 562 639 qui
578 611 667 629 secum
680 601 753 629 domi
771 608 906 630 manerent
920 601 1034 630 induce-

289 646 363 674 bant.
381 646 478 684 Aitque
494 646 624 685 virginem
640 657 691 675 non
707 647 799 675 decere
815 647 917 675 cultum
934 657 1032 686 corpo--

288 692 325 721 ris
342 699 493 730 vestemque
513 693 656 731 pretiosam
670 715 677 729 ‚
695 693 855 732 nuptiasque
876 693 1031 731 hujusmodi

288 738 436 776 virginitati
461 737 644 766 anteferendas
658 749 731 766 esse:
753 739 870 776 talesque
893 739 1030 776 virgines,

288 783 373 821 dicit,
388 784 491 812 etiamsi
515 795 565 812 non
585 785 654 813 male
677 791 804 823 agerent,
821 785 870 813 hoc
892 785 949 823 ipso
973 796 1033 823 pec-

288 840 348 859 care
368 830 439 868 quod
463 830 523 858 aliis
544 830 708 859 offendiculo
734 838 828 860 essent.
845 832 923 860 Verae
948 831 1032 869 virgi-

289 876 330 905 nis
353 886 437 904 mores
457 883 547 915 postea
568 875 714 911 describit,
729 877 893 914 demumque
920 876 1028 905 concio-

289 932 349 950 nem
366 921 478 950 claudit.

328 967 400 996 Hinc
412 967 520 996 Clerum
535 978 614 996 suum
629 967 739 996 adortus
753 974 790 996 est
804 979 810 996 :
828 978 888 996 nam
911 968 1030 1006 plerique

288 1014 382 1043 eodem
406 1014 499 1042 morbo
526 1014 690 1042 tenebantur.
713 1014 784 1050 Quia
811 1024 874 1043 vcro
899 1015 1031 1042 ferventer

287 1071 337 1100 pro
357 1070 431 1088 more
452 1070 500 1088 suo
522 1061 588 1088 vitia
610 1061 806 1096 insectabatur,
828 1060 854 1088 in
874 1059 1029 1088 clericorum

287 1106 466 1146 complurium
483 1106 656 1136 offensionem
676 1106 789 1134 incurrit
803 1129 811 1143 ,
829 1113 859 1134 ut
879 1113 969 1145 postea
984 1107 1029 1135 vi—

287 1151 418 1180 dehimus.
450 1153 480 1180 In
510 1152 671 1187 avaritiam,
687 1163 770 1190 quam
791 1159 869 1181 vocat
891 1152 1031 1181 Palladius

286 1198 419 1226 matorum
447 1197 568 1226 omnium
598 1198 757 1237 metropolin
772 1221 779 1234 ,
809 1209 879 1237 srepe
911 1198 1030 1226 vidimus

287 1244 510 1283 Chrysostomum
526 1243 672 1272 Antiochiae
687 1245 888 1272 concionantem
901 1266 907 1279 ,
922 1250 947 1272 et
966 1244 1030 1282 quia

287 1290 390 1318 malum
404 1289 560 1328 hujusmodi
576 1300 628 1317 non
645 1290 733 1318 minus
747 1290 868 1329 serpebat
880 1290 1030 1318 Constanti-

286 1336 377 1374 nopoli
402 1345 482 1373 quam
511 1336 676 1372 Antiochiae,
704 1336 935 1374 frequentissime,
962 1335 1029 1364 dum

286 1381 426 1420 episcopus
440 1388 512 1417 erat,
528 1381 553 1409 in
566 1392 659 1410 avaros
672 1389 697 1410 et
711 1392 819 1420 rapaces
833 1381 1009 1410 invehebatur
1022 1393 1027 1409 :

287 1427 314 1455 in
329 1426 481 1455 adulatores
496 1427 621 1456 similiter
640 1434 665 1456 et
686 1428 832 1467 parasitos,
851 1428 898 1465 qui
912 1427 1030 1456 divitum

287 1483 389 1501 mensas
413 1473 601 1510 sectabantur,
616 1480 695 1512 atque
719 1474 757 1502 sic
778 1473 927 1502 multorum
953 1474 980 1502 in
1003 1484 1031 1502 se

287 1519 381 1548 odium
397 1519 550 1548 concitavit.

329 1565 422 1593 Tantae
447 1565 595 1594 severitatis
620 1572 753 1594 oratorem
774 1566 953 1594 necessarium
973 1573 1030 1594 erat

288 1621 334 1639 sua
351 1611 430 1639 etiam
446 1618 566 1639 accurate
577 1611 724 1650 dispicere,
740 1622 772 1640 ne
787 1612 858 1650 quod
870 1612 895 1640 in
908 1612 967 1641 aliis
983 1623 1028 1641 re-

289 1656 462 1695 prehensione
476 1656 590 1694 dignum
612 1658 795 1696 praedicabat,
814 1659 865 1686 sibi
885 1659 964 1687 etiam
978 1659 1029 1687 ob-

285 1701 333 1740 jici
348 1709 444 1741 posset.
463 1702 513 1730 Hic
527 1702 582 1731 duo
597 1710 670 1731 erant
686 1703 862 1732 examinanda
875 1726 882 1739 ,
899 1704 1027 1733 Ecclesiae

288 1754 313 1776 et
337 1748 453 1787 episcopi
471 1748 580 1777 reditus.
597 1749 688 1778 Primo
702 1756 791 1777 autem
807 1750 931 1778 Ecclesiae
955 1760 1029 1778 oeco-

288 1794 361 1821 nomi
395 1794 498 1822 tabulas
527 1802 676 1830 scrutatur,
703 1795 888 1834 impensasque
921 1796 1029 1825 inutiles

286 1840 410 1879 abrogari
432 1842 532 1880 jubet:
550 1842 612 1871 hinc
633 1842 751 1882 episcopi
779 1850 884 1871 sumtus
907 1843 1028 1877 excutit,

287 1887 397 1915 nimiam
420 1888 603 1927 profusionem
632 1889 765 1923 ostendit,
789 1890 920 1928 jubetque
942 1890 1028 1918 inuti—

286 1932 324 1961 les
345 1932 406 1961 illas
426 1944 554 1972 expensas
578 1934 612 1962 ad
631 1935 781 1963 nosocomia
806 1936 951 1964 transferri.
976 1937 1029 1964 Ne-

288 1979 408 2007 cessitate
428 1986 516 2008 autem
532 1979 561 2008 id
583 1981 751 2019 postulante,
768 1982 918 2010 nosocomia
942 1982 1030 2021 pluri-

288 2034 330 2052 ma
346 2026 512 2059 construxit,
531 2026 628 2063 quibus
652 2027 821 2066 presbyteros
841 2027 909 2056 duos
932 2028 1030 2067 pietate

288 2070 430 2100 instructos
456 2073 617 2111 praeposuit,
635 2073 751 2102 medicos
776 2074 838 2102 item
860 2081 885 2102 et
909 2085 1028 2113 coquos,

287 2116 405 2155 aliosque
421 2118 456 2146 ad
478 2118 628 2147 ministeria
650 2118 810 2156 destinatos,
826 2131 874 2149 nec
898 2122 1029 2160 conjuga-

289 2168 329 2189 tos
341 2185 347 2196 ‚
366 2164 411 2200 qui
427 2164 596 2193 advenientes
614 2164 732 2204 hospites
755 2173 780 2194 et
807 2177 891 2205 :egros
906 2175 1030 2196 curarent

289 2218 319 2235 ac
334 2208 461 2237 soverent.

321 2254 379 2282 Sub
394 2255 450 2283 haec
464 2262 552 2284 autem
567 2256 601 2285 ad
618 2257 716 2286 viduas
731 2268 873 2287 conversus
890 2265 945 2293 est,
970 2270 1029 2298 quae

290 2306 353 2328 tunc
380 2300 406 2328 in
432 2301 549 2330 Ecclesia
571 2303 686 2341 aliquem
712 2304 825 2342 gradum
854 2312 878 2333 ct
906 2305 1029 2334 ordinem

289 2345 461 2383 obtinebant,
480 2354 507 2375 ut
528 2359 619 2376 earum
632 2357 656 2377 et
672 2350 753 2378 vitam
769 2357 793 2378 et
808 2358 879 2389 gesta
892 2352 1028 2390 perquire-

288 2397 344 2428 ret,
362 2399 386 2420 et
404 2392 425 2420 si
450 2404 516 2430 quas
537 2394 667 2423 inveniret
691 2396 777 2424 carnis
791 2396 894 2425 deliciis
909 2397 1029 2435 deditas,

288 2438 412 2466 monebat
435 2439 640 2477 utjejunarcnt,
661 2441 823 2470 abstinerent
837 2454 850 2470 a
865 2443 984 2479 balneis,
1005 2450 1030 2472 et

288 2483 323 2511 ab
337 2484 478 2522 exquisitis
492 2485 610 2514 vestibus
626 2509 634 2523 7
649 2494 694 2514 aut
710 2488 831 2525 protinus
852 2488 885 2516 ad
901 2489 1029 2519 secundas

290 2530 396 2568 nuptias
418 2530 601 2567 convolarent,
617 2542 648 2560 ne
671 2532 715 2560 lex
738 2534 848 2561 Domini
872 2535 1027 2563 violaretur.

289 2575 452 2604 Ilortabatur
465 2576 542 2604 ctiam
560 2577 672 2616 populos
683 2600 691 2614 ,
709 2585 737 2606 ut
751 2578 776 2606 in
791 2580 927 2607 nocturnis
942 2581 1027 2619 preci-

287 2622 338 2650 bus
353 2622 451 2652 assidui
467 2631 566 2660 essent;
581 2635 677 2653 uxores
692 2631 779 2653 autem
791 2648 798 2659 ,
811 2632 838 2654 ut
851 2625 924 2654 domi
938 2637 1027 2655 manc-

759 219 789 242 S.
817 217 960 242 JoANNtS
987 215 1220 240 CHRYSOSTOMI
1246 216 1341 247 VITA,

1087 285 1155 314 rent,
1167 284 1192 306 et
1203 278 1318 306 interdiu
1333 288 1422 317 preces
1432 278 1573 308 funderent
1584 280 1647 319 ipsa:
1659 303 1666 315 ‚
1678 281 1740 320 quia
1750 280 1832 309 diui-0⁴

1087 324 1128 353 nis
1151 324 1226 352 horis
1241 324 1292 352 viri
1309 346 1316 357 ,
1330 324 1443 363 negotiis
1460 331 1484 353 et
1510 326 1547 353 rei
1572 326 1696 355 familiari
1718 337 1829 366 operam

1086 369 1195 404 dantes,
1210 370 1335 409 precibus
1351 370 1503 399 incumbere
1519 381 1571 400 non
1586 372 1722 402 valebant.

1126 416 1192 450 Quze
1210 415 1244 444 de
1258 415 1394 444 nocturnis
1409 416 1535 455 precihus
1550 416 1594 445 ille
1615 424 1742 446 statuerat
1753 418 1828 446 Con-

1085 461 1334 500 stantinopolitanos
1356 462 1466 491 clericos
1492 462 1650 499 mordebat,
1672 464 1718 501 qui
1741 464 1873 502 negli-132

1086 508 1189 545 gentius
1206 519 1246 536 res
1261 508 1368 537 divinas
1382 515 1524 538 tractantes
1538 532 1544 544 ‚
1560 516 1614 538 tota
1638 517 1712 538 nocte
1735 521 1828 539 somno

1086 553 1170 582 dediti
1185 561 1269 582 erant.
1296 554 1355 582 lmo
1378 565 1458 591 vero,
1475 555 1538 594 qu'ia
1559 556 1666 594 jamdiu
1688 556 1829 585 clericatus

1085 599 1173 628 oflicia
1191 601 1270 628 missa
1286 601 1417 635 fecerant,
1434 601 1491 629 haec
1506 602 1594 629 omnia
1608 601 1681 640 apud
1694 602 1753 630 illos
1766 612 1828 641 pro-

1085 653 1144 684 pter
1160 653 1318 675 vetustatem
1335 646 1530 675 obsoleverant.
1545 647 1650 675 Divites
1664 654 1752 675 autem
1768 657 1829 676 ma-

1085 691 1159 719 xime
1170 714 1177 727 ‚
1193 692 1231 720 uti
1256 691 1357 720 solebat
1371 692 1452 720 etiam
1467 692 1616 720 Antiochiae
1630 715 1637 727 ‚
1652 693 1678 721 in
1696 693 1830 721 concioni-

1085 740 1136 767 bus
1149 739 1300 776 frequenter
1313 739 1347 767 ad
1367 739 1487 767 officium
1509 740 1667 775 revocabat,
1685 740 1783 768 docens
1798 751 1832 769 ne

1085 784 1200 812 sublime
1214 792 1352 823 saperent,
1369 792 1395 813 et
1409 785 1542 813 bonorum
1557 793 1659 825 partem
1675 787 1763 825 egenis
1779 786 1830 814 im-

1085 830 1225 869 pertirent.
1256 830 1319 858 Haec
1349 830 1384 858 ab
1412 830 1490 859 initio
1514 831 1615 859 monita
1640 842 1709 871 saepe
1732 832 1830 871 saepius

1085 876 1166 905 dabat
1187 876 1241 905 ille.
1258 877 1295 905 Ea
1312 887 1392 912 vero,
1413 888 1471 915 quae
1485 877 1581 916 primis
1595 878 1761 917 episcopatus
1787 878 1829 907 sni

1085 922 1221 951 mensibus
1232 923 1259 951 in
1273 923 1446 952 concionibus
1461 923 1548 960 dixit,
1560 923 1699 962 speciatim
1714 931 1739 952 et
1752 923 1829 953 ordi-

1085 979 1117 996 ne
1140 969 1265 997 recensita
1281 980 1333 998 non
1347 976 1514 1009 comparent,
1528 970 1571 998 vel
1594 970 1619 998 in
1637 970 1694 1008 ejus
1708 970 1830 1009 scriptis,

1085 1016 1127 1044 vcl
1142 1016 1216 1054 apud
1234 1016 1376 1055 scriptores
1391 1015 1584 1044 ecclesiasticos
1598 1016 1640 1044 sui
1660 1015 1720 1044 aevi.
1737 1017 1830 1055 Ipsum

1084 1072 1188 1100 semper
1212 1061 1318 1090 assidue
1342 1062 1528 1089 concionatum
1554 1072 1609 1090 esse
1635 1062 1744 1090 scimus.
1768 1063 1827 1090 Imo

1085 1107 1184 1135 multas
1200 1107 1329 1135 babemus
1344 1107 1468 1135 homilias
1479 1107 1649 1145 episcopatus
1665 1107 1706 1135 sui
1724 1114 1830 1146 tempo-

1085 1165 1113 1181 re
1127 1154 1248 1189 habitas3
1261 1154 1306 1182 sed
1321 1164 1433 1192 quarum
1448 1154 1565 1181 maxima
1580 1164 1642 1192 pars
1664 1154 1766 1182 nullam
1785 1154 1830 1183 vel

1086 1199 1184 1227 mensis
1196 1199 1239 1227 vel
1251 1199 1313 1227 anni
1329 1206 1419 1227 notam
1435 1210 1489 1238 prae
1504 1209 1530 1227 se
1544 1199 1605 1227 sert.

1126 1246 1182 1274 Vei
1185 1257 1228 1273 um
1243 1256 1283 1274 res
1298 1245 1403 1284 pridem
1419 1252 1492 1273 erant
1506 1245 1584 1284 longe
1598 1245 1687 1283 pejore
1696 1244 1830 1274 conditio-
1856 1257 1929 1280 Nmae
1940 1266 1945 1277 ,

1085 1302 1127 1319 ne
1146 1292 1272 1329 Magnam
1285 1291 1381 1319 nobis
1375 1301 1401 1319 in
1412 1290 1597 1329 Chrysostomi
1609 1290 1727 1329 episcopi
1743 1290 1828 1319 histo-
1841 1297 1928 1340 3⁰⁰3·
1943 1302 1945 1310 i

1085 1338 1123 1365 ria
1146 1338 1231 1366 lucem
1255 1337 1346 1366 attulit
1361 1347 1430 1365 nova
1450 1337 1496 1364 illa
1511 1343 1536 1365 et
1549 1336 1635 1375 ampla
1653 1336 1827 1364 homiliarum
1842 1328 1945 1378 2333*

1085 1383 1200 1412 accessio
1210 1394 1292 1422 ,quae
1305 1383 1396 1411 haud
1390 1390 1425 1411 ita
1436 1382 1540 1422 pridem
1555 1382 1642 1410 velex
1653 1382 1829 1417 monteAth0‚

1085 1436 1115 1457 ut
1131 1407 1253 1467 quid-im,
1269 1429 1354 1458 velex
1371 1429 1458 1457 insula
1474 1428 1597 1463 Pathmo,
1612 1434 1642 1456 ut
1653 1428 1700 1456 alii
1713 1427 1808 1456 volunt
1820 1450 1828 1464 ‚

1084 1477 1112 1504 in
1122 1475 1317 1503 Bibliothecam
1326 1475 1484 1503 Vaticanam
1496 1473 1614 1509 allatae‚a
1626 1473 1765 1502 sodalibus
1779 1483 1829 1502 no·-

1084 1521 1157 1557 stris,
1172 1521 1217 1558 qui
1230 1528 1285 1549 tum
1299 1521 1389 1549 Romae
1404 1519 1626 1557 Congregationis
1641 1519 1725 1547 sancti
1737 1520 1828 1547 Mauri

1084 1567 1198 1605 negotiis
1209 1566 1412 1605 advigilabant,
1425 1576 1439 1593 a
1451 1566 1545 1594 Graeco
1556 1566 1710 1594 amanuensi
1725 1565 1829 1597 descri-

1084 1620 1146 1651 ptae,
1163 1613 1322 1641 transmissae
1337 1612 1404 1640 mihi
1422 1612 1513 1648 fuere;
1530 1611 1658 1640 nimirum
1669 1622 1683 1639 a
1698 1612 1730 1640 D.
1748 1613 1827 1640 Petro

1085 1658 1185 1686 Maloet
1196 1681 1203 1695 ,
1230 1659 1275 1697 qui
1303 1665 1359 1686 tum
1378 1657 1561 1686 Procuratoris
1581 1657 1713 1696 generalis
1737 1657 1829 1686 officio

1084 1705 1245 1743 fungebatur
1260 1712 1285 1733 et
1298 1716 1367 1733 nunc
1382 1705 1409 1732 in
1423 1704 1583 1732 monasterio
1599 1704 1683 1732 sancti
1698 1704 1829 1733 Germani

1084 1763 1097 1779 a
1114 1752 1201 1780 Pratis
1224 1751 1301 1779 Prior
1322 1758 1379 1787 cst,
1394 1757 1418 1779 et
1434 1761 1449 1778 a
1474 1751 1508 1778 D.
1530 1750 1646 1789 Josepho
1674 1750 1750 1779 Avril
1771 1751 1828 1789 ejus

1084 1797 1174 1832 socio,
1188 1798 1244 1837 jam
1257 1798 1282 1825 in
1296 1797 1454 1826 monasterio
1474 1796 1626 1825 Corbeiensi
1648 1797 1741 1825 Priore
1751 1819 1758 1832 ‚
1776 1796 1825 1834 qui

1085 1844 1164 1872 ambo
1179 1854 1282 1882 semper
1295 1867 1301 1877 ,
1315 1843 1380 1872 dum
1392 1844 1483 1871 Romae
1498 1850 1600 1881 essent,
1610 1843 1745 1872 assiduam
1759 1843 1828 1871 mihi

1083 1890 1231 1929 PlaesllfCle
1245 1900 1363 1929 ‘’lm'''am

1123 1935 1257 1973 Quodque
1269 1945 1378 1974 prorsus
1393 1945 1493 1963 novum
1509 1934 1698 1972 insolitumque
1713 1941 1768 1972 est,
1784 1941 1826 1963 at-

1083 1992 1133 2019 que
1145 1982 1267 2010 utilitatis
1282 1981 1396 2009 multum
1411 1981 1502 2015 affert,
1520 1980 1560 2008 hae
1584 1980 1702 2008 homiliae
1722 1980 1826 2008 descri-
1836 1980 1890 2003 323
1903 1986 1921 2003 ε·
1940 1979 1943 2004 Ι

1083 2036 1135 2067 pte
1149 2029 1221 2056 fuere
1235 2039 1248 2056 a
1261 2027 1376 2065 quodam
1393 2027 1440 2065 qui
1455 2030 1483 2056 S
1498 2026 1614 2055 doctoris
1629 2026 1704 2054 lateii
1726 2026 1825 2054 haesis-

1082 2085 1110 2102 sc
1126 2074 1249 2109 videtur,
1264 2074 1364 2112 quique
1384 2073 1409 2101 in
1430 2073 1602 2101 homiliarum
1615 2072 1701 2100 titulis
1715 2072 1772 2100 loca
1786 2083 1826 2100 re-

1083 2122 1132 2149 fert
1148 2121 1193 2149 ubi
1214 2121 1352 2148 conciones
1368 2119 1466 2147 habitae
1487 2125 1547 2147 sunt
1558 2141 1568 2155 ‚
1585 2126 1609 2146 et
1623 2128 1693 2157 saepe
1717 2128 1826 2146 causam

1083 2178 1130 2195 cur
1143 2167 1313 2195 concionatus
1327 2165 1360 2193 sit
1375 2165 1490 2200 indicat,
1504 2175 1534 2193 ac
1545 2175 1596 2192 non
1612 2175 1697 2203 pauca
1714 2164 1826 2203 praecla-

1082 2223 1124 2248 ra,
1137 2213 1171 2241 ad
1184 2212 1322 2241 historiam
1338 2212 1411 2239 illius
1421 2212 1481 2239 anni
1496 2211 1669 2250 pertinentia,
1680 2210 1822 2240 admiscet.

1083 2259 1321 2295 Certissimumque
1337 2264 1375 2285 est
1400 2257 1457 2285 illas
1473 2257 1703 2296 Constantinopoli
1719 2257 1824 2285 habitas

1083 2306 1164 2334 fuisse
1185 2305 1260 2333 aunis
1281 2306 1339 2334 598
1362 2311 1386 2332 et
1405 2305 1472 2332 509.
1488 2304 1498 2341 [
1515 2305 1614 2332 Omnes
1636 2304 1747 2332 fortasse
1771 2314 1824 2332 uno

1082 2362 1151 2379 anno
1163 2352 1230 2380 599,
1245 2351 1304 2389 ]An
1321 2360 1383 2377 vero
1399 2350 1563 2377 continenter
1576 2357 1601 2377 et
1617 2349 1663 2377 illo
1678 2359 1730 2387 quo
1744 2348 1823 2377 dictae

1082 2397 1155 2425 suere
1174 2396 1268 2425 ordine
1283 2396 1325 2423 hic
1347 2395 1512 2432 referantur,
1529 2395 1562 2423 de
1581 2395 1673 2423 multis
1687 2393 1823 2432 liquidum

1083 2442 1179 2478 est‚de
1194 2442 1318 2470 omuibus
1330 2441 1464 2469 affirmare
1477 2451 1528 2469 non
1545 2441 1629 2469 ausim
1639 2452 1647 2477 ;
1659 2440 1712 2468 imo
1727 2439 1823 2468 verisi-

1083 2488 1146 2516 mile
1161 2495 1198 2516 est
1212 2487 1294 2522 alias,
1309 2497 1367 2525 quie
1388 2487 1444 2525 jam
1464 2497 1515 2515 non
1536 2493 1658 2522 exstant,
1674 2485 1822 2523 interjectas

1083 2535 1171 2563 fuisse.
1187 2534 1296 2571 [Unam
1311 2539 1335 2561 et
1351 2533 1461 2560 alteram
1483 2531 1660 2561 indicavimus
1679 2531 1705 2558 iu
1721 2531 1822 2569 praesa-

1083 2581 1153 2610 tione
1165 2580 1197 2608 ad
1214 2580 1278 2608 istas
1294 2579 1432 2607 llomilias.
1447 2579 1458 2615 ]

1123 2626 1212 2654 Prima
1224 2637 1285 2655 vcro
1293 2626 1363 2654 dicta
1376 2625 1427 2653 fuit
1441 2635 1501 2653 cum
1512 2623 1629 2653 nondum
1640 2623 1748 2662 triginta
1759 2622 1814 2652 dics

1859 1950 1943 1972 '12¹2'
