1950 2922
194 2147 290 2166 §.leucis

153 2183 250 2198 mationa

153 2217 195 2236 pta.

299 231 362 266 188
763 240 791 263 S.

298 304 349 332 nisi
363 304 451 332 statim
463 302 620 331 abscederet.
638 300 692 331 Nee
707 302 861 329 Isaurorum
876 306 977 335 metus,
989 309 1036 327 nec

298 350 407 378 morbus
434 360 487 386 qno
511 356 573 377 tunc
588 350 701 377 ¹loannes
716 346 902 385 premebatur,
920 345 979 372 illos
992 344 1036 372 vel

301 395 470 423 humaniores
487 394 530 422 vel
545 392 735 421 moderatiores
749 390 885 419 reddebat.
899 390 1037 419 Instabam

297 448 384 469 autem
407 440 589 477 urgebantque
614 449 675 466 eum
703 438 794 465 furore
820 443 892 465 tanto
904 459 911 471 ‚
931 443 960 464 ut
986 435 1036 474 ipsi

299 497 405 524 quoquc
420 485 540 513 Praetorii
556 484 653 512 milites
675 490 747 511 metu
771 483 939 511 afficerentur
952 493 958 510 ε
971 491 1036 519 quos

297 539 326 559 ut
355 531 449 570 majori
476 530 568 558 timore
589 529 776 568 percellerent,
796 529 982 566 gloriabantur
1008 537 1035 555 se

293 577 350 614 jam
375 576 472 604 multos
492 576 629 614 praetorios
644 575 742 603 milites
757 574 826 602 foede
842 574 1004 602 verberasse.

337 622 385 651 His
402 621 502 650 auditis
517 621 639 650 Przetorfi
661 621 760 649 milites
776 620 810 648 ad
825 621 954 649 Joannem
969 630 1036 647 con-

295 668 402 707 fugiunt
415 691 422 703 ‚
437 669 578 707 ipsumque
593 673 685 706 rogant
697 673 721 694 et
732 667 870 694 obsecrant
882 672 927 702 ut,
940 665 1035 694 etiam-

295 715 317 743 si
339 715 366 742 in
387 715 542 742 Isaurorum
565 724 657 741 manus
674 712 846 741 incidendum
863 711 914 745 sit,
936 711 978 739 liis
995 718 1036 739 ta-

296 772 356 789 men
378 761 473 789 belluis
497 761 567 799 ipsos
590 760 723 788 liberaret.
740 760 791 787 Res
810 758 937 786 Praefecto
960 757 1035 785 urbis

298 807 452 841 nuntiatur,
469 806 515 845 qui
539 813 567 834 ut
589 805 685 835 Joanni
703 805 879 844 opitularetur
899 803 1034 841 occurrit,

298 853 496 890 monachosque
510 858 633 891 precatur
646 851 790 880 absistant:
806 850 852 878 sed
867 849 964 877 frustra
981 859 1035 877 ces-

299 909 356 927 sere
368 905 477 927 conatus
492 899 548 937 ejus
563 908 653 926 omnes
666 909 673 933 3
687 897 723 925 ita
735 904 762 925 ut
782 906 876 935 anceps
891 895 972 923 animi
988 906 1037 923 ne-

297 945 376 973 sciret
391 952 482 972 utrum
497 944 591 973 Joanni
610 944 725 982 optatius
738 949 812 977 esset,
825 952 886 969 cum
901 941 981 969 credis
991 952 1038 979 pe-

302 990 388 1019 riculo
407 1001 440 1018 ex
462 990 527 1018 urbe
543 989 690 1028 proficisci,
707 999 787 1027 quam
807 987 964 1025 urgentibus
980 987 1038 1026 pel-

297 1036 467 1074 lentibusque
483 1036 590 1064 furiosis
605 1035 658 1063 illis
673 1034 810 1063 monachis
826 1036 852 1062 iu
865 1034 930 1061 urbe
944 1044 1038 1061 mane-

297 1092 336 1111 re.
352 1082 427 1110 Misit
445 1082 527 1119 igitur
546 1081 580 1109 ad
604 1081 775 1109 Pharetrium
794 1081 964 1119 episcopum,
981 1090 1041 1118 pre-

297 1127 373 1156 cibus
384 1128 418 1155 ab
435 1127 481 1155 illo
503 1126 662 1155 contendens
678 1133 706 1154 ut
721 1126 816 1155 Joanni
830 1149 836 1161 ,
851 1132 907 1153 tum
920 1125 954 1153 ob
970 1136 1039 1153 mor-

297 1173 362 1201 bum
375 1184 427 1211 quo
445 1173 630 1207 detinebatur,
647 1179 704 1200 tum
721 1172 755 1200 ob
775 1171 916 1199 imminens
934 1171 1040 1209 perieu-

298 1220 363 1255 lum,
376 1230 473 1258 pancos
486 1218 574 1247 adhuc
587 1218 644 1246 dies
657 1216 818 1246 concederet.
830 1217 883 1244 Nec
893 1216 1041 1254 quidquam

298 1267 440 1305 impetrare
457 1265 560 1304 potuit:
584 1265 638 1292 imo
654 1263 784 1303 postridie
801 1262 925 1291 monachi
941 1263 1042 1291 acriore

298 1313 400 1351 impetu
417 1319 478 1340 sunt
493 1311 546 1340 usi.
563 1311 654 1348 Neque
667 1309 817 1348 presbyteri
833 1308 892 1345 illi,
904 1308 950 1346 qui
964 1309 1042 1337 Joan-

302 1359 328 1386 ni
357 1358 457 1387 addicti
478 1364 565 1392 erant,
579 1367 656 1395 opem
673 1356 713 1384 illi
733 1356 800 1384 ferre
821 1356 879 1383 ausi
902 1361 982 1392 sunt,
996 1353 1041 1383 sed

298 1415 359 1432 cum
375 1405 430 1433 liaec
440 1403 658 1441 Pbaretriijussu
673 1402 732 1430 fieri
746 1412 798 1430 non
814 1401 983 1439 ignorarent,
995 1411 1041 1429 nec

299 1462 360 1479 cum
376 1462 390 1479 a
406 1452 507 1480 Joanne
525 1456 721 1478 accerserentur
734 1471 741 1483 ,
758 1448 882 1476 accedere
896 1447 1040 1476 audebant.

340 1498 409 1524 Cum
422 1497 447 1524 in
465 1496 512 1524 tali
529 1506 618 1524 rerum
640 1494 791 1523 conditione
806 1505 858 1522 non
872 1501 959 1533 posset
971 1493 1040 1521 ultra

300 1545 415 1573 Joannes
430 1543 457 1570 iu
470 1542 535 1570 urbe
550 1541 691 1570 consistere
701 1562 710 1577 ⁷
726 1540 775 1568 etsi
791 1540 859 1568 febri
879 1539 1017 1568 laborabat
1030 1561 1038 1575 ,

299 1588 348 1617 etsi
363 1590 516 1616 Isaurorum
529 1587 645 1615 instabat
657 1593 758 1622 metus,
773 1585 838 1613 hora
849 1586 905 1624 ipsa
917 1585 1041 1613 meridia-

300 1644 389 1670 na,se
411 1634 438 1662 in
459 1633 580 1661 lecticam
602 1632 744 1671 conjiciens
762 1631 896 1670 profectus
912 1638 964 1668 est,
976 1631 1040 1659 uni-

300 1690 375 1708 versa
397 1679 473 1718 plebe
487 1679 670 1717 lacrymante,
688 1677 818 1715 ejulante,
834 1684 912 1715 atque
934 1677 970 1705 rei
989 1688 1040 1705 au-

300 1732 399 1753 ctorem
412 1731 565 1754 exsecrante
585 1735 615 1752 ac
637 1723 704 1752 diris
722 1723 879 1752 devovente.
897 1724 1040 1761 Postquam

301 1778 390 1799 autem
411 1771 528 1799 Caesarea
544 1780 662 1809 egressus
675 1769 741 1805 fuit,
758 1769 870 1807 quidam
890 1769 978 1798 clerici
993 1781 1040 1798 ve-

300 1824 410 1851 nerunt,
426 1827 456 1844 ac
470 1816 589 1855 lugentes
604 1815 676 1844 lento
689 1814 772 1853 gradu
788 1814 876 1854 ipsum
891 1815 1041 1853 sequeban-

300 1869 353 1891 tur.
374 1863 419 1891 Ex
441 1862 496 1890 illis
526 1872 589 1890 vcro
619 1860 729 1899 quidam
755 1860 897 1889 dicebant:
915 1862 1040 1896 Quonam

300 1909 379 1937 illum
401 1908 435 1936 ad
460 1914 573 1936 mortem
594 1907 748 1936 adducitis?
771 1907 848 1935 Unus
873 1914 977 1942 autem,
994 1910 1041 1946 qui

300 1957 428 1984 Joannem
443 1954 589 1983 admodum
605 1953 726 1987 amabat,
740 1953 817 1991 quasi
832 1953 869 1981 ira
886 1961 1021 1992 permotus
1034 1977 1040 1991 ,

300 2001 352 2030 Abi
378 2001 501 2037 obsecro,
525 1999 613 2037 inquit
628 2011 634 2026 ε
652 1999 678 2027 in
704 2000 810 2027 Isauros
834 1999 913 2027 etiam
929 1999 1016 2028 incide
1034 2023 1040 2034 ‚

300 2048 379 2077 modo
392 2059 406 2076 a
418 2047 495 2076 nobis
508 2047 631 2075 elabaris.
643 2046 713 2074 Nam
723 2056 892 2084 quocumque
906 2046 1042 2083 incideris,

301 2101 358 2122 tuto
379 2093 479 2122 incides
490 2116 497 2129 ,
512 2091 658 2121 dummodo
673 2102 766 2119 manus
781 2098 884 2120 nostras
898 2092 1018 2131 effugias.

346 2140 407 2167 Hanc
430 2138 541 2167 audiens
561 2149 591 2167 ac
607 2137 771 2176 perspiciens
792 2138 898 2176 egregia
921 2145 1042 2167 matrona

304 2185 423 2215 Seleucia
436 2208 443 2221 ‚
466 2184 558 2214 Rufini
584 2194 669 2217 uxor,
695 2194 753 2220 qum
769 2183 886 2211 officiose
913 2185 1043 2213 Joannem

304 2231 451 2259 admodum
468 2231 584 2267 colebat,
602 2229 725 2269 precibus
745 2229 779 2257 ab
801 2229 848 2257 illo
871 2230 1042 2269 impetravit,

304 2285 333 2306 ut
361 2278 386 2306 in
406 2278 488 2317 ipsius
511 2277 692 2305 suburbanam
713 2276 825 2311 villam,
846 2287 904 2313 quse
925 2277 1044 2315 quinque

303 2334 430 2363 passuum
445 2323 563 2351 millibus
579 2323 612 2350 ab
628 2322 693 2350 urbe
705 2321 950 2361 distabat,ltospitii
966 2333 1041 2352 causa

303 2380 330 2397 se
345 2370 489 2402 conferret,
505 2369 629 2405 misitque
642 2368 687 2406 qui
702 2375 823 2395 sanctum
837 2368 927 2396 virum
939 2368 986 2396 illo
997 2368 1044 2397 du-

305 2422 402 2444 cerent.
421 2416 454 2442 At
471 2424 555 2451 neque
580 2414 636 2441 illie
659 2413 684 2441 in
706 2424 771 2452 pace
791 2414 924 2451 quiescere
948 2413 1042 2443 licuit:

307 2472 368 2490 nam
385 2471 413 2488 re
428 2466 561 2498 comperta
577 2459 733 2487 l'baretrius
744 2460 842 2487 multas
853 2459 978 2487 Seleuciae
994 2460 1044 2488 mi-

308 2518 354 2535 nas
370 2505 522 2534 intentavit.
538 2505 586 2532 Illa
600 2515 663 2533 vero
678 2515 729 2533 non
742 2505 829 2533 minus
840 2505 957 2544 prudens
965 2517 1044 2544 quam

308 2553 425 2581 officiosa
439 2551 535 2580 sentina
548 2573 555 2586 ,
570 2552 700 2580 Joannem
715 2550 801 2588 adiit,
817 2562 847 2578 ac
866 2551 900 2579 de
912 2551 1045 2581 Pharetrii

310 2599 389 2627 minis
405 2598 472 2627 nibil
487 2597 536 2636 ipsi
550 2596 655 2632 retulit,
666 2595 710 2624 scd
723 2597 892 2625 Procuratori
903 2608 951 2625 suo
963 2604 1044 2627 totam

309 2655 364 2673 rem
384 2644 503 2684 aperuit,
519 2643 622 2683 ipsique
641 2642 793 2681 mandavit,
809 2650 837 2671 ut
856 2645 950 2672 Joanni
968 2655 1045 2673 omne

821 238 960 262 JOxNNts
988 236 1222 260 CtfflYSOSTOMt
1249 237 1352 268 VITA,

1090 299 1171 327 officii
1187 309 1269 338 genus
1282 299 1447 338 impertiret,
1464 309 1494 328 ac
1508 299 1529 328 si
1546 299 1592 337 qui
1607 298 1730 328 monachi
1745 297 1821 328 veni-

1089 352 1165 383 rent,
1182 353 1211 374 ut
1226 346 1316 384 ipsum
1329 345 1496 374 contumeliis
1517 346 1673 374 incesserent
1692 353 1736 374 aut
1758 344 1826 373 male

1089 391 1242 428 afficerent,
1258 403 1291 420 ex
1306 392 1366 421 aliis
1385 392 1458 421 villis
1476 391 1531 420 suis
1552 391 1681 430 agricolas
1700 397 1824 430 cogeret,

1089 444 1168 475 atque
1180 438 1216 466 ita
1230 448 1291 466 cum
1303 438 1439 467 monachis
1452 448 1562 466 manum
1572 445 1718 467 consereret
1731 450 1736 466 :
1750 439 1829 467 Joan-

1089 493 1149 511 nem
1173 494 1233 513 vero
1248 484 1378 523 rogabat,
1396 483 1422 512 in
1441 484 1551 513 domum
1566 484 1647 512 aliam
1669 494 1744 512 suam
1769 493 1827 521 qum

1088 540 1175 557 arcem
1188 529 1319 568 habebat,
1333 541 1379 559 nec
1392 530 1455 558 ullis
1467 530 1571 559 viribus
1586 530 1734 570 expugnari
1749 536 1827 568 pote-

1090 582 1130 604 rat
1143 598 1149 610 ,
1169 576 1320 615 confugeret
1333 599 1340 612 ,
1358 583 1386 605 ut
1404 583 1494 605 contra
1509 577 1625 616 episcopi
1643 584 1668 605 et
1682 576 1827 605 monacho-

1090 632 1150 650 rum
1165 623 1281 651 furorem
1302 623 1328 652 in
1351 629 1408 651 tuto
1423 630 1491 651 esset
1504 634 1511 650 ε
1527 633 1621 651 verum
1635 622 1729 650 abnuit
1743 623 1827 651 Joan-

1090 677 1144 695 nes.
1181 668 1282 697 Interea
1306 679 1370 698 vero
1393 668 1521 697 accerime
1544 669 1693 698 Seleuciam
1717 668 1826 707 urgebat

1090 713 1261 749 Pharetrius,
1278 725 1334 742 rem
1350 725 1458 753 prorsus
1472 715 1608 753 ignorante
1619 715 1721 744 ,Ioanne
1734 725 1739 741 ε
1756 714 1829 742 nole-

1089 759 1135 787 bat
1147 759 1218 787 cnim
1231 760 1380 788 verecunda
1391 760 1628 788 mulierPliaretrii
1642 760 1755 788 insultus
1770 769 1827 788 san-

1091 812 1133 833 cto
1151 806 1209 834 viro
1232 806 1389 844 patefacere.
1411 806 1528 834 Instante
1549 806 1658 834 demum
1672 805 1828 839 Pttaretrio,

1091 851 1176 879 minas
1200 851 1345 880 intentante
1368 859 1448 890 atque
1468 859 1594 890 cogente,
1610 859 1640 880 ut
1654 853 1783 881 Joannem
1797 862 1832 880 ex

1092 898 1221 926 suburbio
1242 898 1363 936 ejiceret,
1388 898 1504 926 hominis
1526 897 1755 937 importunitatem
1778 907 1830 925 non

1092 943 1176 971 ferens
1186 943 1321 978 Seleucia,
1336 943 1407 972 dixit
1419 944 1513 973 Joanni
1533 944 1630 972 instare
1645 943 1774 971 barbaros
1785 953 1831 970 seu

1092 990 1216 1024 Isauros,
1235 989 1347 1028 ideoque
1358 990 1410 1018 alio
1424 990 1475 1030 ipsi
1491 991 1540 1019 iter
1555 990 1744 1030 capessendum
1759 1001 1831 1019 esse:

1094 1046 1128 1064 ex
1142 1037 1300 1064 verecundia
1317 1037 1387 1064 enirn
1406 1037 1538 1066 pharetrii
1559 1037 1715 1066 violentiam
1737 1036 1832 1075 expri—

1095 1092 1165 1110 mere
1178 1093 1228 1110 non
1241 1082 1367 1111 audebat.
1379 1083 1474 1111 Media
1485 1090 1573 1111 autem
1589 1090 1665 1112 nocte
1678 1083 1751 1112 venit
1765 1083 1832 1111 Evc-

1095 1128 1167 1156 thius
1191 1129 1330 1168 presbyter
1344 1139 1378 1157 ex
1390 1129 1569 1157 familiaribus
1584 1130 1708 1164 Joannis,
1722 1139 1833 1167 magno·

1096 1186 1146 1212 que
1167 1176 1281 1204 clamore
1306 1175 1377 1203 dixit
1400 1187 1406 1202 :
1423 1175 1508 1213 Surge
1522 1197 1528 1210 ,
1545 1175 1670 1210 obsecro,
1687 1175 1831 1203 adventant

1096 1219 1203 1247 barbari
1217 1242 1224 1255 ,
1240 1229 1287 1247 nec
1301 1219 1379 1257 longe
1392 1219 1497 1247 absunt.
1509 1220 1579 1247 Tum
1591 1218 1658 1256 quid
1671 1218 1774 1247 consilii
1790 1228 1833 1246 ca-

1096 1271 1170 1304 peret
1183 1266 1297 1294 Joannes
1312 1265 1452 1293 nesciebat.
1467 1265 1529 1293 Nox
1543 1264 1636 1292 illunis
1647 1271 1671 1292 et
1689 1263 1834 1302 caliginosa

1097 1317 1166 1347 erat,
1178 1311 1205 1338 in
1221 1311 1313 1339 urbem
1328 1321 1355 1339 se
1368 1311 1482 1350 recipcre
1497 1321 1548 1338 non
1562 1317 1684 1349 poterat,
1699 1320 1746 1338 nec
1757 1309 1834 1348 quis-

1097 1367 1174 1394 quam
1190 1363 1288 1396 praesto
1302 1363 1357 1385 erat
1375 1357 1422 1394 qui
1439 1367 1516 1396 opem
1535 1357 1631 1394 ferret3
1649 1363 1719 1384 metu
1742 1363 1828 1384 tamen

1095 1403 1264 1442 compulsus,
1277 1403 1403 1431 aerumnis
1417 1403 1551 1431 confectus
1562 1409 1586 1431 et
1595 1403 1650 1441 jam
1664 1409 1776 1431 mortem
1789 1412 1835 1430 ex·

1095 1456 1231 1489 spectans,
1249 1449 1373 1477 surrexit.
1390 1450 1427 1478 Ut
1441 1456 1530 1477 autem
1555 1449 1604 1476 iter
1626 1448 1753 1476 conficere
1768 1458 1832 1486 pos-

1095 1503 1167 1532 sent,
1185 1495 1210 1523 in
1226 1495 1344 1524 lecticam
1357 1495 1484 1531 ascendit,
1500 1505 1529 1523 ac
1545 1495 1612 1523 faces
1628 1494 1758 1523 accendit.
1774 1495 1829 1524 Ve-

1095 1552 1156 1569 rum
1181 1541 1228 1569 has
1250 1540 1380 1569 Evethius
1399 1541 1485 1569 socius
1499 1540 1633 1579 exstingui
1656 1540 1778 1575 curavit,
1796 1550 1829 1568 ne

1095 1587 1220 1624 barbari,
1238 1587 1392 1626 inquiebat,
1405 1587 1473 1615 lucis
1487 1586 1628 1626 splendore
1645 1586 1724 1614 exciti
1740 1585 1768 1614 in
1784 1595 1831 1613 nos

1095 1634 1225 1672 impetum
1237 1633 1342 1661 faciant.
1356 1632 1501 1662 Exstinctis
1510 1633 1599 1670 itaque
1607 1632 1722 1666 facibus,
1731 1642 1764 1660 ex
1776 1642 1835 1659 mu-

1095 1680 1128 1708 lis
1143 1690 1210 1707 unus
1228 1679 1274 1717 qui
1288 1679 1408 1707 lecticam
1424 1678 1541 1717 gestabat
1563 1678 1590 1706 in
1608 1677 1692 1706 ardua
1706 1683 1731 1706 et
1746 1683 1832 1716 petro-

1095 1736 1123 1753 sa
1137 1724 1178 1754 via
1194 1725 1219 1752 in
1235 1735 1303 1763 genu
1317 1724 1406 1763 lapsus
1416 1746 1424 1760 ‚
1439 1725 1567 1753 Joannem
1582 1723 1609 1751 in
1624 1723 1717 1751 lectica
1739 1722 1829 1750 inclu-

1095 1781 1155 1798 sum
1171 1771 1244 1798 humi
1260 1770 1419 1809 prostravit,
1439 1779 1586 1808 parumque
1601 1769 1686 1797 abfuit
1700 1768 1765 1806 quin
1782 1768 1827 1796 ille

1096 1816 1224 1845 interiret.
1239 1819 1354 1855 Surgens
1368 1815 1464 1844 deinde
1476 1815 1580 1844 tractim
1592 1814 1706 1854 pedibus
1722 1813 1830 1842 incede-

1096 1863 1161 1899 bat,
1179 1863 1312 1897 Evcthio,
1328 1863 1374 1900 qui
1396 1873 1429 1890 ex
1450 1872 1517 1900 equo
1541 1861 1692 1897 desilierat,
1706 1861 1829 1888 manibus

1097 1909 1186 1948 ipsum
1202 1915 1363 1937 sustentante
1378 1921 1382 1935 :
1402 1908 1446 1936 vix
1463 1907 1532 1936 enim
1549 1907 1608 1942 illc,
1624 1917 1655 1935 ac
1667 1917 1699 1935 ne
1714 1906 1763 1935 vix
1774 1905 1835 1944 qui-

1097 1955 1170 1986 dem,
1184 1955 1210 1982 iu
1224 1962 1277 1983 tam
1293 1965 1384 1994 aspera
1399 1954 1531 1982 montium
1545 1953 1588 1982 via
1603 1953 1652 1981 iter
1671 1962 1762 1991 agere,
1781 1951 1832 1980 nisi

1099 2008 1258 2029 sustentatus
1270 2008 1295 2028 et
1311 2000 1385 2038 quasi
1400 2007 1517 2035 tractus,
1544 2006 1655 2038 poterat.
1672 1999 1771 2026 Praeter
1783 1998 1831 2025 lias

1099 2053 1187 2074 autem
1209 2047 1373 2075 calamitates
1400 2045 1514 2074 instabat
1538 2045 1633 2081 febris,
1656 2044 1728 2073 haud
1753 2043 1835 2071 dubie

1099 2099 1175 2120 aucta
1189 2093 1305 2121 motibus
1327 2092 1500 2129 casibusque5
1521 2091 1632 2129 urgebat
1645 2090 1723 2119 etiam
1738 2090 1834 2118 barba-

1099 2149 1190 2167 rorum
1204 2145 1308 2167 metus:
1330 2148 1391 2166 nam
1411 2144 1503 2165 caetera
1520 2137 1625 2172 onmia,
1646 2147 1705 2174 quae
1730 2142 1832 2174 postre-

1099 2195 1141 2212 mo
1168 2184 1321 2213 l'liaretrius
1345 2190 1436 2212 eontra
1459 2182 1606 2211 Seleuciam
1629 2181 1834 2221 designaverat,

1099 2230 1238 2268 ignorabat
1250 2229 1303 2258 ille.

1139 2274 1243 2303 Similia
1253 2274 1338 2303 multa
1350 2273 1441 2312 gravia
1452 2279 1555 2302 tantum
1570 2272 1672 2301 itineris
1684 2282 1763 2310 agens
1775 2282 1835 2310 pet·-

1100 2332 1190 2360 pessus
1212 2327 1269 2355 est,
1293 2331 1351 2358 quae
1371 2319 1530 2358 Olympiadi
1553 2329 1604 2348 non
1622 2319 1759 2358 speciatim
1772 2339 1779 2353 ‚
1808 2325 1837 2346 ut

1100 2368 1200 2407 priora,
1214 2367 1293 2395 refert
1307 2378 1313 2394 z
1327 2373 1451 2394 caeterum
1464 2366 1584 2394 obsecrat
1598 2365 1681 2401 illam,
1693 2371 1722 2393 ut
1735 2375 1765 2393 ea
1777 2375 1836 2402 qua:

1101 2414 1223 2453 superius
1231 2420 1376 2441 memorata
1388 2419 1449 2440 sunt
1462 2411 1694 2447 neminienuntiet‚
1706 2410 1752 2438 sed
1764 2410 1837 2449 apud

1101 2472 1127 2489 se
1139 2467 1241 2489 tantum
1254 2460 1394 2488 contiueat.
1411 2459 1498 2486 Tanta
1511 2468 1573 2487 vero
1585 2464 1640 2486 erat
1652 2454 1838 2495 Chrysostomi

1100 2507 1185 2541 sama,
1204 2513 1275 2534 tanta
1288 2505 1322 2534 de
1335 2505 1429 2534 exsilio
1442 2511 1467 2533 et
1481 2503 1606 2532 aerumnis
1624 2503 1675 2542 ipsi
1690 2503 1786 2541 injuste
1801 2501 1838 2529 il-

1100 2552 1160 2580 latis
1176 2551 1380 2586 commiseratio,
1397 2557 1426 2579 ut
1439 2550 1536 2588 ubique
1550 2556 1632 2578 coetus
1645 2548 1783 2577 hominum
1795 2558 1838 2576 cu—

1098 2599 1184 2637 jusvis
1199 2597 1336 2637 dignitatis
1351 2597 1378 2625 in
1393 2606 1532 2625 occursum
1546 2596 1602 2634 ejus
1615 2594 1778 2623 venientium
1794 2594 1838 2622 vi-

1096 2645 1188 2674 disses.
1211 2644 1264 2673 Ubi
1281 2651 1368 2672 antem
1383 2643 1408 2671 in
1426 2641 1624 2681 Cappadociam
1640 2647 1663 2669 ct
1684 2640 1710 2668 in
1728 2641 1836 2669 Tauro-

1838 675 1873 695 1⁵9

1861 1651 1924 1681 Chry!

1847 1689 1875 1702 nu
1887 1691 1924 1704 arri

1847 1714 1869 1734 'tn
1880 1715 1923 1735 via.

1848 2641 1919 2683 Epistl

1849 2694 1868 2713 t*v
1882 2685 1908 2713 G?
