1884 2922
842 196 875 243 xj

90 286 122 306 re
146 274 298 314 explorata
311 280 464 304 testamur.
494 274 566 303 Acta
581 273 792 312 Apostolorum
815 271 907 301 semel
931 278 1049 301 tantum
1068 277 1251 309 comparent.
1274 270 1415 300 Ceterum
1438 270 1487 299 hic
1513 271 1602 300 etiam
1619 293 1626 306 ‚

91 331 125 354 ut
139 323 221 359 alibi,
238 322 389 352 Saviliana
401 322 493 352 editio
507 323 658 361 ingentem
673 322 736 351 vim
752 320 999 350 emendationum
1016 318 1266 355 subministravit,
1288 329 1419 358 quarum
1441 328 1514 348 usus
1532 318 1631 347 Bene-

90 376 209 407 dictinis
232 375 353 405 sortasse
376 375 480 414 paullo
508 375 660 405 molestior
685 381 771 409 erat,
794 384 863 402 cum
886 372 1083 402 Morellianus
1115 371 1190 401 ordo
1212 371 1384 411 eclogarum
1415 371 1454 401 ab
1485 372 1556 411 ipsis
1577 382 1630 401 ex-

90 435 207 464 pressus
232 434 354 462 prorsus
371 423 488 453 differat
511 423 548 453 ab
566 423 729 454 Saviliano.
748 422 801 453 His
823 421 900 451 adde
923 431 990 460 quae
1017 420 1055 450 de
1081 427 1184 450 nostra
1210 429 1298 459 opera
1318 419 1451 450 diximus
1477 430 1546 460 pag.
1573 419 1631 451 488

90 483 176 502 novae
197 472 343 501 editionis.

134 551 283 581 Absolutis
292 550 433 590 operibus
443 550 656 590 Chrysostomi,
670 560 707 579 ne
721 550 797 588 quid
811 560 914 579 rerum
933 548 973 578 ad
993 559 1065 578 eum
1087 550 1305 588 pertinentium
1315 549 1437 579 lectores
1448 550 1544 580 nostri
1553 549 1633 579 desi—

91 598 240 635 derarent,
255 600 505 628 constitueramus
519 598 663 637 subjicere
675 597 759 628 Vitas
770 597 800 627 S.
814 598 912 628 Patris
921 608 940 626 a
955 596 1087 636 Georgio
1099 597 1312 633 Alexandrino,
1324 597 1423 627 Leone
1437 597 1633 638 Imperatore,

89 657 244 686 anonymo
259 646 391 686 quodam
405 670 412 683 ‚
430 646 576 686 Symeone
592 645 794 685 Metaphraste
807 652 835 674 et
846 644 922 682 aliis,
938 645 1068 684 plurima
1085 645 1146 675 sere
1160 656 1196 674 ex
1208 644 1336 685 Geor-gio
1356 645 1559 675 Alexandrino
1574 646 1634 675 du-

91 695 238 732 centibus,
254 695 434 733 conscriptas
448 706 454 730 ;
470 694 521 723 illo
536 701 668 733 tempore
687 694 791 723 eadem
805 704 856 733 spe
879 694 962 722 ducti
979 704 1039 732 qua
1062 693 1135 723 olim
1151 694 1398 730 Monffauconus,
1416 693 1478 724 fore
1493 702 1528 724 ut
1538 706 1573 724 ex
1585 694 1632 725 his

91 744 207 782 scriptis
224 744 326 783 aliqua
345 750 422 772 certe
438 744 470 772 in
487 743 576 772 rebus
595 742 624 771 S.
636 741 841 782 Chrysostomi
860 741 968 772 melius
991 741 1193 771 illustrentur.
1216 741 1274 771 Sed
1290 743 1459 772 accuratius
1472 743 1610 781 inspectis
1624 766 1631 779 ,

91 802 162 821 cum
173 791 280 821 eodem
298 791 517 821 Montsaucono
534 790 713 829 cogebamur
732 789 829 823 fateri,
845 788 949 827 plenas
973 798 1035 818 esse
1047 787 1113 817 illas
1132 789 1306 828 scriptiones
1322 788 1494 818 fabularum
1508 796 1536 818 et
1549 799 1633 818 com—

92 847 277 877 mentorum,
294 850 395 870 rerum
408 841 528 874 inanes;
546 850 580 869 ac
590 849 659 868 vere
672 838 779 867 dixisse
791 836 938 866 Savilium
952 838 1144 876 agnovimus,
1158 838 1196 865 In
1210 838 1315 875 quibus
1339 838 1480 875 Georgius
1490 847 1508 865 a
1523 839 1631 865 ‘veteri—

93 890 145 917 bus
161 888 292 922 discedit,
303 895 357 917 aut
373 888 518 916 veteribus
533 897 609 915 nova
623 887 658 915 de
667 896 719 915 suo
732 887 835 923 assuit,
850 885 953 924 eafere
964 888 1062 913 omnia
1071 885 1122 914 vel
1136 886 1166 914 in
1166 885 1262 925 falsis·
1272 885 1415 925 relinquo,
1427 885 1479 913 vel
1488 886 1522 913 in
1531 895 1632 924 suspe-

93 940 155 965 ctis.
170 937 271 975 Quare
282 936 453 965 chartarum
469 946 546 965 onus
560 934 705 964 inutiliter
723 944 832 973 augere
845 933 1018 968 noluimus;
1034 933 1086 963 sed
1099 943 1134 963 eo
1145 935 1291 972 majorem
1311 944 1414 963 curam
1430 932 1635 972 impendimus

93 984 240 1020 Palladio,
256 985 309 1023 qui
332 995 412 1014 unus
435 984 573 1013 omnium
591 990 690 1013 certus
703 983 785 1012 testis
807 989 849 1012 est
864 993 966 1012 rerum
985 993 1003 1011 a
1015 982 1227 1021 chrysostomo
1241 988 1390 1020 gestarum
1405 1004 1413 1018 ,
1428 992 1503 1020 quas
1522 982 1633 1021 partim

93 1033 154 1071 ipse
169 1031 244 1061 vidit
253 1055 261 1069 ,
274 1033 383 1071 partim
394 1042 430 1061 ex
444 1031 621 1061 hominibus
631 1031 689 1061 fide
700 1031 798 1070 dignis
812 1038 878 1070 post
898 1030 989 1060 breve
1000 1030 1194 1060 intervallum
1205 1031 1346 1069 percepit.
1361 1029 1493 1059 Textum
1505 1040 1634 1069 graecum

93 1080 232 1119 plurimis
245 1079 316 1109 locis
328 1080 566 1116 emendavimus,
575 1081 688 1119 egregie
699 1080 795 1118 adjuti
806 1079 944 1118 exemplo
953 1079 1115 1118 Bigotianae
1124 1079 1266 1109 editionis
1278 1079 1361 1118 quod
1373 1080 1405 1108 in
1417 1079 1510 1118 Regia
1522 1078 1635 1108 Biblio-

93 1130 178 1158 theca
187 1137 321 1160 servatur
332 1142 340 1164 ;
356 1130 398 1159 ibi
412 1131 494 1159 enim
506 1132 552 1159 vir
566 1130 669 1160 doctus
680 1131 852 1159 varietatem
865 1128 974 1158 codicis
985 1129 1087 1158 denuo
1100 1127 1200 1157 collati
1208 1134 1343 1156 accurate
1354 1128 1480 1156 notavit.
1493 1127 1635 1156 Praeterea

94 1177 214 1217 Georgii
237 1177 432 1207 Alexandrini
455 1178 536 1208 locos
556 1189 616 1216 eos,
632 1179 663 1207 in
686 1178 798 1217 quibus
812 1188 865 1207 sua
878 1188 913 1206 ex
929 1177 1066 1206 Palladio
1074 1176 1185 1212 hausit,
1201 1176 1327 1204 minime
1341 1175 1536 1215 negleximus.
1553 1174 1635 1204 Prae-

95 1227 230 1255 misimus
240 1234 341 1255 autem
352 1226 453 1255 Savilii
468 1226 703 1256 dissertationem
714 1227 833 1256 doctam
845 1233 874 1255 et
888 1226 940 1255 tali
952 1226 1054 1255 critico
1064 1225 1280 1263 dignissimam,
1291 1224 1524 1263 deScripzoribus
1539 1233 1633 1252 rerum

96 1274 311 1309 Chrysostomi‚
324 1280 351 1301 et
364 1275 522 1312 praeserlim
540 1274 662 1312 Georgia
678 1274 834 1309 ceterisque
857 1273 1008 1312 βιογράῳοις
1024 1273 1230 1301 recentioribus
1246 1278 1329 1300 caute
1349 1271 1484 1309 legendis,
1504 1282 1536 1310 p.
1563 1278 1635 1300 XV}-

97 1328 194 1350 xxw:
211 1332 272 1360 qua
285 1322 449 1351 accessione
464 1321 547 1361 apud
567 1322 689 1351 lectores
712 1322 845 1351 eruditos
865 1322 991 1360 gratiam
1011 1322 1174 1350 maximam
1198 1320 1299 1350 iniisse
1320 1319 1469 1349 videmur.
1491 1320 1635 1359 Sequitur

97 1370 162 1398 Vita
177 1370 204 1398 S.
219 1370 423 1407 Chrysostomi
437 1382 453 1399 a
469 1370 668 1400 Benedictinis
684 1371 829 1398 adornata
842 1381 847 1403 ;
869 1371 917 1399 cui
943 1370 1151 1398 annotationes
1167 1368 1312 1408 quasdam
1329 1375 1444 1398 nostras
1453 1367 1633 1406 adjecimus,

95 1419 225 1447 maxime
235 1418 273 1447 ad
284 1425 417 1457 tempora
431 1419 613 1448 concionum
633 1419 803 1449 definienda
815 1426 989 1458 spectantes.
1011 1418 1069 1449 Sed
1083 1430 1152 1448 cum
1175 1418 1316 1458 perlonga
1330 1419 1366 1448 sit
1379 1418 1429 1447 illa
1445 1418 1587 1452 narratio,
1603 1418 1633 1446 in

93 1472 225 1495 extremo
246 1466 402 1495 volumine
419 1466 543 1496 brevem
565 1474 756 1506 conspectum
775 1478 877 1497 rerum
892 1474 921 1496 et
937 1467 1117 1506 scriptorum
1134 1466 1338 1506 Chrysostomi
1350 1476 1386 1495 ex
1397 1465 1476 1495 Actis
1504 1464 1630 1494 Sancto-

94 1524 163 1543 rum
172 1514 376 1552 repetivimus,
392 1525 427 1543 eo
436 1514 559 1553 quidem
566 1515 681 1551 utilius,
694 1527 756 1556 quo
766 1517 946 1546 accuratiore
956 1526 1045 1555 opera
1055 1515 1211 1554 Stiltingus
1222 1515 1313 1544 vitam
1323 1514 1525 1553 Chrysostomi
1532 1513 1633 1543 denuo

92 1560 241 1591 illustrare
255 1569 378 1591 conatus
390 1569 443 1592 est.
455 1562 558 1592 Vitam
570 1574 587 1592 a
599 1564 816 1594 Montfaucono
830 1565 970 1603 scriptam
980 1564 1133 1604 excipiunt
1146 1563 1283 1591 tredecim
1293 1562 1428 1590 Homiliae
1439 1563 1555 1600 spurioe,
1568 1571 1632 1591 sero

94 1609 131 1638 ad
145 1610 244 1648 ipsum
259 1611 363 1640 missae.
380 1610 443 1640 Nos
458 1622 505 1640 eas
525 1611 589 1641 loco
614 1623 675 1641 non
691 1613 842 1642 movimus
853 1636 860 1650 ‚
879 1623 917 1642 ne
930 1612 1001 1642 alibi
1022 1613 1137 1642 insertae
1151 1611 1256 1642 seriem
1285 1611 1393 1650 prioris
1418 1610 1556 1641 editionis
1580 1621 1634 1650 per

94 1658 194 1686 omnia
212 1658 447 1688 conservandam
463 1660 707 1689 interturbarent.

133 1736 271 1776 Denique
284 1738 315 1767 in
331 1744 392 1767 tam
405 1738 552 1769 immensa
566 1740 650 1779 copia
669 1751 795 1780 operum
811 1747 841 1770 et
862 1741 1089 1780 opusculorum,
1106 1752 1172 1781 quae
1184 1741 1240 1771 hac
1254 1741 1427 1771 collectione
1437 1741 1630 1780 comprehen-

95 1782 222 1818 duntur,
241 1784 363 1812 maximi
378 1784 521 1814 referebat
538 1792 572 1815 ut
587 1785 709 1816 lectores
726 1789 847 1826 quantis
862 1797 981 1828 possent
998 1789 1188 1819 adminiculis
1201 1791 1379 1828 juvarentur
1393 1789 1424 1817 in
1440 1799 1545 1818 eorum
1567 1801 1634 1829 quae

95 1838 236 1869 cuperent
251 1831 329 1860 facili
341 1833 574 1871 investigatione.
592 1834 691 1871 Quare
710 1835 830 1866 dudum
852 1845 985 1868 auctores
1001 1849 1084 1868 novae
1098 1838 1249 1875 editionis,
1265 1839 1317 1877 qui
1332 1836 1517 1866 audivissent
1543 1838 1573 1866 in
1592 1839 1636 1867 in·

95 1878 211 1908 dicibus
225 1885 286 1908 tam
298 1879 327 1908 S.
347 1880 505 1919 Scriptura}
520 1892 612 1920 quam
633 1894 732 1912 rerum
751 1891 944 1914 tractatarum
961 1886 1057 1916 multa
1077 1896 1233 1924 perperam
1255 1886 1349 1924 posita
1365 1895 1425 1914 esse
1447 1884 1494 1913 vel
1511 1896 1631 1923 prorsus

95 1926 194 1956 abesse
205 1949 212 1961 ‚
229 1928 313 1957 novis
326 1927 476 1957 indicibus
492 1929 655 1967 condendis
674 1932 861 1970 praefecerant
882 1933 976 1962 Revv.
997 1934 1098 1963 Patres
1120 1933 1326 1962 Benedictinos
1342 1931 1552 1962 Solesmenses.
1570 1932 1633 1963 Nos

95 1982 195 2005 autem
208 1986 277 2005 eum
292 1976 432 2010 indicem,
450 1978 503 2016 qui
514 1979 611 2016 piima
622 1990 673 2008 νει
676 1979 713 2008 ba
727 1991 852 2019 operum
867 1982 1006 2010 omnium
1028 1981 1134 2010 oidine
1152 1980 1338 2019 alphabetico
1356 1979 1469 2019 digesta
1483 1987 1511 2009 et
1530 1980 1631 2010 locum

95 2025 240 2063 cujusque
251 2025 281 2053 in
303 2025 435 2055 editione
449 2027 591 2063 ostendit,
604 2038 665 2056 non
683 2028 782 2058 solum
795 2030 1034 2065 emendavimus,
1051 2029 1101 2058 sed
1112 2029 1315 2067 supplevimus
1329 2029 1430 2063 etiam,
1442 2027 1552 2057 additis
1564 2039 1634 2067 par-

96 2072 152 2101 tim
168 2073 259 2101 initiis
273 2083 340 2111 quae
355 2073 474 2103 deerant
480 2076 610 2113 ‚partim
624 2076 766 2106 bievibus
778 2077 1035 2107 obseixationibus
1046 2078 1111 2107 litei
1113 2088 1193 2112 ains,
1209 2077 1264 2106 ubi
1276 2076 1314 2106 de
1327 2076 1430 2106 indole
1446 2076 1495 2106 vel
1511 2077 1547 2106 de
1562 2088 1606 2106 sel
1610 2089 1634 2105 ι-

96 2121 231 2159 ptoribus
245 2121 450 2151 Honiiliarum
468 2124 671 2162 quarumdam
685 2125 808 2154 certiora
829 2127 933 2155 nescire
950 2125 1043 2155 licuit.
1063 2125 1178 2154 Deinde
1193 2125 1446 2163 comparationem
1465 2124 1631 2154 editionum

97 2167 279 2197 Morellianae
295 2176 323 2198 et
343 2169 616 2201 Montfauconianae
634 2172 735 2202 denuo
754 2173 792 2202 ad
807 2181 968 2213 utramque
983 2175 1134 2213 exegimus
1152 2180 1181 2202 et
1196 2173 1303 2209 multa,
1319 2183 1384 2213 quae
1399 2172 1632 2202 Montfauconus

98 2215 154 2245 sub
171 2217 345 2255 generalior-i
359 2217 447 2247 titulo
460 2226 657 2256 contraxerat,
673 2221 847 2260 singulatim
862 2222 1070 2253 indicavimus.
1087 2223 1121 2251 In
1138 2232 1217 2251 novo
1232 2229 1333 2251 autem
1352 2221 1557 2251 additamento
1580 2233 1632 2251 or-

97 2263 199 2293 dinem
211 2264 366 2294 Savilianae
380 2266 530 2305 editionis,
552 2279 618 2307 quae
632 2269 770 2308 plurimis
785 2271 951 2300 etiamnum
973 2270 1112 2300 manibus
1126 2281 1181 2299 suo
1199 2270 1303 2298 merito
1318 2276 1463 2304 versatur,
1480 2270 1520 2298 ita
1538 2279 1633 2308 perse-

98 2314 158 2341 cuti
181 2323 296 2349 smnus,
314 2321 348 2342 ut
365 2316 607 2355 unumquodque
624 2328 699 2356 opus
715 2329 770 2348 suo
790 2319 854 2348 loco
869 2329 938 2347 cum
954 2319 1084 2356 subjecta
1097 2318 1205 2356 pagina
1220 2316 1485 2346 Montfauconiana
1499 2328 1632 2351 recense-

97 2372 193 2390 amus.
212 2361 279 2399 Qua
293 2373 324 2391 re
344 2363 513 2393 multorum
526 2366 691 2395 commodis
710 2367 773 2396 sine
785 2367 879 2396 dubio
892 2367 1105 2406 prospeximus.
1122 2365 1157 2394 In
1174 2366 1233 2394 fine
1247 2365 1441 2404 repetivimus
1456 2364 1631 2404 Catalogum

99 2409 320 2447 Augustanum.
347 2409 426 2439 Nam
456 2422 524 2441 cum
547 2414 742 2452 supposititiis
764 2416 877 2453 scriptis
905 2415 965 2452 jam
991 2415 1197 2444 detraheretur
1224 2414 1323 2453 gloriae
1334 2413 1551 2453 Chrysostomi‚
1573 2415 1632 2443 cri-

99 2457 175 2487 ticus
186 2458 304 2496 ignotus
320 2459 447 2488 indicem
462 2460 528 2490 fecit
542 2463 593 2489 τῶν
607 2463 710 2497 ἀληθῶς
724 2466 769 2491 τοῦ
782 2463 968 2501 Χρυσοστόμου
983 2463 1095 2500 γνησίων
1112 2462 1195 2501 λόγων
1208 2485 1216 2498 ‚
1238 2473 1308 2491 cum
1329 2461 1383 2490 hac
1397 2461 1604 2490 admonitione
1628 2473 1635 2489 z

101 2505 124 2533 οἱ
137 2505 163 2533 δὲ
178 2506 274 2534 τούτων
291 2506 382 2539 ἔξωθεν
401 2508 511 2545 ψευδεῖς.
538 2508 592 2537 Hic
607 2510 699 2547 igitur
713 2510 863 2549 catalogus
878 2533 885 2547 ‚
901 2511 967 2540 licet
984 2512 1118 2550 scriptori
1137 2513 1200 2550 ejus
1223 2521 1283 2540 non
1307 2511 1409 2539 onmia
1430 2510 1560 2548 genuina
1583 2511 1632 2538 in-

103 2555 267 2589 notuerint,
294 2556 430 2584 maximae
451 2563 550 2585 tamen
580 2558 759 2588 auctoritatis
783 2567 825 2588 est
841 2560 870 2588 in
887 2560 951 2588 crisi
977 2559 1232 2599 Chrysostomica;
1248 2569 1340 2598 quare
1359 2569 1429 2587 cum
1450 2569 1484 2586 cx
1509 2564 1633 2587 annota-

104 2602 183 2631 tione
206 2603 335 2641 quadam
357 2603 394 2633 ad
418 2606 550 2643 primum
568 2605 720 2643 volumen,
747 2607 795 2637 uhi
814 2609 939 2637 minutis
955 2608 1045 2637 literis
1062 2608 1187 2646 scriptus
1202 2607 1322 2643 latebat,
1343 2605 1580 2644 protrahendum
1603 2614 1634 2637 ct
