1884 2922
240 174 306 206 502
882 180 983 201 moi-:x
1012 180 1135 202 annun.

242 251 297 274 vn.
312 248 376 273 237.
396 244 475 281 Legis
489 243 584 272 veteris
600 248 729 281 praecepta
746 251 796 269 non
814 241 976 279 abrogamus

240 299 286 328 per
308 298 404 317 novam
424 288 517 325 legem.
539 293 569 314 v.
587 290 650 313 328.
666 296 689 312 n.

280 333 362 370 Leges
375 342 455 359 novas
472 329 561 368 posuit
572 328 705 357 Christus.
725 335 770 356 tx.
797 332 840 355 55.
866 338 893 354 n.
922 326 978 354 Lex

240 375 392 404 viventibus
407 397 414 406 ,
441 383 490 401 non
519 371 631 400 mortuis
655 371 716 399 (lata
741 377 848 399 cst.1x.
868 375 932 400 599.
951 380 975 398 Ε.

241 419 320 457 Legis
337 417 432 446 veteris
443 423 466 444 ct
481 426 554 444 novae
571 425 639 444 unus
654 415 776 453 idemque
786 414 977 452 estlegislator.

241 469 299 491 Vll.
315 466 378 490 243.
395 472 418 488 n.
435 462 520 489 Vetus
544 467 652 498 cognata
680 466 705 487 et
730 458 817 486 affinis
834 465 872 487 est
892 468 976 487 novae.

243 513 300 534 vlt.
318 510 380 533 239.
397 514 421 533 Β.
438 509 502 532 449.
516 515 540 532 c.
560 503 666 531 Veteris
681 509 812 541 praccepta
826 512 877 530 non
894 501 928 529 ita
940 511 981 529 su·

240 549 334 577 bliinia
357 554 438 576 erant.
456 554 515 576 ΠΙ.
539 551 603 575 267.
630 546 709 584 Legis
736 553 760 574 et
789 546 980 584 prophetarum

239 591 303 620 libri
329 601 379 619 non
406 597 526 619 sanctum
553 589 654 618 faciunt
680 590 769 618 locum
796 589 841 616 ubi
865 588 981 627 depositi

241 642 310 663 sunt.
327 642 337 664 1
363 639 428 663 807.
446 645 470 663 Β.
489 635 519 662 In
534 634 592 672 lege
607 644 674 663 nova
695 633 795 671 majora
811 632 959 672 praestanda
972 654 978 666 ‚

239 691 319 718 quain
337 680 363 708 iu
377 680 465 708 veteri.
481 687 499 708 1.
517 684 579 708 302.
596 690 620 707 R.
641 686 699 708 vll.
724 683 787 707 264.
803 680 890 714 Quam
909 689 981 717 prae-

239 733 289 755 stet
311 737 378 755 nova
395 726 487 754 veteri.
507 733 563 754 ΥΠ.
587 731 613 754 4.
633 737 659 754 c.
682 726 713 753 In
730 736 798 753 nova
821 726 906 763 majus
923 725 982 764 phi-

240 770 368 809 losophiae
383 769 514 806 studium,
528 771 629 808 majora
645 769 798 797 certamina.
817 776 862 797 lv.
877 774 902 797 9.
916 780 942 797 A.
954 779 979 797 Β.

242 821 300 843 vlt.
324 818 388 842 240.
411 826 435 842 A.
456 813 597 851 omniaque
621 813 788 852 perfectiora.
806 819 850 841 lv.
869 818 933 841 867.
954 824 978 840 c.

242 864 300 887 VH.
315 862 380 886 287.
398 859 455 886 Lex
471 868 545 896 spem
569 857 683 885 habebat
694 879 702 891 ‚
719 856 765 885 scd
791 866 843 885 non
870 863 980 891 tantam,

241 907 367 939 quautam
394 901 489 940 gratia.
514 907 573 930 ΧΠ.
593 905 655 929 188.
673 910 697 927 Β.
717 901 771 928 Lex
784 910 908 935 onerosa,
925 911 982 938 gra-

241 945 277 974 tia
308 945 402 973 facilis.
431 953 477 973 lx.
506 949 570 973 691.
594 955 622 972 n.
653 945 710 973 Lex
736 944 981 982 praevaricationem

241 988 344 1027 arguit,
373 989 457 1027 gratia
480 987 725 1027 praevaricationem
747 987 826 1015 tollit.
854 995 901 1016 IX.
919 992 980 1016 588-

241 1043 267 1060 A.
283 1032 341 1060 Lex
364 1042 414 1060 non
428 1031 515 1070 potuit
543 1038 667 1070 praestare
691 1030 720 1058 id
737 1031 810 1068 quod
830 1032 896 1059 fides
918 1042 982 1070 prae-

239 1077 317 1105 stitit.
334 1084 378 1106 lx.
393 1081 457 1107 535.
473 1077 530 1105 Lex
548 1076 702 1104 Christiana
719 1076 804 1105 multo
820 1077 905 1115 magis
922 1084 980 1105 tue-

239 1122 319 1149 batur
332 1127 356 1148 et
373 1120 544 1157 continebat,
557 1130 637 1158 quam
650 1126 765 1148 externa¹
781 1120 862 1158 leges.
874 1127 905 1148 Χ.
915 1125 979 1149 648.

240 1177 265 1193 A.
277 1164 348 1202 Lege
362 1164 453 1203 gratim
464 1187 471 1199 ,
484 1174 535 1192 non
553 1164 609 1202 lege
625 1170 741 1199 naturae,
754 1164 888 1192 erescebat
903 1164 983 1192 Chri-

241 1208 389 1236 stianorum
402 1207 558 1236 multitudo.
575 1214 608 1236 V.
625 1211 691 1235 587.
710 1217 737 1234 E.

281 1253 365 1290 Leges
376 1251 575 1280 educandorum
594 1251 739 1279 liberorum
756 1260 770 1278 a
793 1251 848 1279 Deo
863 1249 942 1279 datae.
960 1258 979 1279 1.

243 1301 308 1326 100.
330 1295 387 1324 Lex
418 1295 566 1334 spiritualis
581 1305 628 1322 eur
650 1295 688 1323 sic
710 1301 829 1323 voretur.
849 1302 896 1324 IX.
919 1300 980 1324 614.

243 1350 269 1368 C.
284 1341 341 1368 Lex
358 1341 404 1367 Dei
421 1345 507 1378 potest
523 1339 634 1368 sei-vari.
647 1346 679 1368 11.
694 1343 757 1369 379.
775 1349 800 1368 Β.
818 1340 916 1377 Legem
930 1350 981 1367 au-

242 1382 302 1410 dire
315 1382 383 1410 nihil
394 1383 486 1421 juvat,
506 1382 556 1410 nisi
573 1393 640 1421 opus
659 1382 782 1411 addatur.
799 1390 845 1412 lx.
870 1388 935 1412 516.
953 1394 979 1413 Β.

243 1427 300 1455 Lex
315 1425 456 1454 dilectione
471 1426 606 1464 impletur.
622 1433 654 1455 X.
673 1431 736 1455 852.
753 1438 776 1454 A.
802 1427 857 1454 Lex
881 1434 981 1465 quanta

244 1469 448 1498 mansuetudine
464 1476 490 1497 et
505 1469 675 1508 providentia
687 1470 764 1509 plena
777 1471 820 1498 sit.
838 1478 894 1500 Vll.
915 1477 979 1500 258.

246 1525 272 1542 c.
293 1513 349 1541 Lex
360 1514 478 1548 lucerna,
492 1513 541 1541 lux
557 1520 581 1541 et
599 1513 664 1543 vita.
684 1521 729 1543 IV.
754 1519 818 1542 792.
837 1525 862 1542 c.
876 1516 981 1548 Quanta

245 1557 314 1585 bona
330 1557 457 1586 attulerit.
474 1565 520 1586 IV.
540 1562 603 1586 793.
629 1568 655 1586 A.
681 1558 739 1587 Lex
763 1569 811 1594 ea,
833 1569 891 1596 quar
917 1558 982 1596 legis

245 1610 334 1638 erant,
350 1603 465 1637 evertit,
480 1603 626 1641 quomodo.
645 1611 676 1632 11.
695 1609 759 1632 877.
777 1615 801 1632 c.

286 1647 368 1684 Leges
392 1653 417 1675 et
438 1647 571 1686 supplicia
596 1647 751 1686 reipublicae
776 1648 932 1676 necessaria.
959 1655 978 1677 1.

247 1694 310 1718 112.
326 1699 349 1718 Β.
363 1690 445 1728 Leges
460 1697 519 1718 sunt
536 1690 652 1729 ipsorum
670 1691 822 1730 principum
837 1692 979 1730 principes.

246 1740 291 1763 lv.
306 1738 372 1762 767.
387 1745 415 1761 A.
432 1735 515 1772 Leges
526 1734 683 1771 laudamus,
700 1746 760 1763 eum
775 1735 851 1763 nohis
864 1736 982 1764 criminis

246 1777 344 1806 conscii
363 1787 414 1805 non
429 1788 532 1806 sumus.
551 1785 595 1806 lv.
610 1783 675 1807 769.
692 1789 717 1806 Β.
744 1778 810 1816 Legi
821 1778 920 1807 divinae
939 1790 981 1808 ce-

244 1820 312 1849 dunt
327 1827 441 1849 externae
456 1821 537 1860 leges.
556 1829 601 1850 111.
619 1826 683 1851 246.
701 1822 829 1850 Humanae
844 1823 912 1861 leges
928 1834 984 1852 mo-

247 1871 390 1892 mentancae
399 1871 423 1892 et
438 1864 568 1900 obscurae,
577 1866 676 1894 divinae
689 1866 743 1894 sole
755 1866 878 1895 clariores
889 1874 913 1895 et
925 1879 982 1906 per-

245 1915 391 1937 manentes.
412 1915 443 1937 V.
466 1913 528 1937 328.
558 1919 583 1937 Β.
609 1911 706 1947 Legem
720 1921 778 1948 qua:
794 1921 841 1938 nos
857 1918 944 1940 tuetur
958 1919 982 1940 et

246 1951 364 1987 vindieat
392 1951 538 1990 transgredi
569 1953 696 1990 iniquitas
725 1960 762 1981 est
790 1954 916 1982 maxima.
947 1962 979 1983 V.

248 2000 314 2026 186.
331 2006 357 2023 A.

286 2040 342 2067 Lex
359 2039 485 2077 probrosa
500 2039 616 2068 Solonis.
632 2047 678 2068 lx.
696 2044 759 2068 497.
778 2051 803 2068 Ε.

285 2083 346 2111 Lex
358 2084 482 2121 Moysis,
499 2083 546 2111 Iex
556 2084 623 2113 Dei.
640 2091 671 2112 11.
684 2088 746 2111 975.
762 2085 822 2112 Lex
835 2085 983 2113 hominum

246 2127 429 2165 paedagogus.
448 2133 518 2155 ΠΗ.
533 2131 596 2155 651.
612 2138 636 2155 c.
653 2128 713 2154 Lar
731 2129 869 2165 quomodo
885 2131 983 2157 subin-

247 2173 377 2199 traverit.
396 2177 462 2198 ΠΗ.
481 2175 544 2199 859.
562 2182 588 2198 A.
607 2176 669 2199 860.
700 2176 764 2199 862.
791 2182 815 2202 Β,
837 2174 896 2201 Per
916 2184 984 2211 gra-

247 2215 318 2241 tiam
350 2225 408 2242 non
430 2216 571 2251 aufertur.
602 2222 645 2245 Vl.
669 2220 732 2244 795.
757 2226 785 2245 D.
801 2217 912 2245 Domus
931 2217 984 2244 Dei

247 2264 299 2286 est.
316 2264 349 2289 Υ.
363 2263 426 2287 934.
443 2269 467 2288 Β.

286 2301 456 2335 L1A,Jac0bi
473 2313 556 2338 uxor,
576 2303 666 2330 sucum
691 2313 743 2330 non
766 2303 901 2334 adhibuit.
924 2312 980 2334 Vll.

249 2348 312 2373 402.
329 2355 357 2373 n.

287 2388 426 2416 LmAMiNA
439 2395 463 2416 et
475 2388 573 2427 philtra
597 2389 746 2418 meretrices
761 2390 940 2427 adhibebant,
956 2399 984 2420 ut

244 2432 369 2469 jucundae
385 2439 550 2470 apparerent.
570 2440 614 2461 lx.
630 2437 693 2461 767.
707 2445 735 2463 n.

287 2476 395 2504 Linum
412 2476 535 2504 monodia
551 2476 584 2505 de
599 2477 721 2506 incendio
744 2479 835 2518 templi
853 2479 984 2518 Apollinis

249 2518 272 2544 in
290 2519 413 2556 Daphne.
439 2526 468 2546 11.
496 2524 558 2547 675.
584 2532 609 2548 A.

1077 242 1213 272 Lmfflcs
1223 243 1255 272 ad
1269 244 1487 282 Clu-ysostomiun
1496 248 1660 277 exsulantem
1671 250 1767 287 pergit.

1034 291 1158 322 ιαμ-878.
1175 296 1200 314 1).

1078 330 1222 358 LmELLuiu
1240 331 1345 369 repudii
1360 342 1407 360 eur
1422 333 1569 370 permiserit
1592 337 1705 368 Mox-sos.
1723 345 1767 366 lit.

1034 378 1096 404 2⁷⁸6.
1116 384 1141 401 c.
1160 381 1216 402 vu.
1233 379 1296 403 259.
1312 386 1337 403 A.
1638 369 1644 374 ”

1079 417 1176 446 Libelli
1205 418 1337 457 supplices
1369 420 1576 458 Imperatoribus
1600 422 1691 451 oblati.
1724 432 1768 453 lv.

1035 465 1098 489 820.
1116 472 1141 489 A.

1076 505 1252 533 LmenAmTAs
1267 505 1317 533 Dei
1332 505 1357 534 in
1369 506 1498 536 homines.
1511 515 1556 537 lv.
1575 514 1637 538 144.
1650 520 1677 538 n.
1693 512 1772 540 Libe-

1035 547 1127 576 ralitas
1147 549 1173 576 in
1204 559 1331 587 pauperes
1360 550 1523 579 exhibenda.
1554 559 1599 581 lv.
1621 558 1666 582 27.
1690 555 1773 584 Libe-

1034 591 1124 620 ralitas
1150 602 1212 630 erga
1234 602 1329 631 egenos
1350 593 1545 624 damnationem
1574 605 1686 626 amovet.
1716 605 1773 627 vlt.

1037 640 1099 664 540.
1118 637 1177 664 Non
1192 646 1225 664 ex
1239 636 1372 665 donorum
1390 648 1512 666 mensura
1526 662 1532 674 ,
1543 639 1590 668 sed
1604 651 1636 669 ex
1651 641 1773 670 dantium

1035 681 1123 707 animo
1135 680 1290 708 [estimatur.
1311 688 1343 709 Χ.
1361 686 1426 710 653.
1446 692 1472 709 1).

1076 724 1179 752 Lini-:nxz
1192 723 1292 752 honum
1308 735 1465 763 operamur,
1483 736 1534 754 non
1557 727 1721 760 necessitate.
1736 736 1768 758 11.

1036 771 1099 795 449.
1113 778 1139 797 D.
1154 772 1216 796 459.
1233 778 1260 795 A.

1076 812 1160 839 Lmen
1175 818 1200 839 et
1214 821 1306 840 servus
1319 812 1425 840 nomina
1439 819 1540 842 tantum
1552 821 1622 842 sunt.
1636 821 1695 844 Xtt.
1710 820 1772 844 488.

1038 865 1064 882 A.
1093 855 1212 892 Uterque
1234 855 1260 883 in
1288 855 1320 883 iis
1345 867 1403 894 quae
1431 857 1465 885 ad
1491 857 1628 886 Christum
1654 866 1774 897 spectant

1037 908 1112 936 pares
1125 904 1195 926 sunt.
1212 906 1243 927 x.
1262 904 1324 928 192.
1342 911 1366 928 Β.
1384 900 1513 928 Liberum
1527 908 1573 929 aut
1590 912 1698 930 servum
1708 903 1772 941 quid

1036 941 1207 979 potissimum
1221 942 1310 970 faciat.
1328 950 1358 971 v.
1378 948 1442 972 316.
1458 955 1482 972 Β.
1501 945 1581 973 Liber
1604 945 1649 973 ille
1671 953 1773 975 tantum

1036 991 1083 1020 est,
1100 985 1145 1022 qui
1157 984 1307 1013 libertatem
1322 986 1392 1014 intus
1407 987 1494 1016 habet.
1511 995 1555 1016 XI.
1573 993 1672 1017 706.c.
1688 990 1773 1018 Nemo

1036 1028 1104 1056 liber
1118 1036 1171 1063 est,
1186 1028 1237 1056 nisi
1252 1030 1297 1066 qui
1314 1030 1421 1058 Christo
1440 1031 1518 1059 vivit.
1535 1039 1555 1062 Ι.
1571 1037 1617 1062 49.
1632 1043 1659 1061 13.
1673 1034 1774 1062 Servus

1037 1082 1088 1099 non
1103 1072 1200 1109 estqui
1214 1083 1229 1100 a
1248 1080 1354 1111 peceato
1369 1073 1437 1102 liber
1451 1082 1498 1103 est.
1517 1082 1550 1104 x.
1574 1081 1636 1105 193.
1652 1088 1676 1105 c.
1692 1077 1774 1106 Liber

1037 1125 1088 1143 non
1102 1122 1139 1144 est
1151 1116 1195 1153 qui
1209 1123 1314 1154 peccato
1325 1118 1416 1146 servit.
1431 1126 1463 1147 X.
1478 1124 1539 1148 194.

1076 1159 1243 1187 Lmenontm
1258 1166 1282 1186 et
1302 1159 1507 1189 domesticorum
1530 1163 1626 1201 cuique
1647 1171 1684 1192 est
1704 1165 1772 1193 ratio

1037 1201 1182 1229 reddenda.
1199 1209 1245 1229 lv.
1261 1208 1326 1230 780.
1342 1214 1365 1231 c.
1385 1204 1424 1232 De
1449 1203 1595 1234 liberorum
1616 1206 1773 1236 educatione

1038 1244 1147 1283 Ecloga.
1168 1253 1226 1274 XII.
1242 1250 1306 1274 837.
1331 1256 1358 1274 c.
1375 1246 1467 1275 Liberi
1489 1248 1515 1276 in
1532 1250 1669 1279 ecelesiam
1685 1251 1773 1279 addu-

1037 1289 1123 1317 cendi.
1141 1296 1160 1317 1.
1176 1293 1240 1317 668.
1255 1300 1280 1317 A.

1077 1332 1215 1360 LmenrAS
1231 1343 1291 1361 vera
1310 1341 1348 1362 est
1371 1335 1444 1364 nullo
1461 1346 1546 1374 egere.
1565 1344 1632 1366 vul.
1653 1342 1717 1368 545.
1747 1351 1771 1369 A.

1038 1376 1158 1404 Libertas
1183 1387 1263 1415 quam
1288 1377 1352 1406 dant
1377 1379 1497 1408 homines
1517 1381 1623 1409 nomine
1644 1388 1719 1411 tenus
1740 1383 1772 1411 li-

1036 1419 1122 1448 bertas
1138 1427 1184 1448 est.
1210 1427 1279 1449 Vlll.
1306 1426 1371 1452 361.
1395 1423 1517 1452 Libertas
1545 1435 1684 1454 servorum
1708 1428 1768 1459 Dei.

1035 1470 1057 1492 1.
1076 1469 1120 1492 49.
1136 1474 1163 1493 E.
1183 1464 1304 1493 Libertas
1318 1466 1414 1494 auimae
1436 1468 1519 1496 vitam
1544 1476 1699 1507 praesentem
1723 1471 1773 1499 de-

1035 1507 1181 1546 spicientis.
1198 1516 1244 1537 lx.
1265 1514 1310 1538 98.
1328 1521 1354 1538 e.
1371 1513 1507 1546 Quantum
1522 1512 1556 1540 sit
1576 1512 1687 1542 bonum.
1712 1522 1770 1544 Vll.

1037 1556 1099 1580 664.
1121 1563 1148 1580 A.
1171 1563 1196 1580 B.
1213 1553 1337 1581 Libertas
1347 1565 1380 1582 ex
1395 1555 1539 1584 afflictione
1553 1557 1648 1585 oritur.
1673 1565 1706 1587 V.
1725 1564 1769 1590 12,

1037 1606 1064 1623 E.
1088 1595 1232 1624 Libertasa
1256 1597 1327 1625 curis
1348 1599 1566 1636 tranquillitatem
1586 1600 1668 1628 animi
1691 1604 1770 1641 parit.

1037 1645 1094 1667 vu.
1113 1644 1176 1668 419.
1201 1652 1228 1668 A.
1254 1640 1374 1670 Libertas
1385 1642 1489 1671 dicendi
1505 1643 1561 1671 sinc
1585 1643 1682 1673 virtute
1703 1646 1771 1674 nihil

1037 1684 1145 1721 profuit.
1158 1691 1204 1712 lx.
1220 1689 1284 1714 338.
1299 1696 1325 1712 A.

1076 1729 1220 1756 LinERTim
1237 1728 1356 1765 quinam.
1373 1736 1417 1756 tx.
1436 1734 1498 1758 138.
1516 1740 1544 1758 n.

1076 1771 1204 1799 Lamum
1215 1772 1366 1800 arbitrium.
1380 1779 1424 1800 tv.
1440 1778 1502 1801 165.
1518 1780 1550 1803 Υ.
1565 1778 1628 1803 527.
1638 1779 1772 1805 13.V1.32.

1038 1827 1062 1844 c.
1081 1819 1143 1844 246.
1160 1826 1187 1844 E.
1207 1823 1262 1844 vn.
1284 1821 1345 1844 107.
1361 1827 1384 1844 B.
1407 1824 1450 1845 1x.
1468 1822 1530 1846 348.
1548 1818 1721 1850 1³.‚Li'ber1aie
1736 1831 1777 1848 ar-

1037 1860 1111 1888 bitrii
1135 1859 1215 1888 homo
1240 1859 1362 1888 donatus.
1389 1868 1434 1889 111.
1456 1866 1520 1892 518.
1544 1873 1570 1890 D.
1595 1870 1639 1891 lv.
1663 1868 1724 1892 191.
1744 1874 1772 1892 Ε.

1037 1909 1101 1932 205.
1128 1915 1155 1932 ι).
1169 1908 1237 1933 228.
1258 1915 1282 1932 c.
1299 1910 1435 1933 ⁴x·11.392.
1455 1918 1481 1934 c.
1498 1906 1620 1935 Libertas
1639 1908 1775 1936 actionum

1037 1948 1225 1976 humanarum.
1240 1955 1286 1977 Π.
1305 1953 1368 1978 184.
1392 1960 1417 1977 n.
1438 1956 1508 1980 vill.
1532 1955 1578 1979 79.
1594 1961 1622 1979 Ε.
1641 1958 1688 1981 ΙΧ.
1706 1950 1772 1981 711.

1038 2003 1064 2020 n.
1081 1994 1152 2021 Deus
1172 2002 1223 2021 non
1239 1992 1294 2020 vim
1316 1993 1394 2021 infert
1414 1993 1581 2031 nolentibus,
1597 1994 1644 2023 sed
1659 1995 1775 2024 volentes

1037 2036 1127 2065 trahit.
1147 2044 1192 2065 111.
1215 2041 1276 2065 153.
1290 2047 1316 2067 Ε.
1336 2037 1465 2065 Liberum
1479 2038 1622 2066 arbitrium
1637 2049 1687 2067 non
1705 2039 1775 2067 tollit

1038 2081 1118 2110 Deus.
1137 2087 1194 2109 vll.
1212 2085 1276 2108 669.
1293 2090 1317 2109 Β.
1345 2085 1408 2109 680.
1434 2094 1458 2109 A.
1484 2081 1556 2110 Illud
1578 2082 1688 2110 minime
1703 2082 1774 2112 tollit

1037 2130 1081 2151 aut
1093 2123 1165 2152 laedit
1181 2123 1230 2151 hoc
1242 2123 1362 2152 Jcremiae
1376 2123 1477 2152 dictum
1489 2132 1494 2150 ε
1507 2125 1573 2152 Zl’on
1585 2131 1625 2152 est
1638 2127 1668 2152 in
1679 2126 1775 2154 laomi-

1038 2178 1074 2195 ne
1090 2169 1141 2195 υία
1155 2168 1228 2205 ejus.
1246 2174 1291 2197 VI,
1309 2172 1372 2196 189.
1394 2177 1419 2195 Β.
1439 2172 1500 2195 190.
1518 2168 1680 2196 Libertatem
1702 2169 1776 2198 arbi-

1038 2211 1082 2239 trii
1102 2220 1153 2238 non
1176 2210 1352 2245 labefactant,
1366 2221 1450 2248 neque
1467 2212 1648 2240 necessitatem
1660 2213 1775 2241 afferunt

1037 2254 1138 2283 Christi
1157 2253 1352 2293 prmdictionffl.
1379 2262 1412 2283 Χ.
1433 2259 1496 2285 283.
1522 2256 1580 2283 Non
1602 2255 1774 2286 labefactavit

1038 2299 1147 2326 Paulus.
1161 2305 1181 2326 1.
1197 2303 1259 2325 561.
1278 2309 1302 2324 A.
1318 2305 1362 2326 tx'.
1380 2303 1444 2327 680.
1462 2300 1520 2327 Non
1536 2299 1604 2327 toltit
1619 2300 1719 2328 Paulus
1731 2311 1774 2329 re·

1038 2342 1145 2380 quirens
1167 2341 1345 2370 obedientiam
1366 2349 1391 2370 et
1415 2342 1561 2370 silentium.
1587 2350 1633 2372 111.
1659 2348 1722 2372 559.
1744 2355 1770 2375 Β.

1038 2387 1096 2414 Non
1113 2386 1216 2414 tollitur
1230 2396 1277 2424 per
1301 2387 1425 2423 gratiam.
1444 2394 1499 2415 vn.
1519 2391 1583 2417 535.
1600 2397 1624 2415 Β.
1651 2388 1679 2415 ln
1698 2389 1774 2417 nobis

1038 2430 1118 2460 situm
1130 2437 1167 2458 est
1178 2453 1185 2466 ‚
1202 2437 1229 2458 ut
1243 2430 1352 2458 diabolo
1374 2431 1587 2469 obtemperemus
1601 2430 1644 2459 vel
1660 2441 1710 2458 uon
1725 2429 1774 2458 ob-

1038 2486 1222 2517 temperemus
1248 2485 1266 2506 l.
1289 2483 1353 2507 893.
1379 2490 1404 2506 A.
1427 2479 1509 2506 Penes
1523 2488 1570 2506 nos
1586 2485 1667 2506 estut
1683 2484 1773 2506 mute-

1039 2533 1108 2550 mur.
1130 2529 1174 2550 vt.
1193 2526 1234 2549 Η.
1256 2534 1279 2549 Α.
1299 2521 1388 2550 Liberi
1403 2521 1506 2550 arbitrii
1526 2528 1578 2559 est,
1607 2529 1635 2550 ut
1656 2522 1698 2550 eui
1715 2532 1775 2560 per-
