1910 2907
9 280 126 309 Jurysosto-

10 319 34 331 us
56 313 78 332 in

23 343 87 363 thuni

10 373 72 394 cidit.

29 1249 122 1278 lympia-

24 1282 52 1301 vii
60 1286 92 1301 tus

28 1313 80 1332 nimi

28 1344 75 1363 itas.

29 2267 121 2295 lympias

27 2303 105 2318 staun-

25 2329 52 2349 oti
65 2328 118 2356 pul-

23 2361 63 2380 uit.

33 2411 88 2424 zum.
102 2404 118 2426 1.

30 2433 86 2464 .24.

663 212 751 233 NUNC
778 209 908 234 vntMUM
936 209 1116 233 ADORNATA
1126 225 1133 232 .

138 281 167 303 nt
185 273 251 303 dicit
274 274 331 314 ipse
349 273 557 313 Chrysostomus
575 284 617 313 ep.
638 275 655 301 6
678 273 713 302 ad
733 272 875 313 Olympia-

137 321 208 349 dem.
224 321 424 359 Ingravescente
438 327 526 349 antem
538 320 636 359 frigore
650 320 676 348 in
693 320 818 348 morbum
830 319 876 348 itte

135 366 244 403 incidit,
257 367 293 395 ita
309 374 338 395 ut
349 366 382 395 ad
398 373 485 406 portas
501 378 583 405 usque
594 367 699 402 mortis,
713 367 812 404 inquit,
826 377 874 394 ac-

134 413 251 447 cesserit,
268 424 299 443 ac
313 424 360 452 per
378 413 445 442 duos
459 424 560 442 menses
575 413 602 442 in
618 413 685 442 lecto
699 412 873 448 decubuerit,

134 460 265 489 stomachi
286 467 311 489 et
333 460 427 500 capitis
441 459 596 492 doloribus,
617 459 783 493 vomitibus,
802 459 874 487 inso-

133 507 214 535 mniis
227 507 396 536 excruciatus
413 519 419 537 :
435 514 528 535 caetera
547 513 636 535 autem
646 505 815 544 :egritudinis
831 505 873 533 in-

133 553 273 583 commoda
291 554 415 592 pluribus
430 553 476 582 ille
491 553 628 581 describit.
650 552 706 581 Ubi
722 558 810 580 autem
827 562 873 580 ver

132 599 252 635 advenit,
273 600 438 638 mutatioque
455 599 533 633 aeris,
551 598 639 627 omnia
657 604 751 636 sponte
767 597 872 636 dilapsa

132 654 211 683 sunt;
232 649 269 676 ita
287 654 375 676 tamen
394 654 424 675 ut
442 657 538 684 magna
557 646 609 685 ipsi
627 645 717 674 adhuc
734 645 761 673 in
783 645 872 673 victus

131 693 233 721 ratione
247 704 309 722 cura
327 703 393 732 opus
408 700 482 721 esset.
498 695 641 730 Postquam
661 692 717 720 haec
733 691 820 725 dixit,
835 689 871 718 ad

131 738 323 777 Olympiadem
342 749 488 767 sermonem
506 738 647 770 convertit,
668 747 749 775 qnam
770 736 870 774 ingenti

130 786 229 814 amoris
249 792 275 814 et
297 785 414 814 caritatis
433 786 530 813 affectu
550 795 577 813 se
600 783 722 823 prosequi
743 782 869 811 declarat.

129 831 181 859 Illa
201 842 263 860 vero
279 842 384 870 qnoque
398 831 473 870 gravi
487 831 580 859 morbo
594 840 730 868 oppressa,
745 829 771 856 in
786 834 871 862 extre-v

130 888 205 906 mum
219 877 281 906 vitae
295 878 446 917 perieulum
463 883 587 912 venerat;
608 875 654 904 sed
669 886 729 903 cnm
750 874 868 913 Chryso-

129 931 232 952 stomns
245 924 313 952 hanc
327 924 367 952 illi
380 923 519 962 epistolam
534 922 650 961 scripsit,
667 920 806 949 commoda
821 930 868 948 va-

130 970 248 999 letudine
259 970 406 998 fruebatur.
420 971 510 1008 lpsam
523 978 602 1007 porro
615 967 728 996 summis
741 966 868 995 laudibus

129 1017 250 1052 extollit,
270 1015 343 1054 quod
362 1026 415 1043 non
433 1014 513 1043 modo
530 1024 572 1042 res
590 1020 644 1042 tam
663 1012 787 1041 adversas
806 1013 868 1042 sorti

129 1069 153 1091 et
165 1062 294 1091 constanti
313 1061 402 1090 animo
412 1061 503 1096 ferret,
516 1060 561 1089 sed
574 1071 616 1089 eas
631 1061 710 1088 etiam
724 1070 771 1099 pro
784 1060 868 1088 nihilo

127 1115 244 1148 putaret,
262 1107 380 1146 aliosque
397 1107 430 1135 ad
451 1107 525 1146 paria
542 1107 686 1135 certamina
710 1113 829 1142 acueret,
843 1114 869 1135 et

127 1153 328 1193 philosophiam
343 1153 415 1182 omni
429 1160 583 1192 tempestate
594 1153 760 1192 superiorem
771 1153 867 1192 adepta

128 1206 204 1228 esset.

171 1246 241 1275 Huic
255 1246 373 1285 epistolae
394 1245 593 1285 responsionem
615 1245 743 1273 modestia
762 1245 868 1284 plenam

130 1293 203 1321 misit
215 1293 368 1332 Olympias,
382 1302 409 1320 se
422 1302 474 1320 non
488 1299 618 1330 tropaeum
633 1291 750 1319 erexisse
763 1291 866 1326 dicens,

128 1350 181 1368 non
205 1339 345 1368 victoriam
364 1338 499 1373 retulisse,
522 1348 569 1366 nec.
595 1348 718 1366 coronam
745 1337 868 1376 adeptam

127 1397 193 1414 esse.
210 1385 325 1423 Reponit
343 1384 552 1424 Chrysostomus
567 1384 593 1412 in
610 1384 720 1422 epistola
736 1384 846 1422 septima
859 1406 866 1418 ‚

127 1439 213 1460 totum
227 1432 320 1460 orbem
335 1431 362 1460 id
379 1431 527 1465 affirmare,
543 1429 617 1468 quod
632 1430 689 1469 ipsc
706 1430 733 1458 in
754 1430 867 1469 epistola

125 1478 262 1517 superiore
281 1477 396 1511 dixerat,
419 1483 444 1504 et
467 1476 567 1514 ubique
587 1483 719 1504 terrarum
741 1476 867 1515 praeclara

127 1523 300 1563 Olympiadis
320 1530 391 1562 gesta
411 1522 561 1557 decantari;
583 1522 645 1550 licet
669 1522 739 1550 enim
767 1533 820 1551 nno
840 1523 867 1551 in

126 1570 184 1599 loco
200 1581 242 1599 res
259 1577 316 1598 acta
338 1569 427 1603 fuerit,
449 1579 506 1597 eam
522 1575 609 1596 tamen
628 1568 661 1596 ad
683 1568 808 1596 terminos
825 1580 869 1597 or-

127 1615 169 1644 bis
187 1615 342 1655 pervasisse.
357 1616 447 1654 Ipsam
466 1625 530 1643 vero
544 1615 641 1649 merita
660 1621 684 1642 et
703 1614 804 1653 palmas
822 1625 868 1642 au-

129 1662 224 1690 ctiores
241 1661 390 1690 reddidisse
407 1671 441 1689 ex
457 1660 585 1688 modestia
604 1671 651 1688 sua
671 1667 695 1688 ct
715 1660 798 1688 animi
822 1660 867 1689 de-

128 1708 261 1736 missione.
280 1709 377 1736 Narrat
397 1706 494 1736 deinde
510 1706 644 1745 quomodo
664 1707 749 1746 patria
772 1707 868 1745 expul-

128 1765 170 1789 sa,
187 1753 283 1790 domo,
306 1753 400 1782 amicis
422 1760 446 1781 et
466 1753 584 1792 cognatis
602 1753 711 1788 relictis,
734 1754 786 1782 alia
808 1764 869 1792 gra-

128 1801 173 1828 via
187 1806 362 1838 exspectaret,
378 1799 428 1828 Dei
448 1806 536 1827 tamen
553 1810 657 1838 semper
674 1799 786 1837 gloriam
802 1810 869 1839 prae-

128 1845 267 1874 dicaverit.
284 1847 400 1874 Demum
419 1845 485 1874 dicit
509 1846 597 1884 pejore
613 1846 640 1874 in
659 1846 810 1874 conditione
826 1857 870 1875 eos

129 1902 195 1927 csse,
214 1892 261 1930 qni
282 1898 354 1920 tanta
368 1891 438 1919 mala
454 1891 580 1926 inferunt,
603 1903 683 1930 quam
699 1903 742 1921 eos
759 1893 804 1930 qni
823 1893 870 1921 illa

130 1949 192 1966 cum
213 1938 361 1977 gratiarum
378 1938 480 1966 actione
501 1938 657 1977 patiuntur;
679 1939 732 1967 imo
754 1950 818 1968 vero
841 1940 870 1968 hi

130 1985 234 2013 coronis
248 1984 426 2019 destinantur,
446 1984 553 2022 illisque
568 1985 700 2023 supplicia
717 1993 845 2024 parantur
861 1998 867 2014 :

129 2030 212 2069 idque
229 2037 383 2059 sanctorum
403 2031 527 2069 exemplo
550 2031 638 2070 palam
660 2031 745 2059 facere
764 2032 871 2071 satagit.

129 2078 203 2105 Inter
221 2076 292 2105 mala
308 2076 354 2104 illa
368 2076 443 2115 ponit
458 2076 629 2110 calumniam,
648 2077 682 2105 de
698 2088 750 2115 qna
765 2078 870 2106 beatam

130 2122 324 2161 Olympiadem
352 2122 386 2150 ad
415 2123 535 2151 tribunal
562 2122 705 2151 adductam
733 2124 871 2152 incusave-

130 2175 200 2204 rant,
222 2168 294 2206 quod
317 2167 442 2197 videlicet
462 2169 519 2207 ejus
539 2179 618 2208 opera
639 2170 747 2198 ecclesia
766 2170 871 2199 incensa

132 2213 234 2241 fuisset.

173 2259 242 2288 Hinc
260 2260 343 2298 liquet
362 2260 430 2289 hanc
454 2261 594 2300 epistolam
617 2262 746 2300 scriptam
772 2263 871 2299 fuisse,

131 2312 271 2345 postquam
279 2306 422 2345 Olympias
433 2307 662 2346 Constantinopoli
674 2308 750 2346 pulsa
761 2309 818 2337 etin
827 2319 873 2337 ex-

129 2351 221 2380 silium
237 2352 315 2380 missa
329 2352 424 2380 fuerat.
441 2353 603 2382 Sozomenus
626 2364 688 2382 vero
707 2354 774 2382 dicit
790 2355 871 2394 Opta—

129 2404 187 2426 tnm
211 2398 368 2426 Praefectum
389 2398 447 2426 auri
463 2409 567 2428 summa
590 2399 666 2428 illam
688 2401 869 2435 mulctat-isse,

130 2444 271 2483 ipsamque
287 2443 518 2483 Constantinopoli
536 2445 627 2473 relicta
647 2446 775 2484 Cyzicum
795 2456 872 2474 com-

131 2490 276 2528 migrasse3
296 2489 372 2527 quasi
389 2490 435 2518 itta
450 2497 542 2529 sponte
558 2502 605 2519 sua
620 2492 870 2531 Constantinopolin

131 2536 276 2574 reliquerit.
293 2537 397 2565 Verum
412 2536 464 2564 fide
477 2536 584 2575 dignior
599 2537 807 2576 Chrysostomns
821 2545 872 2575 est,

132 2582 179 2620 qui
200 2582 266 2610 dicit
286 2582 370 2620 ipsam
396 2582 501 2620 pulsam
520 2589 545 2611 ct
567 2583 594 2611 in
616 2583 742 2613 exsilium
764 2584 872 2613 missam

133 2629 229 2667 fuisse,
254 2628 332 2667 idque
350 2630 443 2668 repetit
464 2630 491 2658 in
515 2630 625 2670 epistola
649 2630 752 2660 decima
775 2638 871 2660 sexta:

1606 215 1670 249 ἐν.)

933 285 947 299 <t
961 272 1034 307 Quid
1049 272 1119 301 enim
1131 279 1169 301 est
1185 285 1212 303 ».
1230 273 1327 311 inquit,
1347 286 1360 300 «
1377 273 1485 303 civitate
1502 274 1576 313 pelli,
1594 281 1619 302 et
1635 286 1668 303 ex

930 319 991 347 aliis
1004 319 1070 348 locis
1082 319 1108 348 in
1123 319 1175 348 alia
1190 319 1303 348 subinde
1317 319 1443 359 migrare,
1460 327 1540 358 atque
1553 320 1670 358 undique

930 366 1060 405 exagitari
1075 373 1100 394 et
1119 366 1249 405 proscribi
1264 373 1289 394 et
1305 366 1337 394 ad
1358 365 1502 394 tribunalia
1523 366 1592 394 trabi
1613 373 1637 395 et
1655 377 1668 394 a

931 412 1063 440 militibus
1078 412 1193 450 raptari,
1209 419 1286 450 atque
1304 412 1338 440 ab
1353 412 1401 448 iis,
1418 412 1465 450 qui
1479 413 1609 440 sexcentis
1624 413 1669 440 be-

929 458 1030 487 neflciis
1042 458 1129 486 affecti
1142 458 1262 492 fuerant,
1276 458 1406 487 contraria
1421 469 1491 487 nunc
1506 458 1623 497 perpeti,
1638 469 1668 487 ac

928 511 985 532 tum
998 515 1012 532 a
1026 504 1133 532 famulis
1143 527 1149 537 ,
1163 511 1221 532 tum
1235 515 1249 532 a
1265 504 1357 533 liberis
1371 504 1475 539 vexari,
1496 515 1555 533 cum
1571 504 1666 533 horum

928 551 1070 590 przemium
1083 551 1177 579 caelum
1193 551 1238 584 sit,
1255 557 1279 579 et
1294 550 1436 589 purissima
1452 550 1497 578 illa
1512 550 1579 579 bona
1590 572 1597 584 ‚
1609 561 1668 588 qnae

928 608 976 625 nec
990 597 1079 625 verbis
1094 597 1157 625 ullis
1177 597 1307 636 explicari
1326 605 1438 635 queunt,
1457 608 1505 626 nec
1519 598 1599 626 finem
1620 598 1667 626 ha-

927 646 1006 677 bent,
1024 655 1118 673 verum
1134 644 1310 673 immortalem
1325 646 1441 673 fructum
1460 652 1538 683 atque
1552 645 1667 674 oblecta-

928 692 1025 720 tionem
1045 690 1189 730 przehent?
1205 703 1218 717 n
1237 691 1282 719 Sic
1299 691 1391 730 paucis
1408 691 1452 719 ille
1469 692 1559 720 verbis
1577 700 1667 721 narrat

926 744 1024 776 quanta
1040 744 1065 765 et
1082 747 1163 774 qnam
1181 736 1239 765 dira
1263 748 1338 775 passa
1356 738 1390 766 sit
1409 738 1568 777 Olympias,
1586 739 1666 767 etiam

926 791 1067 823 postquam
1085 783 1312 821 Constantinopoli
1331 784 1407 822 pulsa
1423 784 1517 813 fuerat.
1532 785 1596 813 Haec
1614 785 1666 813 sibi

925 828 1090 858 succedentia
1106 829 1176 857 mala
1192 828 1384 868 Olympiadem
1396 829 1422 857 in
1436 829 1591 858 moestitiam
1603 840 1665 858 con-

920 877 1039 916 jecerant
1056 886 1062 903 :
1084 882 1247 914 quapropter
1267 875 1334 903 nihil
1353 885 1405 903 non
1426 875 1481 913 agit
1502 875 1663 914 Clu-ysosto-

923 932 994 955 mus,
1011 928 1040 950 nt
1053 921 1127 950 illam
1142 932 1189 960 spe
1199 921 1353 950 futurorum
1369 921 1512 957 honorum,
1526 932 1584 959 quae
1594 923 1665 961 ejus-

924 969 996 997 modi
1016 968 1148 997 continuis
1165 968 1292 997 aerumnis
1312 968 1425 996 mirifice
1442 968 1562 1006 augenda
1579 976 1663 1004 crant,

923 1016 957 1044 ad
970 1016 1059 1044 omnia
1074 1015 1219 1055 patienter,
1234 1015 1288 1043 imo
1303 1014 1447 1052 tranquille
1463 1014 1569 1042 ferenda
1584 1014 1665 1043 indu-

923 1069 975 1092 cat.

964 1109 1126 1143 Anthemio,
1150 1108 1196 1146 qui
1217 1108 1308 1136 consul
1330 1108 1381 1137 hoc
1401 1118 1470 1136 anno
1490 1108 1548 1136 405
1567 1107 1666 1136 electus

923 1156 1020 1190 fuerat,
1037 1166 1067 1183 ac
1085 1162 1209 1194 praeterea
1228 1156 1371 1184 Praesectns
1386 1154 1504 1182 Praetorii
1523 1161 1592 1187 erat,
1608 1154 1665 1192 cpi-

924 1200 1018 1229 stolam
1034 1203 1088 1230 147
1105 1201 1208 1236 scribit,
1223 1212 1275 1239 qna
1293 1201 1343 1240 ipsi
1360 1206 1389 1228 ut
1403 1199 1489 1228 amico
1504 1200 1663 1237 gratulatur,

924 1246 1010 1283 magis
1025 1247 1059 1275 ob
1075 1247 1213 1283 virtutem,
1230 1256 1311 1284 qnam
1331 1245 1365 1273 ob
1380 1256 1478 1273 novam
1496 1245 1663 1283 dignitatem.

924 1292 1095 1332 Quapropter
1110 1293 1142 1321 iis
1157 1293 1236 1321 etiam
1251 1291 1419 1331 gratulatur,
1435 1291 1481 1328 qui
1499 1291 1597 1329 injuste
1616 1292 1663 1319 la}-

922 1336 1070 1374 debantnr3
1087 1337 1229 1376 imperium
1239 1337 1310 1365 enim
1321 1336 1376 1374 ejus
1389 1346 1557 1364 communem
1572 1346 1663 1364 eornm

923 1384 968 1422 qui
985 1384 1081 1422 injuria
1097 1384 1281 1412 asticiebantur
1296 1389 1402 1421 portum
1415 1382 1469 1409 fore
1485 1381 1606 1419 putabat.

963 1431 1054 1459 Primo
1076 1441 1137 1459 verc
1161 1430 1370 1469 Chrysostomus
1394 1427 1577 1455 valetudinem
1599 1438 1664 1466 pene

922 1478 1052 1515 integram
1072 1476 1251 1516 recuperavit.
1272 1477 1375 1505 Verum
1396 1473 1491 1508 Isauri,
1513 1473 1559 1510 qni
1575 1473 1663 1502 hiber-

923 1535 957 1552 no
971 1531 1091 1562 tempore
1106 1523 1139 1551 ad
1155 1523 1210 1550 loca
1228 1532 1274 1550 sna
1293 1519 1403 1554 reversi,
1419 1520 1453 1547 ab
1468 1519 1664 1547 incursionibus

922 1569 1089 1605 destiterant,
1105 1569 1232 1597 redeunte
1251 1578 1322 1601 vere,
1339 1577 1386 1605 per
1404 1576 1494 1593 omnes
1513 1565 1569 1593 vias
1587 1566 1664 1593 el'snsi

924 1622 1002 1651 sunt;
1024 1615 1059 1643 ita
1081 1622 1110 1643 ut
1130 1615 1210 1643 etiam
1229 1614 1356 1652 ingenuas
1375 1619 1509 1640 matronas
1530 1619 1664 1650 caperent,

924 1669 949 1690 et
964 1662 1047 1698 viros,
1061 1661 1107 1699 qui
1125 1661 1150 1689 in
1163 1671 1254 1689 eorum
1271 1669 1365 1687 manns
1379 1657 1538 1692 inciderant,
1553 1658 1665 1686 obtrun-

925 1714 1023 1736 carent.
1046 1709 1217 1746 Quapropter
1236 1717 1296 1734 cnm
1314 1704 1402 1733 aditus
1424 1714 1514 1732 omnes
1529 1704 1664 1732 interclusi

923 1760 1018 1787 essent,
1032 1753 1173 1781 Theodoto
1187 1752 1312 1787 diacono,
1325 1751 1368 1779 cui
1381 1750 1520 1789 epistolam
1533 1750 1590 1777 ’ΜΟ
1601 1750 1666 1777 scri-

924 1800 978 1832 bit,
993 1807 1016 1827 et
1033 1810 1114 1838 supra
1127 1805 1272 1827 memorata
1289 1803 1420 1831 recenset,
1439 1803 1468 1823 nt
1483 1796 1533 1823 sibi
1548 1795 1667 1833 ignoscat

924 1847 1000 1886 petit,
1013 1846 1084 1884 quod
1098 1857 1125 1874 ea
1136 1846 1170 1873 dc
1182 1855 1259 1872 causa
1272 1853 1324 1871 non
1338 1843 1487 1879 frequenter
1499 1841 1538 1869 illi
1551 1841 1665 1880 scripse-

925 1893 968 1920 rit.
984 1892 1052 1919 Cum
1068 1902 1131 1919 vcro
1149 1891 1227 1918 sciret
1244 1889 1320 1916 illum
1338 1887 1370 1915 de
1381 1886 1535 1915 valetudiue
1547 1897 1594 1914 sua
1605 1897 1665 1914 ccr-

924 1939 1021 1967 tiorem
1039 1937 1097 1965 ficri
1117 1947 1223 1974 cupere,
1241 1935 1307 1963 dicit
1323 1933 1364 1961 illi
1378 1944 1405 1961 se
1420 1932 1556 1971 superiore
1571 1932 1666 1971 hyeme

925 1985 1004 2023 gravi
1021 1984 1113 2012 morbo
1134 1989 1290 2020 (egrotasse,
1306 1989 1376 2008 nunc
1390 1989 1453 2007 vero
1468 1978 1609 2017 paululum
1626 1989 1666 2006 re-

926 2039 1044 2060 creatum
1069 2041 1145 2066 esse;
1169 2029 1214 2057 sed
1239 2039 1273 2057 cx
1298 2027 1366 2056 aeris
1393 2027 1569 2055 inconstantia
1596 2037 1666 2054 nunc

926 2088 1032 2116 quoque
1046 2075 1349 2115 pertin-bari,etiamque
1361 2081 1425 2102 tunc
1439 2072 1526 2101 denuo
1542 2072 1666 2111 hyemem

926 2125 1033 2162 vigere3
1056 2133 1161 2161 sperare
1183 2129 1281 2153 tamen,
1307 2130 1368 2148 cum
1390 2126 1465 2147 aestas
1484 2118 1624 2155 effulserit,
1640 2129 1667 2146 se

926 2170 1013 2198 morbi
1030 2169 1155 2206 reliquias
1174 2166 1359 2205 depositurum
1378 2175 1442 2193 esse.
1465 2164 1549 2192 Addit
1570 2174 1667 2204 corpus

926 2227 1006 2244 sunm
1023 2215 1096 2242 nulla
1117 2224 1144 2241 re
1165 2224 1241 2251 aeque
1258 2211 1427 2247 labefactari,
1442 2217 1471 2238 ut
1492 2211 1602 2249 frigore,
1619 2221 1667 2239 nec

927 2271 1020 2289 rursus
1041 2260 1095 2287 ulla
1112 2270 1139 2287 re
1157 2269 1231 2296 :eque
1245 2256 1351 2297 juvari,
1373 2263 1403 2284 ut
1423 2263 1514 2285 aestate
1528 2264 1552 2284 et
1572 2257 1666 2286 caloris
1677 2275 1712 2293 tos

928 2306 1032 2335 solatio.

970 2352 1090 2387 Eodem,
1117 2358 1147 2379 ut
1176 2357 1301 2389 putatur,
1327 2359 1396 2377 anno
1427 2348 1524 2376 aestatis
1552 2355 1669 2387 tempore

931 2398 1087 2427 Theodotus
1112 2397 1239 2425 diaconus
1274 2396 1500 2434 Chrysostomnm
1534 2395 1669 2423 invisurus

930 2447 1066 2475 Cucusum
1085 2445 1157 2474 venit
1174 2456 1179 2471 ε
1195 2455 1225 2472 ac
1244 2450 1304 2483 post
1324 2436 1471 2472 discessum
1491 2443 1552 2471 inde
1573 2453 1667 2477 suum,

929 2503 1008 2532 quem
1033 2492 1140 2521 moleste
1164 2490 1225 2519 tulit
1247 2491 1362 2519 joannes
1388 2497 1490 2523 noster,
1513 2489 1560 2517 din
1588 2488 1669 2517 tacuit

928 2540 984 2575 itte,
997 2549 1045 2568 nec
1058 2538 1253 2577 Chrysostomo
1268 2537 1358 2565 literas
1377 2535 1460 2564 misit.
1478 2537 1537 2571 Qua
1554 2534 1587 2562 de
1601 2545 1669 2562 cau-

929 2597 955 2614 sa
971 2586 1016 2614 ille
1031 2584 1171 2624 epistolam
1184 2585 1223 2612 3¹.)
1238 2583 1361 2621 scripsit,
1375 2593 1426 2620 qua
1443 2589 1546 2610 tantum
1559 2582 1616 2620 ejus
1632 2582 1670 2608 si-

929 2632 1041 2661 lentium
1055 2630 1142 2659 amico
1158 2629 1246 2658 animo
1262 2629 1346 2667 carpit
1364 2651 1372 2667 ,
1391 2638 1476 2665 neque
1498 2638 1573 2666 posse
1590 2627 1667 2654 illuni
