1950 2922
271 216 339 261 ¹74
748 224 777 248 s.

305 289 347 317 6⁰.
356 287 438 324 Quod
449 288 584 327 explicare
597 287 705 324 debeat,
714 297 772 325 qum
784 286 837 314 sint
850 285 904 314 itlae
918 285 1008 322 surim,

263 340 290 363 et
311 333 377 372 quid
398 334 449 363 sibi
471 334 536 363 velit
560 333 646 367 illud,
668 333 794 361 Exsulto
813 338 842 360 et
864 333 1006 361 insanio:

265 380 313 408 has
327 380 397 408 enim
413 380 530 408 Ecclesia
543 390 621 408 voees
637 379 750 417 ignorat.

306 429 346 456 7⁰.
362 427 443 462 Quod
467 427 599 455 licentiam
616 426 799 465 peccatoribus
821 426 949 465 praeberet
964 425 1007 454 di-

267 483 328 502 cens
342 484 372 500 z«
385 473 413 502 Si
430 473 525 500 iterum
547 472 657 511 peccasti
671 494 678 507 ,
701 473 797 500 iterum
821 471 1006 510 poenitentiam

266 529 332 557 age,
345 525 369 546 et
386 518 486 556 quoties
501 518 669 558 peccaveris,
683 518 743 547 veni
756 518 790 546 ad
805 528 846 546 me
860 528 866 546 :
880 524 904 546 et
922 527 970 556 ego
983 524 1008 546 te

266 565 400 593 sanabo.»

306 609 348 639 8⁰.
373 609 453 644 Quod
479 609 505 638 in
533 609 641 638 ecclesia
666 609 878 648 blasphemasset
898 608 1004 644 dicens,

265 655 403 684 Christum
431 663 583 695 precantem
602 655 662 684 ideo
677 666 727 684 non
743 655 902 684 exauditum
918 655 1010 691 fuisse,

265 702 338 740 quod
354 712 404 730 uon
422 709 450 730 ut
465 702 603 741 oportebat
616 709 739 741 precatus
754 709 829 731 esset.

306 749 347 776 9⁰.
360 747 440 782 Quod
463 748 498 776 ad
521 748 678 777 seditionem
704 749 834 788 populum
858 748 1009 783 excitaret,

274 793 352 822 eiiam
365 793 495 823 adversus
506 794 657 833 Synodum.

309 840 369 868 10⁰.
388 839 469 875 Quod
485 840 605 878 gentiles,
625 841 672 878 qni
692 840 779 869 multa
793 840 864 868 mala
879 839 1011 868 Christia-

267 886 308 913 nis
323 885 485 919 intulerant,
503 886 678 926 suscepisset,
695 894 719 915 et
735 887 762 915 iu
783 886 892 915 ecclesia
910 887 1009 915 retine-

267 938 308 960 ret
320 938 398 969 atque
409 931 569 960 defenderet.

312 979 373 1006 11⁰.
395 977 477 1014 Quod
499 978 598 1006 alienas
627 978 764 1008 invaderet
788 978 961 1018 provincias,
985 985 1010 1008 et

268 1023 370 1052 ibidem
385 1023 524 1063 episcopos
543 1023 687 1053 ordinaret.

312 1071 372 1098 120.
383 1070 461 1104 Quod
487 1070 624 1109 episcopos
648 1070 810 1099 contumelia
833 1071 971 1108 afficeret,
986 1077 1011 1099 et

142 1129 209 1151 'Haee
219 1115 285 1150 vox*
299 1115 472 1154 ἐκπιγγάτους
483 1116 589 1155 juberet
608 1117 707 1156 expelli
723 1128 737 1145 e
752 1116 833 1145 domo
847 1128 903 1145 sua.

118 1162 193 1213 ἔιῐὲέἰῐτὲ
217 1161 260 1181 vi-
315 1163 375 1190 15⁰.
394 1161 473 1198 Quod
494 1162 604 1191 clericos
621 1162 755 1192 inusitatis
770 1163 939 1192 contumeliis
955 1163 1013 1191 asti-

271 1214 349 1236 ceret.

312 1254 374 1282 14⁰.
390 1253 471 1288 Quod
485 1254 601 1282 aliorum
614 1254 734 1294 deposita
746 1255 774 1285 vi
790 1262 902 1295 raperet.

315 1301 376 1329 15⁰.
393 1299 473 1334 Quod
497 1300 553 1328 sine
569 1308 702 1329 conventu
718 1308 743 1330 et
766 1309 863 1341 praeter
885 1301 956 1331 Cleri
970 1312 1015 1331 vo-

273 1345 403 1374 luntatem
420 1345 599 1374 ordinationes
615 1347 720 1376 faceret.

313 1393 374 1421 16⁰.
396 1391 475 1426 Quod
498 1392 664 1429 Origeuistas
694 1393 839 1432 reciperet,
865 1393 1016 1422 eommuni—

273 1445 360 1467 cantes
384 1449 445 1466 vero
468 1449 528 1466 cum
544 1438 678 1475 Ecclesia,
693 1439 796 1468 etiamsi
820 1439 1015 1468 commendati-

273 1485 323 1513 tias
345 1484 436 1512 literas
456 1484 581 1512 asseri-ent
594 1507 602 1521 ,
621 1485 646 1513 in
661 1495 792 1513 carcerem
808 1485 939 1524 conjectos
962 1495 1013 1513 nou

271 1531 401 1569 eriperet,
419 1530 472 1558 imo
485 1530 546 1558 illos
568 1530 594 1558 in
618 1541 722 1559 carcere
737 1531 879 1559 morientes
902 1541 955 1559 non
976 1531 1015 1559 in-

274 1577 381 1605 viseret.

315 1625 374 1651 170.
390 1622 470 1657 Quod
481 1622 580 1651 alienos
593 1633 683 1651 servos
693 1623 811 1651 nondum
823 1623 1016 1659 manumissos,

273 1669 327 1697 imo
342 1669 421 1698 etiam
436 1676 589 1704 accusatos,
603 1669 740 1708 episcopos
753 1669 913 1698 ordinasset.

315 1716 376 1745 18⁰.
391 1715 471 1751 Quod
492 1715 580 1753 ipsum
604 1715 735 1744 Isaacium
759 1715 828 1743 male
853 1726 921 1754 saepe
943 1715 1017 1743 mul-

275 1769 378 1791 etasset.

316 1808 438 1836 Primum
452 1817 515 1836 vero
527 1814 608 1846 eaput
621 1807 654 1835 de
666 1808 767 1837 Joanne.
778 1807 911 1836 Monaeho
923 1830 931 1842 ,
945 1808 1016 1845 quod

274 1854 331 1893 jam
355 1860 430 1881 antea
454 1853 636 1881 examinatum
658 1853 757 1888 suerat,
781 1853 869 1882 denuo
895 1861 1018 1883 excutere

276 1899 429 1927 noluerunt.
444 1899 497 1928 Sed
513 1899 547 1927 de
562 1898 677 1927 secundo
687 1922 694 1935 ,
709 1900 781 1937 quod
798 1910 892 1939 nempe
904 1901 934 1929 S.
948 1900 1018 1940 Epi-

276 1945 393 1984 phanius
414 1956 444 1973 eo
471 1945 542 1983 qnod
567 1945 727 1983 Origenistis
748 1946 868 1980 faveret,
887 1957 948 1974 eum
972 1947 1018 1975 illo

277 1991 476 2019 communicare
492 1991 617 2019 noluisset
628 2014 635 2025 ,
651 1991 828 2030 perquisitum
843 1992 906 2024 fuit:
923 1993 1019 2021 simili-

280 2045 371 2075 terque
385 2038 418 2066 de
433 2038 545 2076 septimo
557 2060 564 2071 ‚
578 2038 603 2065 in
619 2048 671 2075 quo
686 2044 755 2066 ccrtc
777 2037 847 2066 nihil
860 2048 874 2066 a
888 2038 1018 2067 Christia—

277 2093 310 2111 na
334 2083 476 2122 disciplina
500 2083 618 2111 alienum
643 2083 861 2122 deprehenditur.
883 2085 923 2112 De
941 2086 1018 2114 tertio

277 2136 366 2167 postca
379 2137 466 2157 aetum
484 2130 546 2164 fuit,
558 2129 583 2157 in
602 2140 653 2167 quo
667 2129 768 2157 dicitur
783 2130 1016 2169 Chrysostomum‚

277 2175 322 2213 qui
341 2176 412 2203 solus
427 2175 547 2213 quotidie
562 2175 730 2209 comederet,
749 2175 959 2215 hospitalitatem
973 2175 1019 2203 de—

277 2221 378 2259 spicere
392 2221 547 2249 videretur:
562 2229 691 2259 testesque
714 2222 830 2250 adhibiti
855 2229 917 2250 sunt
940 2224 1020 2251 Arsa-

277 2266 336 2294 cius
349 2267 499 2306 presbyter,
509 2268 554 2305 qui
571 2275 659 2306 postca
674 2268 866 2307 Chrysostomo
878 2269 1019 2298 successit:

279 2313 394 2350 itemque
419 2313 520 2340 Atticus
542 2320 567 2341 et
589 2313 716 2352 Elpidius
730 2315 898 2353 presbyteri,
913 2315 958 2352 qui
975 2325 1021 2342 ne-

280 2358 336 2385 scio
357 2357 425 2395 quid
448 2357 510 2386 inde
532 2358 726 2387 criminationis
748 2370 840 2388 eruere
861 2367 1020 2399 potuerunt,

280 2403 354 2441 quod
378 2414 471 2442 nempe
494 2404 590 2442 przcsul
614 2411 665 2432 tam
697 2405 880 2442 frequentibus
903 2406 1022 2445 eorporis

282 2449 487 2488 :egritudinibus
499 2450 621 2477 laborans
635 2450 705 2478 solus
719 2452 878 2481 comederet.
894 2453 947 2491 Ipsi
958 2464 1023 2490 quo-

283 2506 334 2533 que
349 2506 409 2523 cnm
421 2496 516 2523 Acacio
532 2495 686 2534 presl.»ytcr0
701 2496 735 2524 de
747 2505 840 2534 quarto
853 2499 1022 2527 criminatio-

284 2552 348 2569 num
366 2541 542 2580 capite‚'qiiod
566 2552 660 2580 nempe
679 2543 792 2571 Joauncs
815 2544 841 2571 in
858 2545 966 2573 ecelesia
981 2545 1024 2573 di-

285 2588 384 2624 xisset,
411 2590 530 2616 Mensam
554 2599 608 2616 esse
632 2589 763 2617 furiarum
796 2591 901 2628 plenam
913 2614 921 2627 ‚
948 2599 1024 2620 testes

286 2634 403 2662 suerunt.
415 2634 558 2672 Postquam
571 2641 658 2663 autem
673 2633 730 2663 haze
744 2645 854 2664 excussa
864 2636 947 2673 fuere,
958 2648 1025 2675 prze-

807 223 949 247 JOANNIS
976 223 1214 247 CHRYSOSTOMK
1239 222 1333 255 VITA,

1040 1554 1042 1557 .
1070 1532 1150 1561 Jubet
1167 1531 1211 1560 ille
1224 1531 1322 1559 intrare
1336 1541 1389 1560 eos.
1406 1531 1519 1569 Ingressi
1534 1531 1573 1559 illi
1586 1530 1726 1559 schedulas
1742 1540 1812 1569 pro-

1062 285 1130 315 dieti
1146 286 1300 326 presbyteri
1313 309 1320 321 ‚
1331 291 1358 314 et
1371 295 1432 314 cum
1445 285 1510 325 ipsis
1523 286 1602 315 etiam
1614 285 1762 316 Eudaemon
1776 293 1802 316 et

1065 333 1218 367 Onesimus,
1235 332 1391 361 sententiam
1407 331 1548 360 accelerari
1559 333 1739 372 postularunt.

1102 379 1164 407 Haec
1187 385 1243 407 aeta
1268 390 1282 406 a
1307 378 1405 407 Photio
1424 376 1504 406 allata
1525 385 1553 406 ut
1573 386 1696 418 suspecta
1713 379 1801 418 rejicit

1061 424 1193 453 Bai-ouius
1206 436 1214 461 3
1229 435 1323 453 verum
1336 435 1351 452 a
1362 423 1536 452 Tillemontio
1547 423 1660 462 aliisque
1672 425 1738 454 viris
1753 425 1803 454 do-

1061 470 1185 499 ctissimis
1204 472 1264 510 jure
1285 469 1450 510 exploditur.
1469 471 1532 498 Acta
1556 470 1627 498 enim
1648 470 1693 499 illa
1714 481 1754 499 res
1774 478 1804 500 ut

1061 527 1123 545 vere
1145 524 1224 555 gestae
1240 524 1301 546 sunt
1321 517 1475 551 enuntiant,
1491 524 1515 545 et
1541 527 1603 545 eum
1629 516 1752 545 Palladio
1775 517 1803 545 in

1061 563 1186 591 omnibus
1218 563 1269 592 scre
1291 563 1457 591 consentiunt
1477 563 1522 591 :in
1548 562 1711 600 quibusdam
1731 563 1803 591 enim

1061 609 1142 638 etiam
1159 610 1273 638 Palladii
1293 620 1350 638 aevo
1366 611 1435 638 circa
1449 620 1490 638 res
1504 616 1529 638 et
1543 616 1601 637 acta
1619 608 1742 647 quaedam
1754 619 1804 638 va-

1062 655 1108 684 riae
1121 663 1196 684 erant
1208 655 1343 694 opiniones
1357 679 1364 690 ,
1376 662 1405 684 ut
1423 656 1447 683 in
1468 655 1639 694 sequentibus
1653 655 1803 684 videbitur.

1063 703 1193 729 Actorum
1213 701 1293 729 etiam
1306 712 1320 729 a
1336 701 1430 729 Photio
1453 700 1649 740 descriptorum
1667 701 1806 730 veritatem

1063 747 1158 785 probat
1171 747 1303 776 accusatio
1316 747 1361 775 illa
1373 747 1477 785 quinta,
1489 757 1540 785 qua
1548 746 1648 775 dicitur
1661 747 1686 775 in
1703 747 1807 776 concio-

1064 804 1096 822 ne
1123 794 1241 832 quadam
1268 794 1318 822 hoc
1341 794 1481 833 protulisse
1496 817 1502 828 ,
1517 794 1655 832 μαίνομαι,
1676 796 1804 823 insanio.

1065 840 1132 874 Quae
1147 850 1202 868 vox
1218 839 1334 868 habetur
1352 840 1428 868 initio
1444 839 1593 874 concionis,
1610 850 1689 877 quam
1711 840 1807 868 habuit

1064 886 1190 915 Eudoxia
1201 889 1320 924 Augusta
1331 893 1558 925 praesente,quam
1569 885 1723 914 concionem
1734 888 1807 914 nun'c

1065 932 1184 971 primum
1199 933 1333 961 edidimus
1346 934 1381 961 T.
1400 930 1462 961 KH.

1105 980 1149 1009 Ex
1173 979 1238 1007 actis
1266 979 1331 1018 ipsis
1358 985 1495 1007 mutuatus
1521 977 1636 1007 Photius
1670 978 1808 1017 episcopos

1065 1025 1207 1065 Synodum
1218 1025 1292 1053 illam
1303 1025 1491 1053 constituentes
1502 1024 1678 1063 quadraginta
1691 1024 1809 1062 quinque

1066 1082 1176 1100 numero
1190 1071 1270 1100 fuisse
1283 1070 1359 1099 dicit.
1377 1071 1481 1099 Verum
1495 1070 1563 1098 fides
1580 1070 1668 1110 potius
1682 1069 1807 1098 habenda

1065 1117 1253 1156 Palladio.qui
1268 1117 1376 1156 triginta
1389 1123 1548 1145 sextantum
1563 1117 1644 1144 fuisse
1658 1122 1806 1152 asseverat;
1835 1123 1919 1144 pallad.

1065 1165 1137 1192 itaut
1145 1164 1230 1202 major
1241 1170 1304 1191 tune
1317 1163 1503 1202 episcoporum
1514 1173 1639 1191 numerus
1652 1173 1712 1191 cum
1725 1163 1808 1192 Joan-
1819 1161 1858 1185 7¹·

1066 1220 1098 1238 ne
1113 1217 1179 1238 esset
1196 1222 1201 1237 z
1218 1220 1278 1237 nam
1295 1208 1471 1247 quadraginta
1486 1219 1596 1237 numero
1608 1216 1683 1237 erant
1697 1219 1810 1245 congre-

1067 1256 1135 1294 gati,
1147 1255 1191 1293 qui
1207 1255 1335 1284 adversus
1349 1254 1532 1294 Theophilum
1545 1255 1714 1293 septuaginta
1732 1255 1810 1283 libel-

1066 1302 1107 1330 los
1120 1302 1264 1336 habebant,
1277 1302 1415 1330 manifesta
1429 1301 1545 1340 piacula,
1557 1301 1704 1341 προδήλους
1713 1302 1809 1339 ἀθεμι-
1844 1307 1925 1329 pallad.

1067 1347 1198 1386 τουργίας,
1214 1347 1385 1378 continentes,
1401 1348 1474 1375 Dum
1489 1347 1529 1375 illi
1540 1346 1574 1375 de
1589 1347 1668 1375 rebus
1683 1346 1810 1375 ecclesia·
1820 1338 1859 1370 ⁶9*
1870 1345 1910 1370 7⁰·

1069 1394 1142 1422 sticis
1163 1404 1309 1422 sermonem
1336 1393 1463 1422 baberent
1475 1415 1483 1430 ,
1497 1393 1649 1421 nuntiatum
1665 1399 1702 1421 est
1718 1392 1811 1421 adesse

1070 1440 1114 1478 qui
1129 1450 1142 1467 a
1155 1439 1307 1478 Theophilo
1322 1439 1396 1467 missi
1410 1445 1514 1473 essent,
1532 1449 1626 1478 nempe
1647 1439 1810 1467 Dioscorum

1070 1493 1095 1514 et
1111 1485 1223 1514 Paulum
1236 1508 1242 1520 ‚
1259 1485 1305 1523 qui
1323 1495 1407 1524 nuper
1419 1495 1433 1513 e
1449 1485 1535 1524 Libya
1557 1485 1674 1512 ordinati
1694 1485 1810 1513 fuerant.

1071 1578 1174 1613 serunt,
1185 1588 1250 1615 quas
1261 1577 1346 1605 voluit
1362 1578 1477 1606 Joannes
1489 1577 1553 1615 legi.
1572 1577 1651 1605 Tunc
1663 1577 1759 1615 jubent
1770 1576 1811 1604 illi
1823 1585 1858 1605 148

1071 1623 1217 1662 Theophili
1233 1634 1345 1662 puerum
1356 1624 1465 1662 degere,
1477 1623 1532 1651 haec
1552 1629 1640 1650 autem
1662 1623 1688 1650 in
1707 1622 1813 1651 schedis

1070 1669 1222 1698 serebantur
1240 1680 1246 1697 ε
1263 1681 1277 1696 α
1291 1669 1387 1698 Sancta
1400 1669 1526 1708 Synodus
1545 1667 1579 1696 ad
1593 1668 1730 1703 Quercum
1751 1678 1801 1696 con

1071 1722 1187 1754 gregata.
1203 1712 1324 1744 Libellos
1337 1715 1488 1754 accepimus
1502 1714 1646 1743 adversum
1663 1714 1812 1750 1e‚infiniia

1071 1762 1182 1790 crimina
1198 1761 1368 1790 continentes.
1391 1760 1488 1789 Adesto
1504 1761 1585 1799 igitur
1598 1782 1606 1798 ,
1623 1768 1714 1789 tecum
1726 1759 1815 1789 addu-

1072 1818 1131 1836 cens
1154 1808 1326 1847 Serapionem
1354 1814 1380 1835 et
1406 1806 1533 1845 Tigrium
1559 1806 1731 1846 presbyteros
1753 1818 1760 1834 ε
1781 1806 1814 1834 iis

1071 1854 1142 1882 enim
1158 1865 1226 1893 opus
1239 1859 1287 1884 est.
1302 1865 1315 1880 υ

1929 1577 1932 1639 t

1929 1640 1932 1685 i

1111 1902 1225 1931 Joanncs
1237 1923 1245 1935 ,
1262 1901 1301 1929 uti
1319 1911 1399 1940 supra
1415 1900 1535 1929 diximus
1548 1922 1555 1935 ,
1570 1910 1597 1928 se
1618 1907 1741 1939 paratum
1759 1910 1815 1929 esse
1825 1913 1852 1935 p,
1866 1919 1904 1941 7⁰·

1074 1947 1209 1986 professus
1223 1947 1307 1975 fuerat
1326 1946 1352 1974 in
1372 1945 1483 1985 Synodo
1499 1945 1533 1973 ad
1553 1946 1688 1980 Quercum
1704 1956 1815 1984 compa-

1073 2003 1141 2029 rere,
1153 1992 1300 2020 dummodo
1314 1992 1480 2031 exjudicum
1490 2002 1600 2020 numero
1615 1991 1772 2020 tollerentur
1782 1992 1813 2027 ii,

1072 2039 1117 2077 qui
1132 2045 1223 2078 aperte
1235 2039 1334 2067 inimici
1350 2038 1392 2066 sui
1406 2045 1480 2066 erant
1496 2049 1502 2066 :
1518 2048 1613 2077 nempe
1628 2037 1795 2076 Theophilus
1805 2059 1813 2072 ,

1073 2085 1242 2120 Severianus,
1252 2085 1398 2113 Antiochus
1411 2091 1435 2112 et
1448 2086 1570 2113 Aeacius.
1581 2085 1684 2112 Verum
1697 2083 1816 2122 episcopi

1073 2137 1136 2159 tunc
1151 2141 1213 2159 cum
1232 2132 1334 2160 Joanue
1348 2129 1499 2168 congregati
1515 2152 1522 2163 ‚
1543 2136 1595 2157 tres
1614 2129 1752 2168 episcopos
1767 2128 1817 2156 mi-

1073 2183 1163 2205 serunt
1177 2176 1211 2204 ad
1223 2175 1417 2215 Theophilum,
1426 2186 1520 2214 nempe
1532 2175 1706 2214 Lupicinum,
1722 2176 1817 2203 Deme-

1074 2224 1156 2252 trium
1171 2231 1195 2252 et
1206 2224 1360 2262 Eulyshum,
1372 2223 1592 2262 presbyterosque
1607 2222 1686 2256 duos,
1702 2223 1819 2251 Get-ma-

1075 2281 1137 2299 num
1151 2277 1230 2308 atque
1241 2271 1369 2299 Severum
1380 2292 1387 2305 ,
1399 2269 1470 2297 viros
1482 2275 1585 2297 sanctos
1599 2275 1624 2297 et
1639 2268 1692 2297 fide
1706 2268 1816 2307 dignos,

1074 2317 1119 2354 qui
1135 2315 1287 2355 Theophilo
1302 2315 1418 2343 dicerent
1433 2326 1438 2342 :
1455 2327 1468 2341 «
1484 2314 1544 2342 «Noti
1559 2325 1599 2342 res
1614 2314 1738 2343 Ecclesiae
1754 2314 1818 2342 snb-

1076 2369 1258 2398 vertere‚ncc›
1276 2361 1424 2391 Ecclesiam
1450 2360 1587 2395 scindere,
1602 2367 1710 2399 propter
1735 2371 1816 2398 quam

1076 2410 1149 2437 Deus
1169 2408 1195 2436 in
1217 2418 1321 2436 earnem
1343 2406 1488 2435 descendit.
1504 2407 1532 2435 Si
1554 2413 1643 2434 autem
1669 2405 1818 2434 inordinate

1077 2455 1198 2484 Nicaenos
1216 2464 1327 2482 canones
1349 2453 1483 2482 subvertis
1497 2460 1671 2480 trecentorum
1687 2451 1778 2480 decem
1793 2459 1819 2480 et

1078 2508 1137 2528 octo
1157 2501 1340 2539 episcoporum
1350 2522 1356 2533 ‚
1369 2506 1393 2528 et
1409 2506 1483 2527 extra
1501 2499 1597 2527 limites
1609 2497 1797 2536 litemjudicas
1810 2509 1816 2525 :

1075 2547 1131 2584 jam
1149 2546 1244 2574 melius
1257 2547 1346 2582 facito,
1360 2546 1442 2573 transi
1458 2545 1492 2573 ad
1505 2556 1552 2573 nos
1566 2544 1592 2572 in
1605 2544 1697 2572 urbem
1709 2544 1819 2582 optimis

1078 2592 1183 2630 legibus
1195 2591 1342 2627 fundatam,
1355 2601 1401 2620 nec
1416 2601 1489 2619 more
1504 2590 1580 2618 Caini
1597 2589 1706 2618 Abelem
1722 2600 1818 2628 provo·

1079 2648 1120 2666 ecs
1132 2637 1158 2666 in
1171 2648 1312 2676 campum,-
1329 2644 1357 2665 ut
1372 2648 1418 2666 uos
1433 2644 1458 2666 te
1473 2637 1546 2675 prius
1560 2636 1710 2665 audiamus.
1727 2636 1816 2665 Habe-
