1884 2922
722 234 825 257 nnttx
853 235 979 258 RERUM.
1553 240 1568 260 ἲ,

79 301 253 326 111.271.1v.
265 301 329 326 616.
344 309 370 324 A.
384 296 432 326 Dei
445 296 548 325 auxilio
558 296 618 330 niti,
631 296 700 325 nihil
710 297 815 326 fortius.

77 348 123 370 tv.
138 346 202 370 669.
216 342 333 376 E.Qucm
354 342 425 369 Deus
436 342 524 379 juvat,
543 351 572 369 eo
587 340 655 368 nihil
669 341 816 369 robustius.

78 392 122 414 ῙΥ.
139 390 201 413 586.
219 397 247 414 Β.
272 387 357 414 Deum
371 385 530 413 habentibus
544 385 660 413 amicum
677 385 765 413 omnia
782 385 818 412 [1-

78 429 139 457 cilia
150 436 238 458 erunt.
256 437 298 458 ΙΥ.
309 435 374 458 649.
390 437 453 459 cx.
464 434 507 458 62.
520 440 546 457 c.
561 430 632 458 Dens
645 430 702 458 vult
713 440 760 458 nos
775 440 819 458 co-

79 475 183 513 operari
205 474 308 502 auxilio
324 484 383 502 suo.
396 481 442 502 ΙΥ.
455 478 518 502 596.
538 486 564 503 Α,
579 474 629 501 Dei
642 474 774 502 auxilium
791 474 818 501 in

79 518 178 556 quibus
200 518 384 556 quaerendum.
407 525 451 547 ΙΥ.
468 523 532 546 540.
545 530 571 546 c.
584 518 651 556 Ejus
671 528 764 546 manus
781 525 819 546 est

79 562 212 591 auxilium
226 563 292 601 ejus.
311 569 355 590 ΙΥ.
383 567 446 590 558.
466 573 491 590 c.
510 563 559 590 Dei
569 562 730 599 benignitas,
747 561 819 599 quod

80 616 132 634 non
148 606 234 634 solum
249 606 383 634 auxilium
409 606 525 644 praebeat
541 616 589 644 pro
604 605 683 634 modo
707 605 819 633 necessi-

80 651 153 686 tatis,
163 650 208 678 sed
220 652 299 679 etiam
311 650 441 689 postulata
456 656 612 687 supetatX.
623 654 685 678 404.
697 660 722 677 c.
733 649 761 677 Si
772 660 820 678 ve-

79 694 171 730 limus,
184 701 308 733 operatut·
323 694 348 722 in
362 694 437 722 uobis
456 695 537 722 Deus.
557 700 603 721 XI.
621 698 686 722 296.
703 705 728 722 Β.
748 694 819 721 Deus

78 738 212 766 auxilium
229 739 328 778 praebet
349 748 398 777 pro
413 737 492 766 modo
510 737 680 765 necessitatis.
697 744 730 766 V.
756 742 819 765 401.

78 793 105 810 c.
126 783 266 811 Auxilium
294 782 402 817 dissert,
424 789 452 810 ut
481 781 567 820 magis
591 781 697 820 probati
724 781 818 810 simus.

80 833 110 854 Υ.
127 831 191 855 415.
214 837 240 854 c.
271 827 321 855 Dei
345 826 478 854 auxilium
498 826 627 854 invictum
651 833 675 854 et
700 825 821 863 inexpu-

79 870 203 909 gnabile,
229 872 363 908 etiamque
377 869 533 909 expeditum
554 876 578 898 et
594 870 680 898 facile.
698 876 731 898 Υ.
756 873 819 897 402.

79 926 107 943 Β.
130 916 189 950 Dei,
210 926 260 943 non
290 915 406 943 hominis
431 914 562 942 auxilium
590 913 764 951 quaerendum
793 913 820 940 in

79 959 231 987 afflictione.
245 966 278 987 Υ.
296 964 360 987 500.
377 969 401 987 e.
417 958 466 987 Dei
483 957 585 986 auxilio
599 965 624 985 et
639 967 716 996 opera
732 963 820 985 nostra

79 1014 146 1042 opus
168 1010 216 1031 est.
238 1010 296 1032 ΥΙΙ.
311 1007 375 1032 252,
393 1013 420 1030 E.
438 1014 462 1029 Α.
479 1003 551 1030 Deus
564 1001 640 1029 nobis
654 1001 758 1029 auxilio
772 1011 820 1029 suo

79 1047 183 1075 facilem
196 1046 230 1074 de
244 1046 352 1074 diabolo
366 1053 441 1085 parat
456 1045 606 1074 victoriam.
619 1047 663 1074 ΙΙ).
681 1045 730 1074 Dei
742 1045 821 1074 auxi-

80 1094 116 1122 lio
126 1095 215 1122 omnia
226 1095 293 1122 bona
309 1094 488 1132 agimusvtt.
507 1098 570 1122 316.
588 1103 616 1121 Β.
636 1094 707 1121 Deus
724 1093 820 1121 nobis-

80 1151 141 1169 cum
155 1141 271 1169 decertat
283 1141 308 1168 in
323 1139 526 1169 tentationibus.
541 1145 587 1168 IX.
606 1144 671 1167 662.
685 1151 712 1167 Β.
729 1149 753 1167 Ε.
771 1139 821 1167 Dei

79 1185 248 1223 benignitati,
263 1195 313 1213 non
326 1185 443 1224 propriis
454 1183 603 1217 laboribus,
615 1183 816 1211 confidendum.

82 1237 129 1258 IX.
148 1234 212 1258 682.
228 1240 254 1257 c.
280 1230 351 1257 Deus
366 1238 426 1256 cnm
446 1228 544 1265 injuria
570 1227 670 1256 affectis
695 1237 747 1255 non
770 1228 821 1255 fert

79 1284 168 1312 opem,
186 1274 213 1302 id
228 1273 291 1302 facit
304 1273 339 1301 ad
354 1280 470 1301 nostram
483 1271 636 1299 utilitatem.
655 1278 688 1300 X.
703 1276 768 1300 714.
789 1282 817 1300 Β.

81 1319 155 1346 Deus
182 1318 207 1346 in
230 1318 307 1346 bonis
321 1316 447 1356 operibus
460 1316 535 1354 agit,
557 1322 582 1343 et
597 1326 644 1343 nos
667 1326 729 1343 cum
752 1317 817 1344 Deo.

81 1369 128 1391 Xt.
156 1366 221 1391 227.
238 1372 263 1390 r.
282 1361 333 1389 Dei
361 1360 493 1388 auxulium
522 1369 571 1387 noe
589 1365 674 1398 potest
695 1369 750 1387 esse
770 1369 820 1387 no·-

81 1406 185 1434 biscum
199 1429 205 1439 ,
234 1406 285 1434 nisi
313 1405 383 1434 adsit
411 1404 487 1433 nobis
515 1403 601 1442 gratia
628 1402 756 1441 Spiritus.
770 1410 817 1432 XI.

82 1455 146 1479 784.
161 1462 186 1479 Α.

120 1507 193 1532 Deus
208 1514 257 1543 pro
274 1504 404 1542 dignitate
428 1501 533 1530 laudari
555 1501 657 1538 nequit.
673 1507 693 1529 1.
712 1505 775 1528 566.
794 1511 819 1529 B.

81 1548 131 1576 Dei
143 1554 184 1576 est
197 1547 316 1583 adorari,
329 1547 475 1575 orationem
487 1545 631 1583 suscipere,
647 1554 698 1572 non
712 1544 819 1574 offerre.

81 1598 102 1622 1.
121 1597 186 1620 622.
204 1603 232 1620 D.
248 1591 300 1620 Dei
314 1589 451 1619 beneficiis
466 1588 542 1616 nobis
566 1587 691 1626 przestitis
716 1587 820 1616 nullum

80 1636 194 1674 dignum
214 1636 342 1664 bonorem
363 1641 489 1673 praestare
504 1642 655 1671 possumus.
673 1639 692 1659 1.
710 1636 773 1659 181.
793 1642 819 1660 n.

81 1682 169 1708 Deum
205 1679 355 1717 glorificare
380 1678 508 1706 dehemus
525 1699 532 1711 ‚
568 1686 619 1704 non
649 1675 721 1713 quod
748 1678 821 1703 Deus

81 1731 153 1763 egeat
170 1724 364 1763 glorificatione
380 1728 467 1751 nostra
479 1744 485 1756 ‚
499 1719 545 1748 sed
566 1720 628 1757 quia
642 1719 756 1747 multum
771 1719 822 1747 ho-

80 1768 200 1797 minibus
213 1768 304 1797 damni
319 1766 415 1796 accidit
424 1766 474 1793 hoc
486 1764 583 1792 omis<0
595 1763 821 1792 debitoaeotn.

80 1813 130 1841 Dei
143 1813 231 1840 cultus
246 1822 297 1840 non
313 1811 370 1839 loro
385 1808 612 1847 circumscriptus.
626 1814 647 1836 l.
664 1811 728 1835 792.
748 1817 775 1836 c.
791 1817 820 1835 Β.

80 1858 190 1896 Ubique
204 1857 254 1885 coli
272 1862 368 1895 potest.
396 1861 429 1882 11.
450 1858 513 1882 283.
530 1863 558 1881 D.
582 1858 628 1881 ΙΥ.
651 1855 716 1879 372.
734 1861 760 1879 c.
781 1850 821 1879 Ad

79 1905 168 1930 Deum
191 1911 272 1939 quam
298 1899 384 1928 tacitis
410 1897 509 1926 aditus.
525 1904 558 1924 tt.
572 1900 635 1924 361.
655 1906 679 1923 B.
695 1895 745 1923 Dei
758 1895 819 1923 eul-

79 1953 123 1974 tus
147 1945 272 1974 omnibus
291 1944 371 1973 ret-,us
389 1940 580 1982 praeferendus.
607 1946 652 1968 ΙΙΙ.
671 1944 735 1968 156.
752 1950 776 1968 B.
793 1950 818 1968 c.

80 1993 153 2018 Deus
178 1990 200 2018 si
222 1989 335 2023 colatur,
354 1985 492 2015 saeeularia
516 1985 584 2013 bene
603 1983 759 2012 succedunt.
788 1991 821 2013 11.

81 2040 144 2064 194.
158 2045 186 2063 Β.
204 2037 293 2062 Deum
317 2032 447 2069 condigne
464 2040 510 2058 nee
531 2029 670 2061 homines,
690 2038 737 2056 nec
752 2027 821 2056 Che-

79 2079 170 2109 rubim
185 2085 210 2107 et
224 2077 365 2116 Seraphim
375 2074 507 2103 celebrare
522 2079 642 2112 possunt.
656 2079 701 2101 ΙΥ.
715 2076 779 2101 296.
794 2083 819 2100 Β.

79 2124 130 2154 Dei
144 2133 224 2162 opera
239 2121 321 2160 digne
338 2118 447 2148 laudare
471 2127 521 2145 non
547 2122 633 2155 potest
656 2115 749 2143 bomo.
773 2122 819 2143 ΙΥ.

79 2172 125 2196 44.
144 2178 171 2196 E.
186 2178 213 2196 A.
230 2169 288 2194 Deo
307 2163 375 2192 nibil
390 2162 524 2201 ast-eptius
539 2171 620 2198 quam
633 2159 720 2188 anima
733 2165 817 2197 grata.

79 2219 125 2241 ῙΥ.
147 2216 209 2239 588.
226 2221 251 2238 Β.
273 2220 299 2238 c.
317 2210 389 2236 Deus
403 2207 430 2235 in
445 2205 583 2235 sacrificiis
602 2204 684 2232 animi
703 2203 818 2231 affectio-

77 2266 137 2284 nem
167 2254 301 2293 praecipue
325 2251 430 2290 quaerit.
454 2256 498 2279 tv.
518 2254 582 2277 187.
609 2259 632 2276 c.
649 2251 737 2275 Deum
758 2247 821 2275 colit

76 2300 121 2338 qui
133 2309 223 2327 servos
236 2297 286 2325 Dei
303 2296 376 2324 colit.
392 2302 437 2324 tv.
456 2299 520 2323 532.
538 2305 563 2321 A.
580 2296 654 2321 Deus
667 2301 717 2319 non
740 2290 821 2318 modo

77 2343 243 2383 glorificatur
257 2351 304 2380 per
314 2347 383 2368 recta
393 2337 582 2377 dogmata.sed
597 2337 676 2364 etiam
693 2345 739 2374 per
754 2334 821 2371 opti-

77 2398 151 2417 mum
175 2386 238 2415 vitae
262 2385 423 2413 institutum.
440 2390 487 2411 ΙΥ.
504 2386 570 2410 753.
588 2380 640 2409 Dei
664 2379 753 2407 cultus
768 2388 820 2406 non

78 2432 138 2460 talis
153 2429 226 2470 apud
251 2440 298 2457 nos
310 2450 317 2462 ,
331 2427 419 2466 qualis
434 2425 507 2465 apud
528 2424 650 2457 Judaeos,
666 2422 739 2461 apud
754 2432 822 2460 quos

79 2481 135 2504 erat
146 2474 262 2503 muttum
278 2471 378 2500 habens
393 2469 559 2498 sensibilium
580 2466 799 2495 caeremoniarum
813 2488 819 2502 ,

81 2519 221 2556 multaque
250 2515 402 2555 operatione
428 2513 560 2551 indigens.
589 2518 634 2540 tv.
663 2514 727 2538 854.
751 2521 776 2537 Α.
798 2521 821 2538 ιι.

84 2569 149 2594 855.
179 2565 252 2591 Deus
263 2560 384 2601 praecipit
412 2564 441 2587 ut
476 2567 523 2586 nos
549 2557 621 2595 ipsos
641 2554 668 2583 in
692 2554 823 2593 templum

83 2609 141 2648 ejus
159 2607 330 2636 adornemus.
342 2611 375 2632 Υ.
395 2607 458 2632 146.
473 2612 501 2630 Β.
518 2604 576 2629 Deo
586 2599 741 2628 benedicere
757 2608 824 2636 quo-

1576 228 1590 243 τ
1602 227 1617 244 r

1586 242 1619 260 u.)

874 297 954 326 modo
978 297 1080 337 possint
1107 298 1232 327 interiora
1257 305 1354 328 nostra.
1372 305 1404 326 Υ.
1433 303 1497 328 636.
1526 302 1615 328 Deum

873 352 1018 379 numquam
1035 342 1150 371 celebrat
1172 342 1358 382 praestigiator.
1382 349 1415 371 V.
1441 347 1505 372 638.
1525 354 1548 372 Β.
1567 344 1618 371 Dei

872 385 930 413 laus
944 386 1104 415 sacrificium
1118 387 1140 415 ei
1159 387 1354 425 gratissimum.
1375 393 1406 414 Υ.
1425 391 1487 415 605.
1503 398 1527 414 1³.
1544 387 1616 423 Quid

871 428 1041 458 difficultatis
1061 431 1167 460 babeat.
1199 438 1230 460 Υ.
1256 435 1318 458 344.
1342 430 1391 458 Dei
1417 430 1524 458 laudem
1547 441 1618 468 quo-

873 473 952 502 modo
976 474 1098 504 emittant
1122 476 1200 503 bruta
1226 481 1250 503 et
1271 475 1342 502 ferm.
1375 481 1407 502 Υ.
1437 479 1501 504 593.
1531 486 1560 503 Β.
1588 486 1615 503 E.

873 520 958 545 Deum
972 518 1107 555 quomodo
1121 518 1229 547 laudent
1244 519 1363 546 membra
1379 525 1478 547 nostra.
1497 525 1529 548 Υ.
1550 523 1615 549 560.

874 572 897 591 n.
916 566 981 590 604.
1010 572 1036 589 c.
1056 567 1121 591 605.
1139 562 1188 590 Dei
1215 562 1406 590 beneficiorum
1428 562 1555 590 memoria
1580 569 1619 591 est

873 605 1035 633 sacrificium
1057 613 1082 634 et
1103 606 1211 634 oblatio.
1227 613 1260 635 Υ.
1284 610 1347 634 298.
1364 618 1387 633 A.
1404 609 1477 634 Deus
1496 613 1566 634 recte
1578 607 1620 634 fa-

873 648 922 676 ctis
944 649 1040 676 nostris
1056 648 1213 678 bonoratur.
1238 655 1272 678 Υ.
1296 653 1359 677 289.
1376 659 1399 676 Ε.
1416 652 1504 677 Deum
1523 650 1563 677 vel
1581 657 1619 678 ta-

873 699 961 719 centes
975 691 1084 720 laudare
1104 703 1253 731 possumus.
1268 699 1300 720 Υ.
1316 697 1380 721 344.
1399 703 1427 720 Β.
1444 693 1499 721 Cur
1514 704 1527 721 a
1541 693 1620 722 nobis

872 735 978 763 laudari
1002 735 1079 764 velit.
1107 743 1136 764 Υ.
1162 740 1225 763 560.
1244 747 1270 763 Α.
1287 737 1376 763 Deum
1401 737 1534 773 quomodo
1561 737 1620 765 lau-¹

873 778 918 807 det
941 786 1062 807 ereatura
1093 779 1221 807 inanima.
1248 785 1282 806 Υ.
1309 783 1372 807 591.
1404 789 1429 807 E.
1447 780 1496 807 Dei
1520 791 1620 809 canen-

873 823 941 851 tium
965 822 1057 851 laudes
1083 823 1138 852 vita
1163 833 1222 850 cum
1240 829 1318 849 cantu
1343 821 1422 850 debet
1445 823 1617 853 concordare.

875 873 907 895 Υ.
923 872 988 895 577.
1010 878 1038 896 Β.
1054 870 1110 895 Deo
1126 867 1217 905 gratim
1233 865 1359 904 agendae,
1381 866 1460 895 etiam
1476 878 1537 896 cum
1567 879 1619 896 non

873 911 994 938 exaudit.
1021 915 1134 939 v.6'11.
1159 921 1188 940 D.
1215 913 1272 938 Deo
1296 920 1400 949 semper
1423 911 1514 948 gratia:
1536 922 1620 950 agen-

874 955 925 983 dce.
942 961 1000 984 ΥΠ.
1019 960 1084 983 352.
1101 954 1279 989 Quandonam
1303 954 1424 992 agendae.
1446 962 1493 984 IX.
1507 960 1571 983 474.
1589 966 1615 983 c.

874 1002 961 1027 Deum
974 1000 1019 1037 qui
1035 999 1178 1034 benedicit,
1191 998 1246 1037 ipse
1260 998 1381 1026 lucratur
1393 1009 1400 1033 ;
1413 999 1530 1037 seipsum
1545 1000 1618 1027 enim

875 1043 963 1072 reddit
983 1043 1133 1072 clariorem.
1152 1050 1184 1070 Υ.
1202 1047 1266 1070 358.
1288 1052 1312 1069 c.
1331 1044 1404 1070 Deus
1427 1042 1566 1070 colendus.
1585 1050 1617 1072 Υ.

876 1092 939 1116 275.
953 1099 978 1116 Β.
992 1090 1049 1115 Deo
1061 1097 1112 1115 non
1127 1086 1201 1114 decet
1217 1086 1322 1114 adstare
1336 1096 1391 1119 eos,
1403 1097 1515 1124 quorum
1527 1097 1621 1114 macu-

874 1132 946 1160 losus
957 1139 994 1160 est
1005 1132 1122 1160 animus.
1134 1138 1179 1160 ΥῙ.
1195 1135 1258 1159 230.
1269 1141 1296 1160 c.
1310 1133 1366 1158 Deo
1378 1130 1483 1158 adstare
1492 1129 1621 1158 debemus

875 1187 926 1204 non
940 1177 1010 1213 loco,
1021 1176 1066 1204 sed
1081 1176 1178 1210 sactis;
1197 1182 1235 1203 est
1250 1175 1320 1203 enim
1338 1175 1448 1212 ubique.
1470 1181 1501 1202 Υ.
1526 1179 1571 1202 39.
1596 1186 1620 1203 B.

875 1220 942 1259 Ejus
953 1221 1089 1259 majestate
1105 1219 1232 1257 indignus
1246 1226 1301 1247 erat
1315 1219 1510 1246 sacrificiorum
1522 1218 1620 1246 cultus.

876 1270 971 1293 Υ1.11.
987 1275 1016 1293 A.
1033 1269 1078 1294 12.
1095 1267 1168 1292 Deus
1181 1263 1206 1291 in
1218 1262 1333 1302 proximi
1349 1262 1430 1290 nostri
1448 1262 1524 1290 bonis
1537 1262 1618 1300 glori-

876 1308 1062 1338 ficandus.1x.
1077 1313 1139 1337 211.
1153 1317 1217 1336 E.A.
1232 1307 1288 1334 Cur
1305 1306 1367 1334 velit
1378 1317 1392 1333 a
1408 1306 1485 1334 nobis
1501 1305 1618 1333 laudari.

876 1359 922 1381 Xt.
936 1357 964 1380 7.
976 1364 1000 1380 Α.
1012 1355 1100 1380 Deum
1113 1361 1188 1379 nemo
1198 1350 1239 1379 vel
1251 1349 1444 1378 contemnendo
1459 1349 1563 1382 laedere,
1575 1350 1621 1378 vel

874 1395 1010 1425 laudando
1025 1395 1199 1423 illustriorem
1211 1395 1295 1422 facere
1309 1400 1404 1432 potest.
1418 1400 1436 1422 Ι.
1451 1397 1514 1422 566.
1530 1405 1553 1420 Α.
1567 1393 1621 1421 Sed

875 1441 919 1478 qui
936 1444 1022 1469 Deum
1044 1450 1090 1478 pro
1107 1438 1252 1476 dignitate,
1267 1437 1310 1465 vel
1327 1438 1414 1476 potius
1427 1447 1476 1476 pro
1495 1437 1621 1465 facultate

875 1496 922 1514 sua
936 1485 1056 1520 laudant,
1068 1483 1156 1512 laudis
1177 1483 1292 1511 fructum
1308 1487 1518 1518 consequuntur.
1535 1482 1579 1509 ΙΙ).
1593 1491 1617 1510 Β.

915 1532 988 1557 Deus
1009 1539 1092 1567 quam
1111 1525 1266 1555 exorabilis.
1286 1532 1318 1552 Υ.
1340 1531 1382 1553 10.
1401 1536 1429 1552 n.
1451 1524 1518 1562 Ejus
1540 1526 1619 1552 invo-

876 1574 943 1603 catio
959 1584 972 1601 a
989 1573 1066 1602 mulis
1089 1572 1195 1599 liberat.
1223 1577 1254 1598 Υ.
1271 1573 1336 1597 363.
1355 1579 1382 1598 E.
1399 1571 1485 1596 Deum
1511 1567 1620 1595 attrabit

875 1618 959 1647 oratio
987 1618 1053 1645 facta
1076 1627 1137 1644 cum
1163 1615 1248 1648 luctu,
1265 1613 1393 1651 lacrymis
1415 1619 1439 1640 et
1459 1611 1616 1650 gemitibus.

878 1670 909 1693 Υ.
932 1667 977 1691 65.
1001 1664 1075 1689 Deus
1089 1671 1137 1688 eur
1160 1659 1268 1687 differat
1293 1657 1478 1695 obtemperare
1505 1655 1620 1684 orationi

876 1707 1032 1735 multorum.
1047 1712 1080 1733 Υ.
1098 1709 1144 1733 20.
1160 1703 1229 1733 Vult
1244 1713 1290 1730 nos
1310 1701 1385 1739 quasi
1399 1701 1535 1738 exigentes
1554 1710 1619 1738 pre-

875 1751 947 1786 cari,
966 1757 991 1778 et
1007 1757 1068 1777 tunc
1091 1748 1189 1786 gratias
1211 1756 1321 1784 magnas
1342 1744 1418 1772 nobis
1444 1743 1532 1771 babet.
1557 1750 1616 1771 ΥΙΙ.

876 1800 939 1824 319.
955 1806 981 1824 c.
1001 1793 1041 1822 Ad
1056 1796 1142 1821 Deum
1160 1790 1311 1819 accedentes
1323 1798 1470 1826 numquam
1481 1794 1543 1816 sunt
1568 1787 1619 1815 im-

874 1839 996 1879 portuni.
1014 1845 1071 1867 ΥΙΙ.
1083 1841 1148 1865 321.
1164 1848 1189 1866 A,

914 1886 987 1912 Deus
1001 1881 1150 1919 antiquitus
1165 1878 1266 1909 Judaeis
1280 1884 1335 1905 erat
1350 1876 1407 1905 dux
1422 1875 1565 1903 bellorum.
1579 1882 1613 1903 ΙΙ.

876 1934 940 1957 171.
967 1938 994 1956 Δ.
1017 1927 1073 1954 Deo
1097 1925 1142 1962 qui
1166 1923 1266 1951 bellum
1295 1927 1398 1955 movet,
1427 1919 1492 1947 belli
1516 1918 1620 1947 exitum

874 1973 976 2001 bonum
999 1970 1097 1998 babere
1119 1968 1220 2006 nequit.
1243 1974 1262 1995 t.
1284 1970 1328 1995 54.
1348 1977 1371 1992 Α.
1395 1968 1439 1992 55.

914 2017 964 2045 Dei
980 2014 1097 2055 populus
1110 2011 1251 2052 peculiaris
1266 2010 1311 2048 qui
1330 2008 1427 2037 dictus.
1442 2014 1474 2035 V.
1490 2012 1553 2036 580.
1574 2017 1599 2035 Ε.

914 2066 987 2091 Deus
1016 2059 1088 2087 solus
1116 2056 1251 2094 magister.
1279 2061 1324 2083 111.
1360 2057 1406 2080 66.
1442 2062 1471 2080 Β.
1495 2051 1618 2079 Medicus

875 2114 961 2136 noster
973 2112 998 2133 et
1015 2110 1087 2143 pater
1099 2099 1330 2129 clementissimus.
1349 2103 1391 2125 ΙΥ.
1416 2100 1479 2126 193,
1495 2104 1521 2123 ε.
1535 2095 1620 2123 Velut

875 2150 994 2179 medicus
1020 2146 1159 2174 bominum
1181 2141 1362 2171 valetudinem
1387 2145 1473 2167 curat.
1502 2144 1547 2166 ΥΙ.
1569 2143 1616 2168 37,

876 2207 899 2223 Β.
916 2195 954 2223 Ut
970 2191 1090 2221 medicus
1111 2187 1185 2216 novit
1201 2185 1264 2225 quid
1281 2184 1407 2213 conferat.
1419 2189 1451 2211 Υ.
1471 2186 1535 2211 3.13.
1550 2183 1618 2211 Cum

875 2237 971 2267 medici
992 2234 1082 2263 officio
1103 2231 1235 2269 fungitur,
1252 2229 1359 2258 omnino
1372 2234 1457 2256 sanat.
1476 2233 1509 2254 Υ.
1528 2231 1573 2254 52.
1592 2236 1618 2254 ε.

913 2280 962 2309 Dei
979 2278 1062 2317 gratia
1076 2276 1156 2304 efficit
1171 2281 1199 2302 ut
1211 2273 1300 2302 omnia
1318 2272 1383 2300 bene
1396 2269 1550 2298 succedant.
1570 2276 1615 2300 tv.

874 2331 939 2355 694.
953 2335 978 2352 c.
991 2326 1062 2351 Deus
1078 2330 1129 2348 non
1145 2318 1229 2347 vincit
1242 2327 1306 2345 voce
1321 2322 1346 2344 et
1359 2315 1485 2349 clamore,
1500 2313 1545 2342 sed
1561 2313 1619 2341 solo

874 2376 940 2398 nutu
959 2375 984 2396 et
1006 2366 1151 2395 voluntate.
1177 2369 1209 2390 Υ.
1235 2365 1299 2389 221.
1320 2370 1346 2388 n.
1365 2358 1417 2386 Dei
1437 2363 1475 2385 est
1495 2356 1559 2385 dare
1573 2367 1620 2384 rot·

874 2413 1018 2443 contritum
1034 2417 1058 2438 et
1070 2407 1253 2437 humiliatum.
1277 2411 1335 2432 ΥΠ.
1355 2407 1418 2431 114.
1435 2413 1461 2431 c.
1477 2404 1550 2429 Deus
1565 2410 1619 2429 non

874 2459 902 2486 vi
927 2453 1137 2485 autnecessitate
1157 2449 1277 2478 homines
1290 2448 1374 2476 bonos
1399 2445 1471 2474 facit.
1495 2452 1529 2473 tt.
1555 2449 1618 2472 447.

876 2513 901 2530 Ε.
917 2513 943 2529 Α.
959 2506 1005 2528 ΙΥ.
1023 2503 1086 2526 191.
1108 2506 1132 2523 13.
1150 2502 1194 2523 ΥΙ.
1212 2498 1274 2521 191.
1293 2502 1319 2520 Δ.
1339 2497 1410 2519 ΥΙΙΙ.
1430 2493 1494 2517 323.
1514 2499 1539 2516 B.
1556 2492 1619 2516 324·

876 2558 902 2575 e.
932 2547 1005 2573 Deus
1043 2541 1157 2569 liberum
1183 2536 1325 2566 arbitrium
1353 2544 1405 2562 non
1431 2532 1513 2560 tollit.
1547 2539 1618 2560 ΥΙΠ,

878 2598 922 2623 65.
948 2603 973 2618 Α.
1000 2594 1045 2616 tx.
1066 2590 1130 2613 680.
1153 2594 1180 2611 A.
1202 2585 1275 2610 Deus
1296 2589 1348 2608 non
1366 2576 1497 2645 ριἐετοξὶῑ
1519 2582 1622 2605 nostras

1431 2621 1455 2647 1.
1473 2638 1478 2643 .
