1884 2922
219 160 237 199 li
244 170 287 192 o«)

965 334 1009 369 V.

266 518 381 546 Viximus
400 515 549 554 Imperator
571 514 597 542 in
619 512 734 551 quodam
753 512 812 541 vico
827 523 841 540 a
857 512 966 541 Gotthis

225 562 285 599 igue
307 566 460 588 consumtus
475 569 535 586 cum
554 558 678 586 omnibus
696 568 763 596 quos
778 568 866 585 secum
881 557 964 585 habe-

224 605 279 634 bat.
298 613 318 633 I.
337 608 399 632 422.
415 615 440 632 Β.
461 603 524 631 Ῑῖἀ.
545 603 698 630 Monimm.
715 609 736 629 I.
754 606 818 630 412.

264 651 381 677 Vnms
396 649 530 676 veritatis
546 647 745 675 adversarius.
765 653 835 675 VIII.
855 650 920 673 709.
937 657 964 675 Α.

263 694 447 721 VALENTINUS
467 691 641 719 haeresiarcha
673 690 819 729 perniciosa
840 689 966 727 dogmata

224 738 251 766 in
266 736 411 765 Ecclesiam
424 734 540 763 induxit.
558 742 603 763 XI.
618 739 683 763 716.
698 745 723 761 c.
735 733 817 761 Humi
835 740 967 771 serpentes

224 781 325 809 habens
353 780 485 813 rationes,
506 789 519 807 e
544 785 612 806 terra
638 778 768 816 loquitur.
788 785 834 806 XI.
856 782 922 806 201.
938 789 965 806 F.

223 824 384 854 Valentinus
409 824 496 851 Deum
520 833 574 850 esse
598 829 742 850 creatorem
767 821 890 860 negabat.
920 829 965 850 IV.

225 874 290 899 754.
311 867 453 897 Materiam
473 866 578 894 dicebat
597 866 777 905 praeexistere.
800 872 846 893 tv.
869 869 914 894 15.
943 876 964 896 I.

224 913 292 942 Mali
312 922 418 940 causam
447 911 590 939 statuebat.
617 918 636 939 1.
665 915 728 938 114.
755 909 968 938 lucarnationem

224 956 349 995 negabat.
372 963 392 984 1.
415 960 479 985 617.
504 965 532 983 n.
558 954 716 992 dicebatque
738 953 877 982 Christum
900 963 967 981 non-

225 1001 277 1029 nisi
305 1011 352 1039 per
380 998 493 1038 speciem
521 998 634 1027 venisse.
667 1005 712 1027 III.
744 1002 790 1026 27.
814 1008 842 1026 A.
868 1008 893 1025 Β.
921 1001 966 1025 28.

226 1043 327 1072 Christi
339 1043 469 1082 passionis
489 1042 603 1080 negabat
618 1041 805 1070 oeconomiam.
824 1048 882 1070 VII.
898 1046 967 1069 884.

225 1098 251 1116 c..
278 1087 482 1115 Matrimonium
519 1086 673 1114 damnabat.
710 1093 728 1114 I.
759 1090 821 1113 331.
850 1085 970 1123 Negabat

225 1131 452 1159 resurrectionem.
477 1137 545 1159 VIII.
578 1134 643 1158 457.
667 1140 692 1158 c.
717 1140 746 1157 D.
772 1129 932 1157 Confutatur
955 1140 969 1157 a

226 1175 318 1204 Paulo.
342 1182 387 1205 xt.
413 1179 477 1203 269.
502 1185 528 1202 Α.
553 1180 577 1202 et
600 1184 614 1202 a
636 1174 837 1212 Chrysostomo.
857 1180 877 1202 1.
903 1177 968 1201 663.

227 1226 271 1248 VI.
294 1224 338 1247 83.
361 1230 384 1247 Β.
411 1217 547 1248 Valentini
571 1228 696 1255 sequaces
720 1217 900 1251 confutantur,
924 1215 971 1254 qui

225 1263 306 1291 deum
331 1261 475 1301 quemdam
507 1272 562 1290 esse
589 1261 690 1290 malum
722 1260 883 1289 asserebant.
912 1267 968 1288 VII.

227 1311 291 1335 632.
309 1318 335 1335 c.
350 1308 446 1345 Legem
457 1305 561 1345 Moysis
574 1316 588 1334 e
600 1315 699 1334 canone
712 1305 857 1343 Scriptura?
868 1314 970 1343 expuu-

226 1351 334 1389 gebant.
350 1358 369 1379 1.
391 1355 455 1381 500.
472 1361 498 1380 e.

266 1396 451 1424 VALENTINUS
476 1395 518 1422 vir
540 1394 701 1433 primarius,
724 1393 827 1422 amicus
851 1392 970 1431 Chryso—

226 1438 316 1475 smmi,
333 1438 379 1477 qui
400 1438 434 1466 ad
454 1449 515 1466 eum
537 1438 638 1477 pluries
660 1437 776 1476 scripsit.
796 1444 842 1465 III.
864 1441 928 1464 741.
947 1447 971 1464 Β.

227 1487 291 1511 792.
313 1493 337 1511 E.
356 1487 418 1510 868.
434 1492 462 1512 D.
487 1481 521 1509 ad
543 1492 666 1519 magnam
686 1480 845 1519 dignitatem
865 1488 970 1509 evectus

225 1527 320 1555 fuerat.
351 1534 395 1555 III.
423 1530 488 1554 792.
518 1536 544 1553 E.
566 1526 648 1554 Illum
672 1524 763 1553 laudat
783 1535 804 1553 s.
827 1524 921 1553 doctor
936 1525 971 1554 ob

226 1581 343 1599 amorem
359 1580 517 1609 pauperum.
536 1576 581 1598 111.
598 1574 662 1597 868.
680 1580 706 1597 D.
724 1580 751 1598 E.

267 1616 423 1649 Vacemus,
436 1620 541 1642 sanctus
554 1613 607 1649 vir,
621 1612 795 1642 Theodorum
805 1612 910 1652 lapsum
923 1624 968 1643 co-

227 1658 349 1686 hortatur
363 1664 391 1686 ut
406 1657 440 1685 ad
455 1657 596 1697 pristinam
611 1657 693 1686 'citam
710 1657 808 1685 redeat.
827 1665 845 1686 I.
863 1662 908 1686 48.
925 1668 950 1687 C.

266 1703 431 1735 vinnons,
456 1702 551 1730 Castus
563 1724 571 1736 ,
596 1701 767 1740 Diophantus
780 1723 788 1735 ,
817 1701 949 1740 Cyriacus
962 1724 969 1737 ,

226 1746 376 1785 presbyteri
399 1745 577 1781 Antiocheni,
597 1745 631 1773 ad
654 1756 720 1783 quos
739 1745 831 1774 scribit
852 1745 972 1785 Chryso—

227 1797 337 1818 stemus.
356 1797 401 1818 III.
419 1794 486 1817 755.
505 1800 530 1817 c.
548 1801 577 1818 D.
594 1794 660 1818 757.
678 1801 702 1818 n.
719 1801 745 1818 c.
765 1795 829 1818 785.
853 1795 918 1820 813.
940 1802 968 1820 A.

268 1835 399 1862 VALERIO
430 1840 455 1861 et
486 1833 640 1873 Diophanto
671 1834 763 1862 scribit
797 1834 971 1863 Constantius

228 1877 378 1916 presbyter.
396 1884 440 1905 III.
457 1881 521 1905 886.

266 1922 353 1950 vim
369 1931 477 1949 omma
488 1944 494 1955 ‚
510 1931 641 1960 quaenam.
665 1928 710 1950 XI.
734 1926 798 1952 646.
815 1933 842 1950 D.
858 1934 886 1952 E.
903 1924 970 1962 Ejus

228 1965 358 1993 conditio.
374 1972 432 1993 VII.
450 1970 493 1994 75.
509 1977 534 1994 A.
551 1977 574 1994 n.
593 1966 730 2001 Quantum
747 1966 780 1994 sit
795 1967 904 1995 malum.
922 1975 968 1998 Iv.

228 2014 274 2039 46.
292 2020 318 2037 Λ.
341 2008 493 2037 Multorum
514 2009 591 2037 nobis
609 2009 741 2037 malorum
763 2017 802 2038 est
819 2021 908 2040 causa.
926 2019 970 2040 IV.

228 2058 275 2082 [ιδ.
292 2064 319 2081 Ε.
336 2053 414 2082 Nihil
429 2064 458 2081 ea
474 2052 663 2081 miserabilius.
681 2060 740 2081 VIII
770 2059 831 2082 188.
846 2065 874 2082 D.
888 2056 971 2084 Vanae

226 2097 318 2134 gloriae
334 2097 442 2125 damna.
462 2103 530 2125 VIII.
552 2101 614 2125 188.
640 2101 703 2126 194.
730 2107 756 2126 A.
771 2107 796 2126 Β.
820 2103 881 2127 195.
902 2104 964 2128 196.

227 2140 366 2169 Vitiorum
387 2147 425 2168 est
448 2140 568 2169 omnium
592 2140 868 2170 vehementissimum.
898 2150 965 2171 VIII.

230 2189 293 2213 188.
311 2195 335 2212 c.
353 2183 397 2212 Ad
412 2184 557 2222 nequitiam
576 2195 643 2222 quos
665 2184 756 2223 capit,
772 2185 904 2224 impellit;
922 2186 968 2215 sed

228 2234 253 2256 et
265 2228 359 2256 virtuti
375 2239 401 2256 se
415 2228 528 2257 subdole
539 2228 678 2258 admiscet.
695 2236 764 2257 VIII.
781 2235 841 2257 188.
858 2241 884 2258 D.
902 2232 968 2259 Fera

228 2278 266 2300 est
279 2272 379 2309 bellua,
398 2272 548 2301 horrendus
563 2272 678 2307 daemon,
696 2273 776 2312 pestis
792 2274 864 2302 orbis
880 2281 966 2305 terrae.

231 2323 264 2344 x.
282 2320 346 2344 382.
365 2328 389 2345 Α,
405 2316 547 2356 multiceps
564 2317 684 2345 morbus.
702 2324 758 2345 VII.
774 2323 839 2346 786.
858 2329 884 2346 D.
899 2320 967 2348 Gra-

228 2359 271 2387 vis
287 2366 327 2388 est
350 2360 496 2388 admodum
520 2361 607 2388 inanis
632 2360 723 2398 glorite
746 2362 883 2400 tyrannis,
909 2374 969 2401 quae

229 2410 312 2441 possit
323 2404 402 2432 etiam
416 2404 566 2443 sapientum
578 2404 668 2432 oculos
679 2415 821 2439 exc:ecare,
832 2405 853 2434 si
864 2416 916 2435 non
926 2407 968 2436 vi-

229 2446 323 2483 gilent.
338 2454 408 2476 VIII.
430 2452 476 2476 56.
496 2460 520 2476 A.
531 2449 608 2478 Vana
621 2448 707 2486 gloria
719 2455 744 2477 et
763 2459 795 2477 ex
807 2449 884 2478 honis
897 2457 922 2479 et
936 2462 969 2480 ex

229 2490 306 2519 malis
325 2492 464 2529 quaeritur.
485 2499 543 2520 VII.
562 2497 628 2521 786.
650 2503 680 2520 D.
699 2492 777 2521 Ultra
794 2493 877 2523 vitam
890 2495 969 2524 etiam

229 2533 391 2563 extenditur.
409 2542 465 2565 VII.
482 2540 547 2563 787.
564 2537 640 2564 Vana
656 2536 739 2573 gloria
755 2537 892 2575 fugienda.
912 2547 967 2567 VII.

861 169 962 191 inm-:x
992 168 1116 191 RERUM.

1022 516 1086 541 41⁶2.
1103 523 1132 540 D.
1148 511 1227 540 Illam
1243 511 1387 540 insectatur
1401 512 1757 551 Ch1·ysostomtis‚VII.79‘2.

1020 566 1047 583 E.
1063 568 1088 585 A.
1115 555 1244 584 homerio
1263 557 1295 584 sit
1313 556 1440 593 fuganda.
1460 563 1529 585 VIII.
1550 561 1612 585 193.
1631 567 1655 585 c.
1673 564 1698 585 et
1717 567 1757 585 sa·

1021 601 1120 630 Danda.
1138 608 1171 629 Χ.
1189 605 1252 628 382.
1270 611 1296 628 Α.
1313 601 1377 627 Ῑῖιί.
1395 601 1516 629 Οιυῐιυ.

1064 645 1188 673 VANITAs
1212 651 1274 672 sunt
1301 644 1399 680 omnia⁷
1421 644 1603 682 quomodo.V.
1618 648 1661 672 17.
1679 649 1758 672 ΑΛΒ.

1021 688 1134 717 Vanitas
1153 699 1241 716 rerum
1257 689 1443 717 humanarum.
1459 695 1517 717 VII.
1535 693 1599 717 834.
1617 699 1641 717 Β.
1657 699 1682 717 c.
1700 695 1758 717 XII.

1024 737 1085 761 143.
1099 743 1127 761 D.
1142 732 1255 762 Vanitas
1280 732 1409 760 mundani
1428 731 1583 771 splendoris.
1600 740 1619 761 I.
1638 737 1680 760 15.
1695 743 1758 772 sqq.

1023 777 1137 806 Vanitas
1156 776 1323 805 divitiarum.
1336 783 1370 806 V.
1388 781 1452 807 608.
1469 787 1494 805 c.
1512 776 1624 806 Vanitas
1639 784 1677 805 est
1699 787 1762 815 pcr-

1021 827 1112 849 catum
1126 828 1151 849 ct
1164 820 1353 860 mendacium3
1370 821 1427 849 vita
1447 827 1516 849 recta
1532 827 1570 849 cst
1591 821 1698 850 veritas.
1715 827 1760 850 XI.

1025 869 1123 893 11I.A.

1062 909 1205 937 Vsum-ras
1218 909 1388 937 attentionem
1403 909 1484 948 parit.
1501 916 1532 938 V.
1552 913 1614 937 156.

1061 953 1276 989 VAnnommrs,
1299 953 1408 982 Joviani
1432 953 1515 990 filius,
1535 953 1562 981 in
1586 951 1714 992 periculo.
1740 959 1760 980 I.

1023 1001 1087 1025 412.
1105 998 1136 1024 in
1156 997 1281 1025 fllonsto.

1064 1041 1139 1069 Vasa
1152 1051 1224 1069 sacra
1238 1051 1289 1069 non
1301 1052 1315 1069 a
1333 1040 1429 1079 quovis
1440 1040 1580 1079 tangenda.
1595 1048 1640 1072 IV.
1654 1045 1719 1070 838.
1733 1052 1762 1069 A.

1023 1085 1096 1113 Vasa
1121 1095 1199 1112 aurea
1227 1085 1344 1113 ecclesiae
1367 1085 1554 1113 offerebantur.
1572 1092 1629 1114 VII.
1651 1090 1712 1113 582.
1734 1097 1761 1114 Δ.

1023 1128 1086 1155 Haec
1111 1138 1174 1156 vasa
1202 1135 1311 1166 propter
1339 1128 1441 1157 animas
1468 1128 1587 1156 admittit
1607 1129 1761 1158 Densa-11.

1025 1176 1089 1201 582.
1105 1182 1129 1199 n.
1144 1171 1204 1200 Non
1219 1178 1273 1199 erat
1288 1178 1412 1209 argentea
1430 1182 1519 1200 mensa
1536 1172 1592 1208 illa,
1607 1182 1654 1200 nec
1669 1183 1764 1201 aureus

1025 1215 1097 1243 calix
1113 1215 1139 1243 in
1163 1226 1216 1253 quo
1237 1216 1395 1254 sanguinem
1419 1227 1497 1244 suum
1523 1216 1645 1245 Christus
1670 1227 1764 1245 conse-

1026 1259 1122 1292 cravit,
1136 1259 1182 1287 sed
1197 1266 1284 1288 tamen
1296 1260 1409 1298 pretiosa
1424 1267 1449 1288 et
1463 1260 1609 1296 tremenda,
1623 1259 1684 1299 quia
1701 1260 1764 1300 Spi-

1027 1304 1079 1332 ritu
1093 1310 1167 1332 erant
1177 1304 1265 1343 plena.
1284 1311 1341 1333 VII.
1362 1309 1425 1334 582.
1440 1315 1465 1335 13.
1485 1309 1549 1334 583.

1066 1349 1159 1377 VA'n-:s
1170 1359 1183 1376 a
1199 1348 1329 1387 propheta
1345 1348 1450 1384 differt.
1464 1348 1608 1387 quomodo.
1621 1356 1653 1377 V.
1672 1353 1763 1378 1928.

1026 1393 1117 1429 Vates,
1128 1392 1242 1430 μάντεις,
1252 1393 1359 1431 quando
1371 1403 1495 1432 responsa
1508 1393 1646 1428 canebant,
1657 1403 1709 1422 non
1721 1393 1765 1422 in-

1025 1437 1179 1476 telligebant
1194 1437 1259 1475 quid
1274 1437 1402 1466 dicerent.
1418 1445 1450 1466 V.
1471 1442 1533 1466 192.
1550 1448 1575 1465 c.
1586 1448 1615 1466 D.
1635 1438 1675 1466 Ne
1693 1438 1766 1466 vati-

1025 1481 1085 1519 bus,
1104 1492 1136 1510 ne
1150 1481 1391 1520 praestigiatoribus
1402 1481 1579 1518 attendamus,
1590 1481 1635 1510 sed
1650 1482 1707 1510 Deo
1720 1483 1766 1520 qui

1025 1525 1114 1554 omnia
1126 1525 1210 1554 novit.
1228 1533 1274 1554 XI.
1292 1530 1357 1555 772.
1375 1537 1401 1554 A.

1065 1571 1221 1599 Vmcmu
1242 1570 1345 1598 Christi
1370 1581 1451 1608 quam
1466 1577 1546 1599 certa.
1570 1578 1591 1600 I.
1613 1574 1677 1599 707.
1699 1580 1763 1609 sqq.

1025 1615 1161 1653 signanter
1180 1625 1242 1643 vero
1257 1615 1290 1643 de
1310 1614 1402 1653 templi
1417 1614 1636 1654 Jerosolymitani
1659 1613 1767 1643 destru—

1025 1659 1123 1687 ctione.
1144 1661 1187 1688 Ih.
1206 1659 1340 1688 Vaticinia
1351 1659 1424 1698 apud
1439 1659 1606 1687 Christianos
1624 1658 1766 1688 Antioche-

1025 1714 1073 1732 nos
1089 1704 1115 1731 in
1134 1714 1193 1732 usu.
1212 1711 1245 1732 Χ.
1261 1708 1306 1732 36,
1327 1714 1351 1731 n.
1366 1708 1411 1732 37.
1429 1703 1494 1732 Vid.
1512 1703 1683 1731 Pnopnmm.

1065 1749 1226 1779 Vaticiniis
1243 1749 1413 1778 Judaeorum
1445 1750 1651 1778 incumbebant
1682 1749 1769 1778 Chri-

1025 1795 1123 1823 stiani.
1141 1801 1209 1823 vul.
1225 1798 1289 1822 712.
1303 1804 1329 1822 E.

1066 1839 1226 1867 Vncrioal..
1240 1839 1306 1866 Vid.
1322 1838 1490 1866 TRlssUTUM.

1067 1883 1165 1911 Vama
1188 1882 1252 1911 satis
1273 1889 1310 1910 est
1330 1881 1364 1910 ad
1382 1882 1521 1912 virtutem.
1540 1889 1585 1910 III.
1604 1886 1631 1910 6.
1649 1893 1676 1911 A.
1693 1888 1717 1910 et
1733 1881 1767 1910 ad

1026 1933 1164 1965 peccatum
1189 1925 1388 1966 expellendum.
1416 1933 1463 1955 XI.
1488 1930 1552 1955 846.
1569 1936 1598 1956 D.
1619 1926 1685 1954 Vid.
1709 1927 1767 1955 Vo-

1026 1980 1142 1999 rum-As.

1067 2015 1145 2043 Vm
1162 2013 1269 2053 judices
1293 2013 1462 2053 obtegebant.
1489 2021 1546 2043 VII.
1575 2019 1639 2043 643·
1668 2026 1692 2043 e.
1717 2022 1764 2045 XI.

1026 2062 1091 2086 745.
1112 2069 1137 2086 D.
1152 2058 1251 2087 velum
1266 2057 1356 2097 templi
1376 2068 1424 2086 cur
1437 2058 1549 2086 scissum
1570 2058 1596 2086 in
1611 2066 1695 2087 morte
1709 2060 1767 2088 Do-

1003 2112 1005 2116 *
1023 2101 1099 2130 mini.
1117 2109 1150 2131 11.
1166 2107 1229 2130 473.
1248 2114 1272 2131 Α.
1287 2102 1388 2130 J'elum
1399 2103 1605 2142 templifigura
1617 2104 1768 2133 Dominici

1022 2148 1159 2184 corporis.
1178 2153 1223 2174 III.
1242 2151 1306 2175 987.

1063 2190 1221 2218 VENEFICIA
1245 2190 1333 2219 Judaei
1355 2189 1517 2219 adhibebant
1535 2189 1570 2219 ad
1595 2190 1702 2219 morbos
1727 2201 1768 2220 sa-

1022 2233 1132 2262 nandos.
1160 2241 1180 2264 I.
1198 2239 1260 2263 831.
1278 2235 1430 2273 l‘eneficiis
1451 2235 1618 2264 Judaeorum
1639 2236 1767 2275 confide-

1024 2279 1093 2306 bant
1107 2278 1276 2306 Christiani.
1293 2284 1363 2306 VIII.
1381 2283 1445 2307 712.
1458 2289 1483 2307 E.

1065 2323 1205 2357 szmo,
1216 2321 1410 2351 Mediolanensi
1421 2324 1558 2363 episcopo,
1569 2323 1662 2352 scribit
1678 2323 1768 2363 Chry-

1024 2372 1168 2394 sostomus.
1181 2373 1225 2394 IIl.
1240 2371 1304 2395 847.

1065 2410 1191 2437 anms
1214 2416 1239 2437 et
1267 2410 1362 2438 Martis
1385 2409 1548 2438 adulterium
1577 2417 1711 2440 narratur.
1731 2419 1765 2440 II.

1024 2457 1090 2481 681.
1106 2454 1259 2481 Daemonem
1282 2453 1376 2489 illum,
1395 2464 1474 2492 quem
1494 2455 1628 2483 Venerem
1653 2463 1746 2484 vocant
1759 2480 1765 2491 ‚

1025 2507 1076 2525 non
1091 2497 1173 2536 pudet
1185 2497 1329 2527 infamibus
1341 2499 1379 2526 uti
1393 2498 1532 2528 ministris.
1550 2506 1582 2527 II.
1598 2503 1662 2527 668.
1680 2509 1705 2529 Β.

1065 2542 1158 2569 vitm
1174 2548 1353 2580 peecatorum.
1372 2543 1436 2571 l'id.
1449 2543 1610 2571 Psscmrtm.
