1884 2922
785 237 885 259 tunm
915 236 1042 260 RERUM.
1609 224 1677 270 [409

139 299 184 338 jus
197 299 258 328 vitae
279 297 413 327 limitibus
435 297 653 337 circumscriptae.
671 304 703 326 tt.
725 303 767 326 15.
786 309 812 327 c.
832 303 876 326 16.

142 349 174 370 v.
188 346 233 371 54.
251 352 276 382 ⁸:
293 342 357 371 Vita
371 341 427 370 haec
443 351 494 369 nnn
505 347 543 370 est
553 347 642 369 nostra
652 363 661 378 ,
675 341 721 370 sed
735 341 786 369 alia
801 352 878 380 quat-

139 385 202 414 dam
225 392 263 413 est
277 385 333 413 vita
355 391 456 413 nostra.
479 391 526 413 XI.
545 389 608 412 430.
633 395 657 412 c.
670 384 734 414 Vita
751 385 806 413 haec
828 396 879 414 non

139 439 202 458 vera
215 429 269 458 vita
281 451 288 464 ‚
305 428 352 457 ubi
366 429 452 456 anima
474 429 541 456 inter
558 434 596 456 tot
612 439 688 456 curas
702 428 862 456 distrahitur
872 452 879 465 ,

140 479 178 501 tot
192 473 290 507 servit,
302 479 340 501 tot
351 472 420 502 vivit
434 471 590 500 hominibus
602 494 609 507 ‚
626 472 677 500 sibi
688 482 844 510 numquam.
856 479 878 501 I.

142 521 189 547 49.
213 527 241 545 D.
264 517 295 545 In
310 516 359 544 hac
373 516 429 544 vita
451 516 532 544 etiam
554 515 633 544 bonis
653 517 722 544 mala
747 516 881 555 permixta

141 567 213 589 sunt.
231 567 289 590 VII.
313 565 376 589 611.
394 571 418 588 B.
435 570 461 587 c.
484 560 531 588 sed
553 559 600 588 illa
623 560 677 588 sola
690 571 752 588 vera
768 560 822 589 vita
844 567 882 589 cst

141 614 200 642 quae
209 626 216 639 ‚
229 604 313 633 libera
324 615 339 632 a
351 610 435 632 morte
444 626 451 639 ,
461 604 541 632 habet
553 603 620 631 bona
632 614 711 643 pura,
722 614 773 632 non
784 604 879 635 mixta,

143 655 175 676 V.
201 653 266 677 367.
295 658 322 676 B.
345 648 410 677 Vita
437 648 494 676 haec
519 655 588 676 terra
609 654 635 675 et
661 658 730 685 aqua
754 655 809 683 est;
834 648 881 676 ubi

140 698 236 721 cuncta
257 691 393 720 instabilia
421 692 504 720 instar
528 690 666 730 pulveris,
686 691 826 729 fluuntque
852 702 882 720 ac

140 736 269 764 diffluunt
290 736 374 764 instar
398 735 494 774 euripi.
521 742 567 764 XI.
594 738 658 763 432.
682 745 708 763 ε.
732 735 794 764 Vita
815 746 881 774 prcc-

141 789 201 808 sens
218 779 262 807 via
286 786 334 807 est.
362 786 407 808 III.
423 784 488 809 754.
509 790 536 807 n.
556 778 600 807 Ad
613 779 694 807 aliam
713 779 798 807 tendit
823 789 882 807 me—

140 822 235 851 liorem
248 845 256 859 ,
269 832 328 860 quae
344 830 382 851 est
396 823 564 851 immortalis.
584 829 615 850 V.
629 827 682 851 256
708 833 730 851 Β.
745 824 793 852 Est
804 833 883 861 pere-

142 866 267 905 grinatio,
279 872 324 894 III.
339 870 404 894 465.
416 876 446 894 n.
459 866 648 894 diversorium.
659 871 722 894 466.
739 866 877 894 incolatus.

142 917 175 938 V.
194 914 259 938 397.
283 920 310 939 n.
327 920 392 949 sqq.
416 909 565 938 Imitandus
581 910 737 948 peregrinus
751 910 797 948 qui
813 916 882 938 totus

142 953 170 981 in
187 953 301 991 patriam
317 953 436 987 tendens,
454 963 505 981 non
529 953 682 981 moestitiam
703 953 774 991 capit
799 963 832 981 ex
851 963 882 981 eo

143 995 215 1035 quod
244 996 357 1035 abrupta
368 1019 376 1034 ,
403 1007 455 1025 non
480 1006 582 1035 semper
607 1003 682 1035 prata
708 1002 880 1035 pertranseat.

144 1047 191 1071 111.
204 1043 269 1068 784.

184 1084 249 1113 Vita
274 1093 390 1122 praesens
411 1093 462 1111 non
478 1081 633 1121 diligenda;
650 1094 711 1112 nam
737 1090 790 1112 tota
815 1094 886 1113 εει-ιι·

145 1127 214 1156 mnis
228 1127 322 1155 referta
338 1133 387 1155 est.
406 1133 463 1155 VII.
482 1131 544 1155 408.
562 1138 586 1155 c.
603 1132 666 1156 409.
684 1129 784 1156 Luctus
800 1138 829 1156 ac
846 1138 887 1165 ge-

145 1170 261 1199 mituum
276 1177 314 1199 est
329 1177 414 1198 totum
432 1170 568 1208 praesentis
582 1170 643 1198 vitae
659 1177 774 1209 tempus.
792 1178 811 1199 1.
822 1176 886 1200 151.

145 1214 208 1242 Haec
221 1214 275 1242 vita
299 1223 403 1242 carcere
423 1213 510 1241 nihilo
532 1214 689 1244 meliorest.
706 1221 763 1243 VII.
779 1219 843 1243 210.
860 1226 885 1243 c.

146 1258 212 1286 Vita
233 1265 386 1286 sanctorum
399 1268 446 1296 per
459 1258 547 1286 omnia
560 1265 680 1286 contexta
691 1259 826 1286 zerumnis.
840 1266 886 1287 Ix.

146 1306 211 1330 448.
226 1302 328 1330 n.Vita
343 1301 464 1330 omnium
479 1302 619 1330 hominum
631 1302 756 1330 :crumnis
767 1303 854 1341 plena.
870 1310 889 1330 1.

146 1350 212 1375 266.
234 1356 259 1373 E.
276 1350 340 1374 267.
360 1350 424 1374 525.
450 1356 477 1373 n.
496 1345 525 1374 Si
541 1346 656 1374 habeant
676 1347 763 1374 omnia
789 1354 889 1375 terrena

146 1399 196 1428 pro
210 1389 298 1416 lubitu
310 1411 318 1424 ‚
333 1388 440 1416 deficiat
451 1395 539 1416 autem
557 1389 694 1423 securitas,
713 1390 795 1418 vitam
808 1398 891 1428 agunt

146 1432 264 1471 leporis,
281 1431 369 1460 omnia
386 1431 615 1470 pertimescentes,
633 1432 742 1461 umbras
758 1440 892 1473 suspectas

147 1475 284 1505 habentes.
297 1483 331 1505 V.
346 1479 409 1504 430.
423 1475 525 1505 n.Vita
539 1476 594 1504 haec
609 1476 753 1511 laboriosa,
764 1485 819 1505 tum
829 1478 891 1515 quia

148 1518 250 1547 multus
266 1525 305 1547 est
325 1519 456 1547 malorum
482 1527 643 1558 proventus,
659 1527 714 1548 tum
730 1522 792 1559 quia
807 1522 892 1561 pluri-

148 1573 219 1592 mam
225 1563 305 1592 babet
313 1562 457 1592 vanitatem
468 1570 494 1591 et
505 1574 582 1592 curas
593 1564 769 1603 imponunas.
779 1572 811 1594 V.
825 1571 890 1595 399.

148 1607 216 1636 Vitae
228 1607 309 1645 hujus
324 1607 520 1635 sollicitudines
532 1618 599 1645 quae.
615 1615 636 1636 1.
655 1613 700 1636 49.
716 1620 739 1637 n.
752 1610 816 1638 Vita
825 1621 893 1649 prze-

149 1661 209 1679 sens
223 1661 296 1678 mare
311 1660 438 1688 magnum
455 1658 482 1679 et
504 1651 653 1689 spatiosum
678 1652 776 1681 multas
793 1654 893 1682 habens

150 1693 264 1730 belluas,
277 1694 387 1733 piratas,
401 1701 499 1733 petras,
511 1695 621 1724 latentes
634 1696 766 1735 scopulos,
780 1698 893 1726 crebris-

150 1748 202 1776 que
214 1738 351 1766 turbatum
367 1738 506 1766 fluctibus.
524 1746 568 1767 tv.
580 1744 645 1768 799.
662 1750 686 1767 n.
704 1740 757 1768 Res
768 1741 830 1769 vitae
844 1741 894 1769 hu-

148 1783 192 1820 jus
204 1788 344 1820 tempestas
354 1804 361 1817 ‚
373 1788 400 1810 et
411 1788 566 1820 tempestate
581 1783 722 1811 tristiores.
738 1791 772 1814 X.
790 1789 852 1813 571.
868 1795 892 1813 F..

151 1825 216 1854 Vita
231 1835 346 1864 praesens
367 1825 444 1864 plena
458 1825 569 1854 somniis
583 1832 609 1854 et
622 1826 724 1854 visione
735 1849 742 1862 ‚
761 1838 820 1865 quae
833 1835 894 1856 sunt

151 1876 317 1898 terrenorum
332 1869 562 1908 concupiscentiae.
580 1877 626 1900 XI.
642 1874 707 1898 567.
729 1883 753 1899 r.

193 1914 268 1941 Vera
297 1913 353 1941 vita
378 1923 429 1941 non
456 1920 495 1941 est
518 1924 633 1952 praesens
657 1921 682 1943 et
701 1921 803 1943 terrena
821 1937 828 1947 ,
848 1914 894 1943 sed

153 1956 265 1985 caelestis
289 1967 348 1994 quae
372 1956 453 1985 habet
487 1964 575 1985 ortum
601 1957 627 1986 in
666 1957 813 1997 baptismo.
847 1965 893 1986 XI.

153 2001 221 2029 432.
242 2011 267 2028 c.
286 2010 315 2029 n.
340 2010 368 2030 E.
404 2000 467 2030 Vita
485 2000 540 2028 haec
555 2001 666 2030 caelestis
683 2012 696 2029 a
715 2009 817 2030 terrena
843 2001 896 2029 dif-

154 2044 205 2072 fert
229 2043 314 2082 magis
338 2053 420 2081 quam
444 2053 541 2071 aurum
564 2053 579 2071 a
607 2044 675 2072 luto.
707 2046 749 2073 lb.
779 2055 805 2073 n.
832 2045 896 2074 Vita

155 2087 322 2126 spiritualis,
361 2087 438 2124 cujus
465 2087 721 2116 consummationem
754 2095 896 2127 exspecta-

156 2141 216 2159 mus
226 2153 233 2167 ,
246 2137 270 2159 et
284 2141 343 2168 quae
360 2130 502 2159 inchoatur
514 2130 541 2158 in
552 2131 687 2170 baptismo
698 2154 705 2167 ‚
725 2139 824 2170 quanto
839 2139 896 2160 ter-

156 2185 217 2203 rena
246 2175 357 2211 melior,
383 2181 482 2212 quanto
511 2175 665 2206 sublimior,
693 2183 763 2204 VIII.
788 2180 851 2204 167.
869 2186 896 2205 ῐ).

159 2223 221 2247 168.
234 2218 298 2247 Vita
312 2219 402 2247 futura
415 2229 496 2256 quam
511 2226 617 2258 praestet
629 2219 763 2258 praesenti.
779 2227 823 2248 III.
836 2224 900 2248 475.

157 2272 186 2290 D.
203 2262 270 2289 Vitat
287 2269 389 2290 aeternae
413 2263 537 2292 felicitas.
562 2270 581 2291 I.
605 2268 649 2291 18.
676 2275 700 2292 n.
727 2274 790 2302 sqq.
818 2274 899 2301 quam

158 2311 263 2344 praestet
278 2306 415 2344 praesentis
433 2306 493 2334 vitae
508 2306 638 2334 felicitati.
659 2314 679 2336 I.
700 2312 745 2336 24.
769 2307 836 2346 Ejus
856 2307 900 2335 de·

160 2348 268 2387 scriptio
283 2359 329 2387 per
343 2348 462 2386 singulas
483 2359 575 2376 causas
596 2349 757 2387 gaudiorum
768 2372 776 2384 ,
801 2350 900 2387 quibus

160 2392 278 2420 animam
294 2392 416 2420 inebriat.
435 2399 456 2421 1.
475 2397 520 2420 18.
536 2403 560 2420 n.
583 2403 646 2431 sqq.
658 2394 775 2421 Summae
797 2393 902 2422 deliciae

162 2434 269 2463 fruendi
285 2435 417 2464 consortio
427 2435 541 2464 Christi.
561 2443 582 2465 I.
600 2441 645 2464 19.
663 2447 691 2464 n.
707 2441 753 2465 20.
771 2448 798 2464 Α.
814 2442 858 2465 23.
874 2447 900 2465 c.

162 2484 208 2507 24.
223 2479 293 2507 Vitae
308 2479 419 2508 caelestis
433 2479 546 2507 felicitas
559 2490 639 2517 quam
654 2479 681 2508 in
695 2480 828 2519 baptismo
839 2481 904 2509 bau-

164 2522 258 2550 rimus.
277 2528 323 2550 Iv.
340 2527 404 2550 844.
420 2524 440 2549 Α
456 2522 511 2550 vita
527 2529 551 2550 et
565 2522 649 2560 gloria
664 2530 760 2551 aeterna
771 2524 904 2552 excidisse

164 2565 249 2603 major
259 2572 298 2594 est
311 2576 388 2604 poena
400 2576 481 2603 quam
494 2566 551 2605 ipsa
567 2567 696 2605 gehenna.
715 2574 734 2595 1.
751 2572 797 2597 20.
813 2579 839 2595 A.
856 2572 901 2596 21.

165 2612 210 2636 23.
238 2619 261 2636 Β.
289 2608 361 2636 Vitae
385 2615 486 2638 aeternae
516 2617 703 2648 argumentum
731 2618 791 2639 sunt
821 2611 902 2639 saneti

932 307 1096 334 aerumnose,
1109 296 1226 336 improbi
1250 305 1376 335 prospere
1393 295 1435 323 liic
1447 302 1561 334 agentes.
1579 302 1614 324 11.
1632 300 1675 324 16.

934 352 960 369 n.
991 352 1007 369 ε
1048 341 1229 369 Immortalem
1263 339 1347 369 vitam
1377 350 1425 367 cur
1455 349 1523 378 sa‘pc
1552 346 1678 367 memoret

934 384 1065 412 Christus.
1086 391 1155 413 VIII.
1175 388 1240 413 318.
1255 383 1330 412 Nihil
1343 383 1470 422 optatius,
1488 382 1555 410 nihil
1567 383 1678 411 suavius

933 427 1089 456 hominibus
1102 450 1108 462 ‚
1126 438 1205 465 quam
1220 427 1275 456 vita
1293 427 1349 454 sinc
1368 427 1430 454 fine.
1449 427 1494 457 lb.
1516 437 1544 454 1).
1562 436 1587 454 Ε.
1608 426 1678 454 Vita:

934 470 1099 499 diuturnitas
1113 478 1217 499 tantum
1231 470 1257 498 in
1272 469 1365 499 Veteri
1380 471 1550 498 Testamento
1566 469 1677 508 promit-

934 515 1039 543 tebatur
1051 526 1059 551 ;
1075 514 1122 543 sed
1134 515 1260 542 Christus
1271 521 1395 542 :eternam
1406 513 1536 552 promittit
1551 519 1575 542 et
1587 513 1677 541 donat.

935 560 980 588 lb.
995 559 1068 588 Vitae
1081 565 1174 586 auctor
1185 564 1223 586 est
1238 558 1285 596 qui
1302 568 1316 585 a
1332 557 1418 595 seipso
1429 557 1512 584 vitam
1523 556 1614 585 habet.
1633 563 1677 584 Ix.

936 607 981 631 84.
997 602 1076 631 Nulla
1094 601 1257 640 comparatio
1282 607 1366 640 potest
1390 600 1494 628 institui
1511 600 1580 628 inter
1595 600 1678 629 vitam

935 653 1089 685 praesentem
1105 652 1131 673 et
1154 646 1282 673 futuram.
1302 652 1321 673 I.
1338 648 1403 674 886.
1419 654 1445 671 Β.
1463 654 1488 671 c.
1505 654 1532 672 ι).
1548 650 1593 672 VI.
1613 647 1677 671 348.

935 691 1027 720 Vitam
1042 690 1159 718 suturam
1170 688 1286 728 speranti
1297 698 1368 716 mors
1383 687 1499 716 timenda
1514 697 1565 716 non
1576 694 1625 718 est.
1642 695 1676 717 II.

935 738 982 764 73.
1000 743 1025 762 c.
1039 744 1065 761 n.
1079 734 1120 761 De
1132 733 1230 760 suturae
1240 732 1302 760 vitae
1315 731 1419 760 deliciis
1430 738 1456 759 et
1468 732 1606 770 praesentis
1617 730 1680 761 vili-

936 784 988 806 tate
1001 776 1103 806 concio.
1121 783 1167 804 111.
1185 780 1248 804 402.

977 822 1043 851 Vita
1057 831 1171 860 praesens
1188 819 1267 848 datur
1289 828 1340 846 non
1365 817 1399 845 ad
1414 817 1574 854 fruendum,
1591 819 1636 846 sod
1652 824 1679 844 ut

936 875 984 903 pro
1025 865 1115 893 sutura
1150 863 1325 902 negotiemur.
1352 869 1422 891 VIII.
1457 866 1522 890 210.
1559 872 1588 890 a.
1617 865 1679 889 211.

935 908 1052 936 Omnino
1066 918 1117 936 non
1134 914 1218 946 potest
1229 907 1286 935 sine
1297 905 1437 934 laboribus
1451 911 1476 933 et
1490 905 1545 933 sine
1554 904 1680 932 aerumnis

935 951 1008 980 duci.
1026 959 1070 980 XI.
1085 956 1149 979 366.
1168 962 1191 979 B.
1204 957 1236 979 V.
1249 954 1311 978 366.
1325 960 1350 977 c.
1362 949 1424 978 ldeo
1432 950 1503 977 Deus
1518 948 1679 976 laboriosam

936 996 1011 1024 nobis
1024 994 1251 1033 vitam-reddidit,
1271 1000 1299 1021 ut
1314 1003 1360 1020 nos
1372 1003 1387 1020 a
1403 993 1531 1021 servitute
1542 992 1678 1027 liberaret,

935 1040 995 1068 etin
1008 1049 1101 1078 puram
1115 1038 1264 1066 libertatem
1280 1035 1436 1064 adduceret.
1461 1043 1507 1065 lx.
1526 1040 1588 1064 568,
1604 1046 1631 1065 Ε.
1646 1043 1677 1064 11.

942 1088 986 1112 91.
997 1090 1060 1111 ΒΝ.
1075 1087 1138 1111 366.
1151 1092 1176 1110 c.
1187 1080 1361 1109 Laboriosam
1372 1086 1397 1108 et
1409 1090 1582 1108 aerumnosam
1595 1079 1681 1107 reddi-

941 1127 990 1163 dit,
1001 1133 1029 1154 ut
1041 1126 1156 1154 suturam
1166 1125 1423 1163 concupisceremus.
1434 1129 1546 1153 II.91.n.
1559 1134 1585 1151 E.
1596 1123 1682 1151 Labo-

943 1182 983 1199 res
992 1177 1016 1199 et
1028 1180 1152 1198 aerumnae
1167 1169 1230 1197 vita:
1241 1169 1321 1207 liujus
1331 1167 1397 1196 nihil
1414 1174 1486 1203 sunt,
1502 1167 1605 1195 aeternis
1615 1178 1683 1206 prce-

944 1215 1004 1243 miis
1013 1214 1169 1252 comparati.
1178 1217 1337 1242 x³11.832.n.
1353 1223 1405 1240 aa.
1417 1212 1481 1241 Vita
1493 1222 1608 1251 praesens
1616 1218 1683 1239 tem-

945 1270 995 1298 pus
1008 1259 1133 1286 laborum
1151 1264 1175 1285 et
1197 1257 1386 1293 certaminum3
1411 1257 1500 1284 futura
1513 1255 1684 1295 praemiorum

945 1309 970 1330 et
998 1311 1168 1330 coronarum.
1194 1308 1214 1328 I.
1237 1304 1300 1328 226.
1329 1309 1392 1338 sqq.
1409 1306 1442 1327 V.
1460 1303 1505 1327 26.
1521 1309 1539 1326 n
1568 1298 1684 1326 Labores

946 1346 1007 1374 vitae
1018 1344 1139 1384 praesenti
1152 1345 1225 1372 Deus
1237 1343 1368 1377 attribuit,
1378 1343 1439 1380 quia
1449 1341 1538 1370 brevis
1549 1348 1603 1378 est3
1615 1341 1684 1369 bona

945 1396 1031 1418 autem
1047 1389 1072 1416 in
1087 1389 1206 1417 futuram
1221 1387 1382 1421 reservavit,
1398 1387 1459 1424 quia
1474 1392 1580 1413 aeterna.
1594 1391 1624 1412 v.
1639 1389 1683 1413 35.

946 1443 974 1463 I).
990 1433 1052 1462 Vita
1066 1433 1198 1461 laboriosa
1211 1431 1245 1460 ad
1261 1431 1354 1459 caelum
1369 1430 1464 1466 ducit,
1482 1430 1536 1458 vita
1555 1429 1643 1457 mollis
1659 1429 1683 1456 in

946 1477 1089 1516 perniciem
1112 1483 1144 1504 II.
1155 1481 1200 1505 38.
1212 1480 1256 1503 39.
1265 1474 1357 1504 Vitam
1366 1474 1512 1502 mollcmue
1520 1473 1685 1510 secteturqui

947 1520 1020 1559 cupit
1038 1520 1142 1558 placere
1156 1519 1221 1547 Deo.
1240 1525 1261 1546 I.
1278 1521 1342 1545 919.
1356 1528 1371 1544 Β
1401 1516 1472 1545 Vitae
1484 1516 1621 1554 praesentis
1636 1526 1687 1543 vo-

947 1563 1093 1602 luptatibus
1109 1562 1160 1590 frui
1177 1572 1228 1590 non
1244 1571 1387 1600 possumus
1405 1567 1430 1589 et
1448 1561 1554 1588 suturae.
1579 1567 1599 1587 I.
1620 1563 1683 1587 226.

947 1612 1012 1636 227.
1030 1607 1093 1636 Vita
1102 1607 1158 1634 haec
1172 1616 1280 1644 precum
1292 1612 1396 1644 tempus
1406 1612 1459 1639 est,
1472 1614 1526 1632 uon
1539 1603 1684 1631 ebrietatis.

948 1659 982 1681 x.
1010 1656 1072 1680 291.
1092 1656 1117 1679 λ.
1132 1651 1192 1679 Non
1213 1649 1266 1678 cibi
1287 1659 1365 1676 causa
1383 1648 1442 1676 data
1464 1654 1520 1681 est,
1538 1647 1585 1675 sed
1610 1646 1687 1674 cibus

947 1695 1009 1724 vitae
1029 1705 1115 1724 causa.
1145 1701 1164 1722 Ι,
1185 1698 1249 1722 881.
1270 1704 1298 1721 n.
1323 1699 1366 1721 lv.
1387 1696 1451 1720 240.
1473 1702 1499 1721 C.
1516 1691 1580 1720 Vita
1597 1690 1688 1718 isthmo

947 1747 1052 1778 tempus
1068 1737 1172 1767 serendi
1185 1743 1232 1765 est.
1249 1743 1295 1766 tv.
1310 1740 1373 1764 398.
1390 1742 1495 1773 tempus
1510 1733 1637 1763 tristitiae.
1652 1740 1684 1761 V.

949 1788 1012 1812 144.
1028 1782 1215 1812 n.certaminis
1226 1788 1264 1810 est
1275 1787 1390 1818 tempus,
1403 1788 1454 1807 non
1467 1778 1572 1815 quietis.
1584 1782 1685 1806 1914..

947 1834 980 1856 11.
998 1831 1043 1855 46.
1059 1837 1086 1854 c.
1104 1830 1168 1854 813.
1187 1828 1398 1854 Β.ΙΧ.143.0.
1422 1833 1449 1850 n.
1463 1828 1520 1849 XII.
1537 1825 1620 1848 8211.
1640 1825 1686 1848 83.

948 1870 1030 1907 Quasi
1044 1869 1173 1908 palaestra.
1186 1872 1302 1897 1v.730.
1317 1873 1378 1895 nv.
1393 1871 1455 1894 108.
1472 1876 1499 1892 n.
1513 1865 1623 1903 Semper
1632 1864 1690 1892 hcl-

948 1914 981 1942 lis
993 1914 1124 1952 impetita.
1136 1920 1169 1941 v.
1185 1917 1230 1940 46.
1248 1922 1273 1939 Α.
1291 1922 1315 1938 n.
1325 1922 1352 1938 c.
1367 1915 1411 1938 47.
1425 1911 1555 1938 Versatur
1569 1908 1595 1936 in
1608 1915 1690 1936 certa-

949 1957 1037 1992 mine,
1051 1963 1075 1985 et
1090 1954 1332 1984 innumerabilibus
1354 1953 1470 1982 inimicis
1491 1952 1568 1991 plena
1585 1958 1633 1980 est.
1659 1959 1689 1979 v.

952 2005 997 2029 56.
1025 2012 1052 2029 c.
1069 2000 1203 2029 Securitas
1224 2000 1285 2027 vitae
1311 2008 1364 2026 uon
1379 1996 1540 2036 quaerenda;
1560 1995 1692 2023 nonenim

949 2052 989 2073 est
1005 2054 1037 2072 ex
1057 2044 1129 2072 omni
1151 2049 1225 2083 parte
1244 2041 1391 2082 possibilis.
1405 2048 1436 2068 v.
1451 2044 1514 2069 366.
1529 2050 1556 2067 ε.
1572 2038 1624 2067 Sed
1636 2040 1693 2067 Deo

951 2089 1043 2126 gratim
1055 2086 1180 2126 agendae,
1195 2087 1241 2125 qui
1257 2086 1353 2114 liberat
1364 2083 1524 2123 apericulis.
1540 2084 1585 2110 Ib.
1604 2093 1630 2110 A.

995 2131 1065 2160 V'tae
1092 2130 1160 2158 benc
1187 2128 1356 2157 instituendae
1377 2134 1401 2155 ct
1417 2126 1525 2165 agendae
1547 2126 1626 2154 ratio.
1645 2133 1690 2154 XI.

953 2180 1018 2204 461.
1039 2188 1062 2203 Λ.
1081 2185 1104 2202 Β.
1128 2185 1154 2202 c.
1173 2174 1245 2202 Vitae
1260 2179 1284 2201 et
1296 2172 1389 2200 mortis
1402 2172 1481 2199 varim
1497 2169 1690 2198 distinctiones.

956 2226 1000 2247 XI.
1017 2222 1080 2246 246.
1094 2228 1118 2244 Β.
1135 2228 1160 2245 c.
1177 2227 1205 2243 n.
1230 2220 1294 2244 247.
1317 2213 1369 2243 Sed
1384 2213 1466 2242 animi
1482 2213 1536 2241 vita
1556 2219 1656 2240 constat
1671 2218 1696 2240 ct

955 2261 1084 2300 religione
1096 2267 1121 2288 et
1135 2259 1285 2288 actionibus
1299 2257 1410 2286 vivendi
1422 2267 1480 2295 quie
1492 2266 1554 2285 cum
1569 2256 1697 2294 religione

955 2304 1128 2333 consentiant.
1148 2310 1180 2331 II.
1196 2307 1260 2331 932.
1282 2312 1310 2329 n.
1333 2302 1368 2329 Et
1385 2311 1456 2329 mors
1473 2300 1554 2328 animi
1567 2306 1604 2327 est
1617 2300 1669 2326 vita
1683 2310 1697 2326 a

955 2349 1051 2388 pietate
1064 2354 1090 2376 et
1104 2346 1207 2384 legibus
1219 2346 1314 2373 aliena.
1332 2346 1376 2373 Ib.
1394 2343 1455 2373 Vita
1470 2343 1539 2371 bona
1554 2353 1622 2381 quac.
1639 2349 1694 2370 VII.

957 2397 1020 2421 546.
1038 2402 1064 2420 E.
1081 2402 1106 2418 a.
1120 2390 1185 2418 Vita
1198 2389 1299 2428 optima
1314 2397 1365 2416 non
1383 2386 1493 2414 aliunde
1510 2397 1589 2424 quam
1603 2397 1636 2414 ex
1652 2386 1700 2414 di-

956 2436 1018 2464 vina
1040 2433 1201 2473 operatione.
1219 2440 1264 2462 Ix.
1280 2436 1342 2459 399.
1355 2430 1452 2459 c-Vita
1465 2439 1577 2468 praesens
1593 2430 1634 2457 via
1648 2436 1698 2463 est,

957 2489 1014 2517 quae
1031 2485 1058 2506 ut
1080 2476 1229 2506 secundum
1249 2474 1381 2514 justitiam
1401 2484 1415 2501 a
1430 2483 1510 2501 manu
1527 2483 1641 2511 superna
1655 2471 1700 2500 de-

957 2523 1070 2550 ducatur
1080 2531 1146 2560 opus
1157 2519 1245 2547 habet.
1261 2526 1293 2547 V.
1312 2523 1354 2546 42.
1371 2528 1398 2546 c.
1412 2517 1484 2546 Vitae
1498 2516 1577 2544 radix
1587 2516 1698 2554 justitia.

959 2574 1005 2595 lx.
1016 2570 1070 2594 572
1098 2575 1126 2593 u.
1140 2564 1204 2592 Vin..
1221 2562 1308 2591 omnis
1320 2572 1378 2600 qum
1390 2561 1479 2599 agitur
1491 2571 1524 2588 ex
1539 2560 1701 2594 virtute,est

958 2609 1120 2648 justitia-Vt.
1134 2611 1197 2635 203,
1209 2606 1305 2635 n.Vita
1319 2612 1387 2633 recta
1402 2611 1439 2632 est
1449 2604 1702 2642 veritaszpeccatuin

1457 2662 1501 2685 ’26.
