1910 2907
0 1340 104 1370 2.p.633.

639 208 726 229 NUNC
755 207 883 229 Ptittitmt
912 206 1023 228 ADORN
1034 208 1094 229 ,t‘itt
1104 223 1111 230 .

91 302 95 305 ,
116 270 286 298 Parasceven.
305 281 319 295 »
338 271 399 298 Imo
415 269 511 308 viginti
525 268 640 304 diebus,
657 268 678 296 si
696 268 852 306 vigesimam

113 322 216 344 sextam
243 316 335 344 Martii
351 338 358 349 ,
383 326 442 354 quae
467 315 624 343 parasceves
638 337 646 350 ‚
672 322 699 343 et
722 314 853 342 decimam

114 369 215 391 sextam
229 362 328 401 Aprilis
341 385 347 397 ‚
363 373 417 400 qua
432 369 528 390 sanctae
543 361 684 390 Domninae
699 361 794 389 festum
812 370 854 388 ce-

113 407 267 437 lebrabatur
280 431 288 445 ,
305 419 488 438 connumeres,

153 454 202 482 His
212 454 369 493 adjicimus,
383 464 429 482 nos
441 464 474 481 ex
486 453 666 482 admonitione
676 452 746 481 circa
757 451 855 480 tumul-

113 507 171 529 tum
188 501 213 528 in
228 500 376 529 accedendo
390 500 420 529 ad
437 511 538 528 sacram
553 500 767 529 communionem
779 521 786 534 ‚
803 508 854 526 non

113 548 231 576 multum
248 548 365 582 moveri,
382 554 410 576 ut
431 558 488 575 eam
503 547 544 575 vel
561 547 588 574 in
604 556 703 574 annum
719 546 777 574 586
788 567 795 578 ‚
813 544 856 573 vel

115 593 140 621 in
156 604 255 621 annum
267 593 324 621 587
337 593 510 631 conjiciamus
535 593 628 630 Neque
642 591 712 619 enim
729 591 755 618 in
770 589 854 618 homi-

114 639 158 667 liis
177 646 280 667 tantum
294 639 327 666 de
343 638 432 666 Natali
447 645 471 666 et
492 637 525 665 de
543 637 695 676 Epiphania
710 635 856 664 admonitio

114 685 272 723 hujusmodi
289 684 417 719 occurrit,
433 683 481 712 sed
501 684 580 712 etiam
593 684 619 711 in
633 682 743 711 homilia
759 692 857 721 praece-

113 730 186 758 denti
202 731 236 758 de
257 730 328 759 Juda
344 730 480 769 proditore
492 751 498 763 ,
514 730 591 768 cujus
605 738 704 756 annum
725 727 859 764 assignare

115 786 167 805 non
180 776 329 816 potuimus.
345 776 420 811 Quid
432 776 503 804 enim
516 775 677 804 incommodi
698 774 800 802 accidat
813 796 820 809 ‚
836 773 859 802 si

115 832 247 861 ponamus
262 822 484 861 Chrysostomum
508 821 600 850 multis
614 821 750 858 variisque
761 820 836 848 annis
852 842 859 856 ‚

116 868 179 906 quia
195 879 245 907 par
265 868 399 897 tumultus
412 880 426 897 a
440 869 540 908 populo
555 867 755 901 concitabatur,
768 866 858 894 eadem

68 925 105 944 1¹5
117 915 156 943 uti
168 914 352 943 admonitione
361 926 429 954 opus
443 915 577 942 habuisse.
590 913 700 942 Meliori
712 913 794 951 igitur
808 913 861 941 cal-

115 961 177 989 culo
202 961 228 989 in
253 971 352 989 annum
374 961 433 989 592
452 960 611 995 referimus,
632 959 681 987 etsi
701 969 752 987 non
774 959 861 987 omnis

115 1017 228 1045 prorsus
242 1006 345 1035 tollitur
355 1006 499 1035 dubitandi
512 1016 601 1034 causa.
619 1006 687 1034 Nam
701 1012 727 1033 ut
739 1005 860 1033 diximus

115 1051 142 1079 in
155 1052 259 1080 Monito
272 1051 306 1079 ad
323 1051 448 1080 homilias
461 1059 485 1080 et
497 1051 577 1087 alibi,
591 1051 687 1079 tabulae
700 1050 840 1079 Paschales
850 1072 858 1085 ,

113 1108 172 1136 quae
191 1105 253 1127 sunt
267 1098 460 1137 posterioribus
482 1098 587 1126 saeculis
604 1098 782 1132 concinnatae,
798 1107 859 1125 cum

114 1144 249 1172 veteribus
263 1144 375 1173 calculis
394 1155 445 1172 non
464 1155 569 1184 semper
588 1142 762 1178 concordant,
775 1142 860 1181 iisque

114 1200 167 1218 non
182 1190 291 1219 omnino
304 1190 371 1219 fides
385 1198 424 1221 est
437 1191 571 1220 habenda.

156 1237 283 1265 Nondum
308 1237 405 1276 elapsis
429 1237 525 1275 viginti
548 1236 643 1265 diebus
671 1247 684 1264 a
711 1237 858 1264 parasceve

117 1282 239 1319 Paschae,
255 1283 280 1311 in
296 1294 347 1321 qua
362 1283 516 1311 concionem
530 1282 564 1311 de
578 1283 735 1311 Coemeterio
750 1289 775 1310 et
791 1283 859 1311 Cru-

116 1340 146 1358 ce
167 1329 255 1365 dixit,
273 1330 419 1358 Homitiam
443 1330 538 1358 habuit
564 1329 598 1358 de
623 1330 671 1359 SS.
695 1330 806 1358 Bernice
833 1336 859 1357 et

117 1375 248 1404 Prosdoce
273 1376 426 1414 virginibus
449 1383 472 1404 et
498 1375 531 1404 de
553 1377 581 1404 S.
608 1375 742 1403 Domniua
769 1386 858 1403 earnm

117 1428 212 1460 matre,
231 1428 259 1449 ut
271 1422 326 1461 ipse
348 1422 558 1461 Chrysostomus
570 1421 710 1460 perspicue
721 1421 793 1449 dixit
810 1421 858 1449 ini—

118 1468 166 1498 tio,
185 1468 300 1496 Orditur
320 1474 409 1496 autem
431 1467 571 1496 ostendens
590 1474 650 1495 ante
665 1467 765 1495 Christi
786 1477 860 1495 mor-

117 1521 188 1550 tem,
203 1525 264 1542 cum
289 1514 409 1543 nondum
431 1514 489 1553 ipse
513 1520 603 1553 portas
623 1524 703 1542 cereas
724 1520 749 1541 et
772 1520 859 1541 vectes

118 1561 216 1589 ferreas
240 1560 387 1588 crucifixus
410 1560 602 1598 confregisset,
618 1560 740 1588 homines
762 1559 859 1588 admo-

117 1607 183 1636 dum
209 1614 320 1636 mortem
339 1608 483 1642 metuisse;
507 1608 533 1635 in
554 1608 762 1646 exemplumque
782 1608 860 1635 affert

118 1654 191 1682 viros
219 1654 245 1682 in
272 1654 356 1682 veteri
378 1653 435 1692 lege
453 1653 647 1688 sanctissimos,
674 1653 858 1681 Abi-ahamum

118 1710 229 1739 nempe,
241 1699 373 1729 Jacobum
385 1707 409 1728 et
423 1700 528 1728 Heliam
539 1722 545 1734 ‚
558 1699 603 1737 qui
618 1699 751 1738 ingentem
767 1699 860 1727 mortis

117 1747 240 1775 timorem
255 1757 310 1785 prae
324 1757 351 1774 se
362 1746 490 1774 tulerunt.
504 1746 566 1774 Post
581 1753 695 1774 mortem
710 1756 772 1773 vero
783 1745 861 1773 Chri-

117 1793 166 1828 sti,
184 1792 202 1820 ii
223 1793 269 1831 qui
294 1793 339 1830 qui
355 1793 381 1820 in
399 1793 487 1831 ipsum
503 1791 615 1820 credunt
631 1792 757 1829 illiusque
771 1802 860 1819 amore

117 1845 254 1873 tenentur,
267 1845 379 1866 mortem
391 1838 499 1866 omnino
514 1844 701 1873 contemnunt,
716 1837 769 1865 imo
785 1837 859 1865 illam

116 1891 265 1923 appetunt3
282 1895 329 1912 nec
349 1884 399 1912 viri
427 1883 523 1919 modo,
539 1883 585 1911 sed
609 1883 688 1911 etiam
715 1883 857 1918 mulieres,

119 1930 215 1967 puellae
231 1937 257 1958 et
271 1930 396 1968 virgines
409 1929 627 1957 Hinchistoriam
639 1929 705 1957 texit
718 1929 841 1957 Bernices
853 1951 860 1964 ,

118 1976 266 2005 Prosdoces
286 1983 311 2004 et
336 1977 476 2004 Domninae
502 1985 594 2003 earum
616 1975 726 2008 matris,
743 1985 801 2012 qum
825 1974 859 2002 ad

118 2029 230 2050 mortem
245 2032 293 2061 pro
309 2021 416 2049 Christo
428 2021 544 2059 quaesilae
553 2043 560 2056 ‚
570 2020 666 2049 divino
680 2020 786 2048 afflante
797 2021 859 2059 Spi-

118 2067 171 2096 ritu
186 2090 193 2104 ‚
207 2068 234 2096 in
249 2068 349 2096 ssumen
365 2078 392 2095 se
408 2068 553 2105 conjecere.

158 2114 227 2143 Huic
251 2113 368 2142 homilia:
389 2113 469 2141 aliam
495 2112 702 2151 subjungiinuS‚
720 2123 779 2150 quae
799 2112 861 2140 licet

119 2170 170 2188 non
185 2159 293 2195 eodem,
311 2159 357 2187 sed
381 2159 472 2197 ignoto
491 2158 571 2186 nobis
586 2169 654 2186 anno
669 2158 740 2186 dicta
762 2158 840 2186 suerit
854 2181 862 2194 ,

119 2206 163 2234 hic
178 2212 264 2233 tamen
277 2204 509 2233 commemoranda
525 2210 563 2232 est
575 2227 581 2238 ,
597 2204 657 2242 quia
674 2204 795 2242 quaedam
815 2205 862 2232 ha-

119 2251 164 2280 bet
177 2251 211 2279 ad
226 2251 413 2290 explicandam
431 2250 549 2288 priorem
561 2257 722 2289 opportuna.
742 2249 861 2277 Antehac

121 2297 210 2335 ignota
231 2297 350 2335 primum
364 2308 379 2324 a
398 2297 473 2325 nobis
493 2297 562 2324 edita
580 2297 640 2326 fuit.
666 2296 762 2323 llabita
781 2307 860 2334 porro

121 2350 158 2371 est
174 2342 264 2382 paucis
287 2349 346 2381 post
368 2343 598 2370 Resurrectionem
615 2342 722 2370 Domini
744 2342 839 2369 diebus
853 2364 859 2376 ‚

121 2395 145 2417 et
162 2387 285 2425 quidem,
298 2395 326 2416 ut
337 2388 365 2415 in
379 2388 430 2416 fine
445 2388 580 2416 concionis
596 2387 730 2421 innuitur,
748 2387 773 2415 in
796 2388 860 2415 sesto

122 2441 274 2462 sanctarum
290 2433 428 2469 Bernices,
445 2434 590 2462 Prosdoces
605 2441 629 2462 et
643 2434 784 2461 Domninae
800 2445 861 2462 ma-

122 2480 180 2508 tris.
208 2479 258 2507 Hic
286 2486 374 2507 autem
400 2480 460 2508 illas
485 2480 643 2508 nominatim
672 2490 723 2507 non
748 2488 862 2508 recenset

124 2526 332 2565 Chrysostomus
343 2547 350 2561 ,
364 2525 408 2553 sed
423 2525 487 2554 adeo
501 2526 570 2554 clare
582 2525 681 2553 indicat
691 2549 698 2561 ,
712 2532 740 2553 ut
753 2526 863 2564 perinde

124 2579 225 2600 certum
241 2571 275 2599 sit
290 2571 323 2599 de
338 2571 392 2599 illis
408 2572 450 2610 agi
464 2594 471 2607 ‚
486 2578 564 2609 atque
582 2572 605 2600 si
616 2572 740 2610 ‘proprio
758 2573 863 2600 nomine

125 2617 334 2657 appellarentur.
347 2617 443 2655 Agitur
457 2617 583 2645 nimirum
597 2617 630 2645 de
645 2624 728 2646 matre
738 2624 762 2646 ct
777 2617 811 2646 de
826 2618 864 2646 fi-

1586 213 1591 232 i
1605 202 1646 231 ’ἦ

907 267 1080 306 liabus,quae
1094 269 1231 298 servando„=
1253 269 1315 297 fidei
1339 270 1526 308 pudicitiaeque
1546 283 1622 299 causa
1640 295 1646 306 ,

907 319 966 350 post
982 313 1100 341 relictam
1115 314 1228 353 patriam
1248 325 1303 343 sese
1321 315 1347 343 in
1369 315 1468 344 flumen
1490 317 1645 356 proecipita-

907 366 979 387 runt.
997 359 1138 397 Singulare.
1147 360 1286 400 quidpiam
1299 361 1343 389 hie
1355 361 1467 400 carptim
1479 361 1560 396 dicit,
1575 363 1646 400 quod

907 406 932 433 iu
948 405 1036 444 priore
1046 405 1079 434 de
1092 406 1139 435 SS.
1154 407 1265 435 Bernice
1279 414 1303 435 et
1319 407 1452 436 Prosdoee
1467 408 1578 436 homilia
1595 419 1646 437 nou

907 459 1057 490 comparet;
1080 463 1173 491 nempe
1195 460 1338 492 tyranuum
1361 454 1503 491 quemdam
1526 455 1647 482 caelibem

908 498 1091 536 virginitatem
1107 509 1212 535 earum,
1234 510 1329 539 nempe
1350 501 1490 528 Domninae
1508 501 1624 529 filiarum
1636 524 1644 535 ,

908 551 1009 572 tentare
1029 545 1161 581 voluisse,
1174 545 1219 574 seil
1241 547 1385 574 inaccessas
1405 547 1485 575 fuisse
1507 547 1644 585 virgines:

909 590 979 628 quod
994 591 1086 628 utique
1098 592 1159 620 licet
1171 592 1280 620 sileatur
1297 593 1322 620 in
1337 593 1425 631 priore
1439 615 1446 627 ‚
1462 594 1585 631 congruit.
1605 600 1647 621 ta-

908 647 967 664 men
980 647 1040 664 eum
1063 637 1180 675 iis,qnae
1200 648 1274 666 num.
1289 640 1306 666 7
1322 638 1464 674 dicuntur,
1477 650 1572 678 nempe
1597 641 1650 668 Do-

909 682 1027 710 muinam
1040 693 1095 711 sese
1110 693 1170 711 cum
1187 684 1294 712 filiabus
1308 684 1333 712 in
1345 685 1443 713 [lumen
1459 686 1648 724 pixeciliitasse,

910 739 960 756 non
977 728 1049 765 quod
1066 735 1193 757 tormenta
1212 737 1360 763 metueret,
1381 730 1427 758 sed.
1449 731 1521 768 quod
1546 732 1650 759 timeret

911 785 942 803 ue
956 774 1016 812 quis
1030 774 1148 802 siliarum
1163 786 1272 803 suarum
1288 776 1471 813 virginitatem
1491 788 1649 815 corrumpe-

910 827 949 848 ret
961 832 966 847 :
978 832 1030 858 quo
1043 821 1287 859 innuiturjudicem
1297 832 1340 849 seu
1354 828 1497 860 tyrannum
1510 823 1650 851 Domninae

910 866 1018 894 filiabus
1033 866 1189 905 cupiditatis
1199 868 1289 896 oculos
1305 867 1443 906 adjecisse.
1458 868 1529 896 Huic
1541 867 1574 896 de
1590 879 1647 896 san-

911 913 959 941 ctis
975 912 1133 941 mulieribus
1152 913 1266 941 sermoni
1289 915 1425 952 praemittit
1444 915 1653 953 Chrysostomus

911 958 1044 986 concionis
1060 959 1196 997 pi·aetei·itae
1212 960 1354 997 reliquias,
1370 960 1415 988 ubi
1431 967 1571 999 postquam
1584 972 1653 999 quas-

911 1004 992 1032 situm
1014 1004 1176 1039 suerat,cur
1198 1006 1312 1034 Jonnnes
1335 1007 1405 1034 solus
1427 1007 1652 1045 evangelistarum

911 1050 944 1078 dc
960 1051 1058 1079 Lazaro
1079 1051 1260 1089 quatriduano
1275 1052 1402 1090 loquutus
1415 1059 1479 1080 esset
1492 1065 1500 1092 3
1514 1063 1572 1081 cum
1587 1064 1654 1081 cuu-

912 1108 968 1125 sam
985 1097 1131 1133 attulisset,
1146 1097 1179 1125 de
1192 1098 1291 1126 Lazaro
1305 1109 1356 1126 uon
1377 1109 1463 1137 pauca
1486 1099 1563 1128 solito
1583 1100 1654 1138 stylo

911 1142 1043 1171 edisserit.
1059 1143 1102 1172 Ex
1114 1150 1232 1182 tempore
1242 1151 1330 1172 autem
1341 1145 1510 1183 pronuntiata
1522 1145 1604 1174 suisse
1613 1145 1656 1174 vi-

910 1188 989 1217 detur
1001 1189 1058 1217 lisec
1070 1189 1160 1218 concio
1172 1214 1180 1228 ,
1201 1197 1229 1218 ut
1240 1191 1299 1219 aliae
1311 1201 1363 1219 non
1378 1201 1471 1230 paucae
1481 1213 1490 1226 ,
1505 1202 1564 1229 quae
1583 1191 1655 1230 paris

911 1242 973 1263 suut
988 1236 1136 1264 brevitatis.

952 1283 982 1309 ln
997 1282 1067 1310 hunc
1082 1293 1183 1311 annum
1193 1282 1384 1311 Tillemontius
1397 1283 1497 1311 confert
1509 1283 1656 1312 Homiliam
1668 1290 1808 1318 T.2.p.447.

912 1327 946 1356 de
971 1329 1145 1363 Aseensfflne,
1173 1329 1235 1366 quin
1259 1340 1353 1368 nempe
1374 1337 1432 1368 post
1456 1330 1601 1359 lloulilium
1623 1330 1657 1358 de

913 1375 1068 1403 Cnemeterio
1090 1382 1115 1403 et
1141 1375 1225 1403 Cruce
1238 1397 1245 1409 ‚
1260 1386 1319 1412 quau
1342 1375 1431 1404 habita
1447 1376 1527 1404 fuisse
1544 1383 1655 1415 putatur

912 1431 981 1448 anno
996 1422 1052 1448 302
1064 1444 1071 1457 ‚
1084 1420 1156 1448 dicta
1173 1421 1223 1448 suit
1238 1433 1243 1448 :
1261 1431 1321 1448 nam
1338 1421 1363 1449 in
1380 1421 1512 1460 principio
1533 1422 1657 1450 llomiliae

913 1466 947 1494 de
963 1467 1122 1495 Ascensione
1136 1466 1220 1494 dicit:
1237 1479 1250 1493 (ι
1270 1466 1358 1494 Etiam
1375 1477 1435 1495 cum
1453 1468 1538 1495 crucis
1552 1478 1657 1496 memo-

914 1513 981 1540 riam
996 1512 1158 1540 recoluimus
1169 1534 1176 1547 ,
1191 1519 1266 1540 extra
1283 1512 1376 1540 urbem
1388 1513 1445 1550 ejus
1464 1513 1658 1541 solemnitatem

913 1558 1144 1592 celebravimus;»
1156 1557 1271 1595 indeque
1279 1557 1366 1595 arguit
1378 1557 1469 1586 eodem
1478 1569 1547 1586 auno
1560 1566 1658 1586 utram-

913 1615 963 1642 que
975 1604 1095 1632 habitam
1107 1603 1197 1640 suisse,
1207 1614 1257 1632 non
1274 1604 1488 1633 animadvertens
1501 1605 1659 1644 Chrysosto-

913 1661 987 1678 mum
1004 1649 1079 1678 initio
1097 1650 1232 1678 concionis
1248 1649 1281 1677 de
1296 1650 1452 1678 Cceineterio
1468 1657 1491 1678 et
1508 1651 1593 1678 Cruce
1614 1650 1655 1679 di-

913 1707 972 1725 cere
983 1719 989 1731 ,
1002 1707 1035 1724 ex
1058 1696 1115 1733 lege
1140 1696 1193 1724 lata
1209 1707 1222 1723 a
1242 1695 1388 1734 majoribus
1409 1703 1539 1725 statutum
1556 1697 1636 1726 fuisse
1650 1721 1657 1731 ,

914 1750 942 1771 ut
960 1743 1112 1771 solemnitas
1142 1742 1216 1770 isiaec
1239 1749 1314 1770 extra
1339 1742 1473 1770 civitatem
1497 1743 1522 1770 iu
1538 1742 1655 1781 quodam

913 1789 1047 1827 assignato
1062 1789 1120 1817 loco
1136 1788 1324 1816 celebraretur.
1338 1788 1410 1826 Ergo
1423 1789 1565 1826 quotannis
1580 1796 1656 1817 extra

913 1835 1007 1863 urbem
1024 1835 1051 1863 in
1065 1834 1107 1863 die
1123 1835 1280 1863 Paraseeves
1297 1841 1442 1862 conventus
1465 1835 1631 1862 habebantur
1648 1846 1654 1860 :

913 1891 960 1908 nec
976 1888 1061 1919 potest
1076 1880 1224 1919 quidquam
1248 1891 1282 1908 ex
1306 1891 1388 1918 supra
1411 1880 1498 1908 allatis
1522 1880 1608 1908 verbis
1624 1881 1658 1909 ad

913 1937 1012 1954 anuum
1029 1925 1200 1954 statuendum
1217 1925 1318 1963 colligi.
1332 1925 1394 1953 ldeo
1409 1933 1497 1953 autem
1518 1933 1593 1954 extra
1614 1938 1657 1955 ur-

913 1972 974 2000 bem
989 1973 1119 2001 celcbrari
1136 1972 1187 1999 hoc
1202 1972 1299 1999 festum
1314 1970 1396 2005 dicit,
1414 1972 1475 2009 quia
1493 1972 1542 2000 isto
1556 1973 1582 2000 in
1599 1973 1657 2001 loco

914 2025 1045 2057 martyres
1060 2017 1156 2056 sepulti
1178 2023 1261 2044 erant.
1285 2017 1419 2052 Quoniam
1442 2028 1504 2045 vero
1522 2017 1613 2046 eodem
1630 2019 1656 2046 in

913 2065 970 2092 loco
984 2064 1062 2092 etiam
1078 2063 1194 2091 haeretici
1214 2062 1325 2100 quidam
1347 2062 1445 2101 sepulti
1463 2064 1565 2091 fuerant
1578 2087 1586 2099 ,
1610 2075 1657 2092 uec

913 2110 970 2138 sine
980 2110 1106 2148 scrupulo
1122 2109 1238 2147 populus
1252 2107 1285 2136 ad
1300 2109 1421 2146 sepulcra
1434 2117 1585 2148 martyrum
1599 2121 1656 2149 pre·

914 2166 956 2185 ces
970 2155 1114 2191 fundebat,
1130 2155 1164 2182 ob
1180 2154 1255 2182 illam
1270 2153 1415 2190 viciniam5
1433 2155 1493 2183 ideo
1510 2155 1657 2184 Flavianus

914 2203 1053 2242 episeopus
1073 2212 1134 2230 vera
1151 2208 1302 2239 martyrum
1315 2211 1372 2229 ossa
1395 2201 1472 2229 istinc
1490 2203 1587 2229 auferri
1606 2214 1656 2231 cu-

915 2255 1028 2284 mvernt,
1036 2255 1060 2276 et
1076 2247 1101 2275 in
1113 2247 1250 2275 ecclesiam
1261 2247 1446 2275 Roinanesiam
1457 2247 1555 2275 dictam
1571 2255 1659 2277 traus-

916 2294 1034 2333 portari,
1062 2293 1106 2321 ubi
1130 2293 1247 2332 populus
1266 2293 1446 2331 precabatur,
1467 2300 1492 2322 et
1517 2295 1657 2324 conciones

917 2341 1092 2368 habebantur.
1112 2339 1220 2367 Exhinc
1233 2349 1296 2367 vero
1311 2338 1344 2366 (lc
1356 2339 1458 2377 augelis
1473 2340 1573 2378 ubique
1589 2347 1613 2368 et
1631 2341 1657 2368 iu

916 2385 1034 2415 ecclesiis
1047 2385 1164 2413 maxime
1172 2384 1345 2423 praesentibus
1356 2384 1488 2422 loquitur:
1498 2386 1587 2424 aitque
1598 2386 1658 2415 dia-

917 2443 1012 2461 conum
1030 2432 1056 2460 in
1073 2431 1194 2470 Liturgia
1210 2430 1315 2467 dicere,
1333 2431 1482 2469 Angelum
1503 2434 1585 2470 pacis
1609 2443 1658 2460 ro-

917 2486 995 2518 gate.
1014 2480 1104 2507 Postea
1121 2478 1154 2506 de
1171 2477 1329 2506 Ascensione
1344 2478 1454 2506 Domini
1470 2478 1525 2515 agit
1542 2501 1548 2513 ,
1565 2478 1658 2507 docet-

918 2537 970 2564 que
982 2524 1114 2563 quomodo
1127 2524 1250 2553 Christus
1262 2524 1296 2551 ad
1307 2523 1445 2551 dexteram
1458 2524 1544 2552 Patris
1553 2524 1657 2561 sedens,

919 2571 1049 2600 mediator
1066 2571 1113 2600 Dei
1127 2578 1152 2599 et
1166 2570 1306 2598 hominum
1321 2569 1363 2597 sit.
1386 2569 1516 2604 Quaenum
1531 2569 1642 2598 disseren
1654 2587 1660 2591 -

920 2619 955 2647 tia
969 2619 1002 2647 sit
1019 2618 1085 2646 inter
1101 2616 1288 2646 Asceusionem
1309 2615 1410 2643 Christi
1433 2622 1458 2643 ct
1480 2616 1660 2644 ascensionem
