1884 2922
714 217 815 239 INDEX

73 289 100 308 A.
117 289 142 308 n.
158 277 327 307 Judtetomm
341 276 461 305 osticium
476 277 628 305 innumeras
643 277 713 316 parit
727 278 811 306 mole-

72 321 120 348 tias
135 327 161 349 et
175 320 291 348 multum
310 320 420 358 negotii.
438 327 458 348 I.
476 325 541 350 488.
559 330 584 348 E.
606 332 632 348 A.
655 325 717 349 489.
733 320 811 350 Judi-

71 364 142 392 cium
158 364 307 403 prolatum,
321 365 429 392 absente
442 364 525 392 altera
540 371 614 403 parte
632 364 748 392 irritum.
763 372 809 393 III.

72 412 134 436 620.
157 419 182 436 c.
206 418 234 438 n.
257 407 364 437 Judicia
380 408 527 446 anteposito
546 408 607 436 velo
626 408 735 438 fiebant.
751 415 809 437 VII.

72 456 134 480 513.
150 451 255 490 12:543.
275 462 300 479 c.

111 495 251 525 Judieium
265 495 455 534 conscriptum,
470 494 537 532 quid
550 494 593 523 sit.
608 501 640 523 V.
655 499 719 525 602.
735 505 764 525 1).
782 506 808 523 ε.

71 542 185 578 Arguet
198 539 233 567 de
241 540 362 577 judicio,
379 539 444 576 quid
459 538 510 567 sibi
527 539 604 567 vetit.
621 545 690 567 VIII.
706 543 770 567 526.
784 549 809 566 Β.

110 583 251 613 Judicium
265 583 411 621 aliquando
430 583 565 622 justitiam
588 583 732 621 significat.
752 589 809 611 VII.

73 631 138 656 495.
153 637 180 656 Λ.

111 670 248 700 Judicium
259 669 294 698 de
303 670 363 698 aliis
374 671 444 698 ferre
456 669 640 709 prohibemur.
654 677 674 698 I.
686 675 812 699 160.VII.

72 719 138 745 723.
149 725 175 743 Ε.
185 726 211 742 A.
224 719 328 743 X-104.
346 725 372 743 B.
385 725 410 743 e.
426 714 514 752 Majus
522 713 686 752 supplicium
694 721 813 742 sumetur

72 758 144 787 deco
152 759 197 796 qui
206 758 239 786 de
247 758 369 797 proximo
377 757 513 796 judicans,
525 757 596 794 quod
608 758 664 796 ipse
676 768 727 786 non
737 757 810 791 facit,

72 803 100 831 in
111 803 170 831 aliis
182 803 277 840 exigit.
292 809 347 830 VII.
364 806 427 830 723.
442 812 470 829 E.
485 801 611 831 Judicare
619 801 653 829 de
669 802 748 830 fratre
761 811 813 829 non

72 846 147 875 decet
159 857 220 875 eum
231 848 278 884 qui
292 846 400 874 crimini
413 852 453 874 est
464 845 607 875 obnoxius.
626 852 684 874 vn.
702 849 766 874 723.
785 856 810 873 A.

71 897 106 919 X.
122 896 266 919 105.n.1-:.
277 890 393 918 maxime
405 890 425 918 si
435 890 534 917 eaedem
545 889 597 917 sint
607 889 692 927 culpae
704 899 770 921 suae,
780 889 814 917 de

71 935 169 971 quibus
179 934 277 972 arguit.
293 940 350 962 vlt.
369 937 432 961 325.
449 942 475 962 n.
492 932 575 966 Illud,
590 932 813 971 Nolitejudica-

71 989 111 1013 re,
135 977 269 1016 quomodo
293 976 509 1014 intelligendum.
529 983 586 1004 VII.
611 980 674 1003 322.
696 986 725 1003 D.
747 980 811 1004 323.

71 1022 226 1059 Numquam
239 1027 336 1049 temere
344 1020 439 1048 fratres
451 1019 657 1054 condemnandi,
673 1030 757 1057 neque
766 1031 813 1048 au-

71 1065 130 1094 ditu
141 1065 197 1093 solo
208 1065 241 1093 de
249 1064 487 1104 illisjudicandum
499 1071 547 1092 est.
558 1071 604 1092 IV.
617 1069 681 1092 347.
695 1075 720 1093 Β.
733 1064 812 1093 Judi-

71 1109 144 1138 cium
160 1109 276 1137 Domino
291 1108 492 1137 reservandum.
512 1115 569 1136 VII.
583 1113 647 1137 512.
663 1119 689 1136 c.
707 1109 746 1136 Ne
758 1108 811 1136 ita-

71 1164 124 1191 que
134 1153 168 1181 de
181 1153 410 1191 aliisjudicemus,
422 1163 468 1180 net:
480 1151 513 1180 ad
527 1163 618 1190 segnes
630 1152 811 1190 respiciamus,

71 1197 118 1226 sed
131 1197 167 1225 ad
180 1197 326 1225 Dominum
334 1197 425 1226 Jesum
441 1196 588 1230 Christum,
606 1203 630 1224 et
647 1196 708 1224 iude
720 1206 814 1224 exem-

71 1240 147 1279 plum
160 1250 308 1269 sumamus.
323 1247 382 1268 VII.
396 1244 461 1268 723.
475 1251 502 1267 A.
517 1239 681 1277 Atquamvis
694 1239 745 1266 hoc
755 1249 814 1277 pec-

71 1291 159 1313 catum
171 1291 269 1312 tantam
278 1293 410 1312 annexam
419 1283 513 1311 babeat
523 1293 638 1321 poenam,
657 1282 813 1320 nullamque

72 1328 237 1367 voluptatem
260 1328 362 1367 pariat,
380 1337 472 1355 omnes
488 1334 573 1355 tamen
590 1327 617 1355 in
640 1327 690 1354 hoc
711 1326 812 1354 malum

71 1372 220 1411 praecipites
239 1370 384 1398 currimus.
400 1377 420 1399 1.
440 1375 540 1398 160.1·:.
556 1381 580 1399 A.
607 1370 721 1398 Etiamsi
742 1369 812 1398 nihil

71 1416 148 1444 aliud
162 1415 226 1443 mali
240 1414 453 1449 fecissem1=s‚vel
464 1414 514 1442 boc
525 1425 606 1442 uuum
620 1420 708 1452 posset
722 1424 770 1442 nos
786 1414 812 1442 iu

72 1467 218 1489 extremam
230 1459 377 1496 gehennam
389 1457 538 1493 abducere3
551 1458 586 1486 ita
596 1458 696 1485 scilieet
707 1457 812 1485 alieno-

72 1515 133 1532 rum
147 1503 305 1531 delictorum
320 1502 409 1530 acerbi
424 1501 530 1540 judices
549 1501 679 1530 sedemus.
708 1508 729 1529 I.
748 1506 810 1529 160.

73 1547 211 1575 Neminem
226 1545 304 1574 facile
323 1545 440 1573 invenias
450 1568 457 1579 7
474 1545 532 1573 sire
544 1545 698 1573 saecularem
710 1545 812 1579 virum,

73 1592 130 1619 sive
141 1590 301 1618 monachum
317 1596 362 1617 aut
377 1589 503 1616 clericum
514 1611 521 1625 ‚
535 1589 569 1617 ab
583 1589 632 1616 ista
647 1588 727 1626 culpa
742 1587 814 1616 libe-

72 1645 142 1663 rum.
160 1641 181 1662 Ι.
202 1638 266 1662 160.
284 1644 312 1661 Ε.

111 1677 219 1707 Judicia
231 1677 281 1705 Dei
291 1676 485 1704 inscrutabilia.
503 1683 524 1705 t.
537 1680 600 1705 549.
613 1677 700 1711 Quam
714 1675 812 1703 sintti-

71 1721 176 1750 menda.
191 1728 237 1750 XI.
251 1725 316 1749 728.
336 1729 362 1746 r.
391 1719 502 1758 Semper
519 1717 659 1757 cogitanda
673 1725 745 1746 sunt.
764 1725 810 1746 lv.

72 1769 136 1793 238.
151 1775 177 1793 E.

110 1808 250 1837 Judicium
261 1817 375 1845 praesens
388 1814 412 1834 ct
425 1807 558 1839 futurum,
570 1806 596 1833 in
608 1816 662 1843 quo
673 1805 808 1834 differant.

72 1859 104 1881 Υ.
117 1856 163 1880 73.
180 1862 208 1880 1).
224 1850 354 1879 Generale
366 1850 500 1887 judicium
514 1850 539 1877 in
557 1850 677 1877 futurum
690 1860 810 1878 reserva·

73 1903 129 1923 tum
141 1902 197 1929 θεῖς
210 1894 343 1931 singulare
353 1901 441 1921 autem
455 1894 535 1921 etiam
545 1893 589 1921 hic
600 1900 646 1921 est.
660 1900 692 1921 V.
711 1899 773 1922 118.
785 1904 810 1922 c.

72 1941 129 1967 Cur
138 1948 208 1977 saepe
221 1937 344 1966 Christus
358 1936 493 1975 judicium
504 1958 511 1970 ,
524 1936 618 1970 vitam,
635 1937 810 1965 resurrectio-

72 1992 132 2010 nem
144 1987 282 2010 memoret.
300 1987 372 2010 VIII.
390 1984 453 2008 263.
472 1992 499 2007 A.
515 1991 541 2007 B.
558 1984 622 2007 264.

111 2026 249 2055 Juditium
263 2025 384 2053 futurum
399 2031 424 2052 et
432 2034 522 2062 poenas
532 2023 660 2060 erantqui
672 2031 808 2062 negarent.

72 2076 104 2098 V.
131 2074 192 2097 143.
219 2079 245 2098 e.
267 2073 329 2096 144.
349 2075 394 2096 XI.
411 2072 475 2095 390.
494 2077 520 2094 c.
545 2077 575 2094 D.
596 2065 738 2095 ,Iudicium
761 2078 809 2106 po-

71 2119 200 2140 stremum
227 2112 353 2139 asseritur
380 2117 404 2138 et
432 2110 571 2148 probatur.
599 2116 655 2138 VII.
684 2115 748 2138 204.
778 2121 806 2138 D.

71 2160 136 2185 834.
150 2166 178 2183 n.
194 2166 220 2183 E.
235 2167 260 2182 A.
276 2162 346 2183 VIII.
359 2159 423 2182 308.
440 2166 465 2181 A.
483 2165 505 2182 Β.
522 2158 585 2182 309.
601 2161 647 2182 XI.
663 2158 725 2182 391.
739 2165 810 2193 prae-

71 2199 160 2227 sertim
173 2209 206 2227 ex
219 2199 318 2226 invicta
330 2198 380 2226 Dei
391 2198 506 2237 justitia.
523 2204 568 2226 XI.
587 2201 652 2225 391.
669 2208 694 2225 c.
710 2197 810 2226 Nullus

71 2249 108 2270 est
123 2242 214 2276 homo,
232 2242 274 2270 vel
290 2242 403 2270 Graecus
415 2264 421 2276 ,
442 2240 483 2269 vel
498 2240 620 2273 Judaeus,
637 2241 679 2268 vel
700 2240 808 2268 haereti-

70 2297 126 2320 cus,
151 2286 196 2323 qui
219 2286 251 2313 dc
269 2285 372 2324 judicio
395 2296 446 2313 non
467 2285 568 2313 timeat.
586 2292 633 2313 XI.
653 2289 718 2313 744.
741 2296 765 2312 A.
787 2286 808 2312 Α

69 2329 208 2368 prophetis
228 2328 394 2367 prtedicitur.
412 2335 432 2356 Ι.
452 2333 515 2356 694.
535 2329 565 2356 In
585 2327 628 2356 die
649 2327 746 2366 judicii
764 2328 809 2365 qui

70 2372 126 2400 vivi
139 2379 226 2406 erunt,
240 2382 292 2399 non
306 2371 462 2400 morientur.
482 2379 527 2399 Vt.
542 2376 606 2401 358.
626 2377 653 2399 1⁴²
669 2371 726 2400 col.
742 2371 810 2399 Nul-

69 2417 112 2444 lus
133 2416 202 2443 illud
220 2415 330 2453 effugiet
349 2415 497 2453 judicium.
522 2422 542 2443 I.
563 2419 626 2442 889.
643 2414 745 2443 Judicii
760 2425 808 2442 ex-

70 2459 149 2487 tremi
161 2459 314 2497 descriptio.
327 2465 359 2486 II.
378 2462 442 2487 318.
462 2468 488 2486 c.
502 2469 529 2486 n.
545 2462 608 2487 319.
624 2464 668 2485 vt.
682 2462 744 2486 343.
760 2464 807 2486 lx.

71 2507 135 2531 632.
156 2513 182 2531 Β.
201 2509 234 2531 X.
255 2506 317 2530 598.
337 2512 362 2529 B.
384 2506 447 2529 599.
466 2508 512 2529 XI.
529 2505 594 2528 346.
616 2512 642 2528 A.
661 2505 725 2528 347.
750 2507 808 2529 XII.

72 2551 135 2575 492.
149 2546 227 2574 Illius
247 2546 346 2583 imago.
368 2552 388 2573 Ι.
413 2549 458 2573 20.
479 2548 526 2572 21.
544 2548 588 2571 93.
610 2550 642 2574 ΙΙ,
661 2548 723 2572 539.
743 2554 769 2572 E.
783 2556 808 2571 A.

74 2594 138 2620 551.
155 2601 177 2618 B.
192 2594 255 2619 552.
272 2593 336 2617 869.
359 2599 385 2617 c.
407 2599 434 2615 n.
451 2588 541 2622 Quam
559 2586 724 2615 tremendum
739 2586 809 2615 illud

843 217 970 240 Ittitttm.

1537 207 1605 255 295

863 285 1026 316 postremum
1044 277 1190 316 judicium.
1214 284 1236 307 Ι.
1260 282 1322 306 947.
1346 287 1373 307 Ε.
1392 284 1438 308 Π.
1464 282 1529 307 345.
1546 285 1604 307 VII.

865 326 927 350 522.
945 329 1016 351 VIII.
1034 327 1097 351 259.
1112 333 1137 350 c.
1156 330 1201 351 IX.
1219 326 1282 350 512.
1310 321 1476 350 horrendum
1495 322 1554 351 erit.
1574 330 1607 351 X.

864 371 926 395 589.
942 378 970 396 A.
985 369 1110 402 Quantus
1124 375 1187 396 tunc
1202 375 1314 396 tremor.
1336 374 1369 395 II.
1389 371 1453 397 159.
1471 378 1498 395 n.
1515 379 1541 396 E.
1557 374 1603 396 XI.

865 415 927 439 555.
944 411 1006 439 Dies
1018 411 1063 438 illa
1077 411 1166 450 probis
1178 411 1314 450 optabilis,
1329 411 1513 450 peccatoribus
1525 411 1604 439 terri-

863 454 936 482 bilis.
956 461 1013 483 vlt.
1028 459 1093 483 951.
1109 466 1135 482 A.
1150 455 1284 483 Omnibus
1294 456 1344 482 erit
1356 455 1543 493 incorruptum
1559 455 1607 492 ju-

863 498 976 525 dicium.
994 505 1026 526 V.
1053 503 1117 527 250.
1139 509 1165 527 c.
1191 509 1218 526 D.
1245 503 1310 526 251.
1334 499 1393 526 Non
1414 508 1606 537 personarum,

863 540 909 569 sed
929 552 1040 580 operum
1057 542 1100 570 fiet
1115 542 1242 581 acceptio.
1266 549 1286 570 Ι.
1311 546 1356 570 48.
1376 554 1400 570 A.
1425 542 1513 571 Stabit
1528 542 1608 570 bomo

864 585 936 613 solus
953 595 1014 613 cum
1025 585 1152 624 operibus
1163 586 1230 621 suis,
1247 596 1361 624 quorum
1377 596 1455 614 causa
1473 586 1514 614 vel
1534 596 1610 614 coro-

864 630 984 665 nabitur,
1001 631 1044 659 vel
1060 631 1244 660 damnabitur.
1270 638 1303 660 v.
1321 636 1385 659 618.
1403 641 1427 658 c.
1452 631 1483 658 In
1502 631 1609 669 judicio

868 674 991 702 Christus
1000 685 1090 712 poenas
1102 674 1478 704 inferetvelbouores.1.630.
1490 675 1608 713 Postju-

867 716 970 746 dicium
981 724 1143 754 extremum,
1154 718 1259 751 caelum,
1275 724 1342 746 terra
1357 724 1382 746 et
1394 724 1512 746 creatura
1523 719 1610 746 omnis

865 760 915 789 erit
928 761 1105 799 splendidior.
1126 768 1145 789 1.
1168 766 1212 789 19.
1229 771 1258 790 n.
1276 771 1303 791 E.
1326 762 1368 789 De
1381 761 1478 789 ultimo
1494 761 1604 791 Judicio

867 804 979 842 Ecloga.
993 811 1050 833 XII.
1064 809 1126 833 809.
1138 815 1207 843 sqq.

906 848 1007 877 Judicii
1032 848 1088 876 dies
1112 859 1217 887 semper
1235 848 1262 876 in
1287 855 1375 876 mente
1399 848 1542 876 versanda.
1571 855 1605 879 V,

865 896 929 920 415.
948 898 1017 920 VIII.
1033 896 1097 920 307.
1114 902 1139 919 Β.
1154 897 1217 920 308.
1232 891 1283 919 Hic
1296 898 1383 919 metus
1401 892 1507 920 frenum
1522 892 1608 920 estad

865 935 930 963 vitia
949 935 1110 964 cohibenda.
1134 943 1179 964 XI.
1203 940 1268 965 817.
1292 946 1319 962 n.
1336 946 1361 963 t.
1376 937 1458 965 Juvat
1479 935 1558 963 etiam
1573 935 1608 963 ad

865 978 948 1007 vitam
964 985 1035 1007 recte
1047 979 1250 1007 instituendam.
1268 986 1302 1009 II.
1316 983 1380 1008 500.
1394 991 1418 1008 c.
1433 991 1462 1007 n.
1478 989 1505 1007 Ε.
1520 978 1608 1007 Adve-

865 1021 954 1050 niente
965 1021 1077 1061 judis-io,
1094 1023 1201 1050 nullum
1214 1022 1344 1060 supererit
1354 1029 1459 1062 tempus
1470 1022 1504 1051 ad
1519 1023 1609 1062 poeni-

866 1066 975 1094 tentiam
990 1065 1150 1104 augendam.
1168 1074 1212 1095 IX.
1228 1071 1291 1095 532.
1307 1076 1331 1094 E.

904 1111 1053 1140 Jndicinm
1080 1113 1112 1137 in
1128 1110 1212 1138 valle
1236 1111 1395 1150 Josaphac.
1419 1117 1465 1140 Vt.
1488 1115 1553 1139 794.
1579 1122 1606 1138 A.

868 1159 900 1182 1⁶
918 1154 970 1183 col.

903 1199 1012 1226 ,ἶσοι-ΓΠ
1041 1197 1208 1235 imperatoris
1236 1197 1329 1225 functa
1358 1204 1397 1226 est
1419 1198 1518 1226 officio.
1537 1204 1607 1226 VIII.

866 1245 928 1269 420.
942 1251 967 1269 c.
978 1241 1084 1269 Jtlditlz
1097 1241 1228 1269 historia.
1246 1247 1279 1268 V.
1298 1245 1363 1269 735.

873 1317 880 1322 .
904 1285 1003 1313 Jnecm
1019 1283 1120 1312 Christi
1132 1284 1268 1321 quomodo
1282 1295 1363 1313 suave
1378 1285 1423 1313 sit.
1437 1291 1494 1313 VII.
1512 1289 1606 1313 4822.

905 1329 1036 1356 JULHNAE
1057 1334 1082 1355 et
1106 1327 1166 1356 aliis
1196 1328 1289 1356 scribit
1310 1328 1529 1367 Chrysostomus.
1558 1336 1604 1357 III.

866 1376 930 1400 840.
949 1383 974 1400 A.

905 1416 1045 1443 JULtANth
1068 1421 1183 1454 martyr,
1211 1415 1306 1452 Cilix,
1334 1415 1403 1443 sicut
1429 1415 1542 1446 Paulus.
1573 1423 1606 1444 11.

866 1463 930 1487 803.
945 1468 971 1486 c.
988 1459 1018 1486 In
1034 1469 1136 1486 saevum
1154 1458 1247 1487 incidit
1262 1466 1410 1498 tyrannum
1424 1480 1430 1494 ‚
1447 1459 1493 1496 qui
1510 1459 1556 1487 diu
1573 1459 1607 1487 il-

866 1502 884 1530 li
898 1502 980 1530 modo
994 1503 1144 1539 minitatur,
1168 1502 1250 1531 modo
1265 1502 1355 1530 verbis
1377 1513 1438 1530 eum
1453 1503 1551 1532 allicit.
1570 1510 1604 1532 II.

867 1551 931 1574 803.
955 1557 984 1575 D.
1006 1547 1114 1584 Integre
1134 1556 1202 1574 anno
1225 1557 1272 1585 per
1286 1546 1411 1574 Ciliciam
1427 1546 1607 1574 circumduci—

866 1596 920 1623 tur,
938 1596 964 1617 et
982 1589 1126 1627 ignominia
1141 1590 1268 1618 afficitur.
1288 1598 1321 1618 II.
1337 1594 1400 1618 803.
1422 1600 1446 1617 Ε.
1462 1594 1485 1618 Α
1498 1591 1606 1619 tortori-

866 1632 916 1661 bus
928 1633 1056 1669 laniatur,
1071 1634 1206 1671 variisque
1220 1634 1307 1662 modis
1322 1634 1469 1662 cruciatur.
1489 1641 1523 1662 It.
1539 1639 1605 1663 805.

866 1686 892 1704 A.
909 1687 934 1704 B.
951 1677 1023 1705 Inter
1040 1684 1170 1705 tormenta
1185 1677 1289 1716 placide
1301 1677 1470 1714 loquebatur.
1490 1685 1522 1706 ΙΙ.
1538 1682 1603 1707 806,

866 1731 893 1749 ι).
910 1720 1031 1748 Tandem
1045 1721 1070 1749 in
1088 1731 1163 1749 sacco
1175 1721 1321 1749 includitur
1336 1731 1396 1748 cum
1410 1720 1606 1758 scorpionibus,

866 1763 964 1802 viperis
987 1771 1011 1791 et
1030 1763 1203 1799 draconibus,
1223 1771 1247 1792 et
1269 1765 1295 1792 in
1315 1774 1388 1792 mare
1402 1763 1551 1802 projicitur.
1573 1771 1606 1793 II.

866 1811 928 1835 806.
945 1818 970 1835 B.
988 1809 1092 1845 Corpus
1114 1807 1215 1836 Juliani
1243 1808 1393 1836 Antiochiae
1420 1813 1606 1835 sexcentorum

864 1850 996 1878 bonorum
1018 1851 1169 1880 thesaurus.
1190 1858 1223 1880 II.
1242 1856 1304 1880 807.
1325 1861 1352 1880 E.
1375 1851 1456 1879 Multi
1471 1857 1607 1880 sexcentas

863 1894 1011 1922 sanationes
1033 1905 1066 1922 ex
1085 1895 1141 1933 ejus
1156 1895 1243 1924 loculo
1262 1895 1462 1932 decerpserunt,
1486 1904 1533 1922 nec
1547 1894 1606 1922 fru-

863 1944 921 1965 ctus
932 1936 1037 1965 defecit.
1054 1945 1087 1966 tt.
1105 1943 1169 1966 809.
1184 1938 1261 1966 Illius
1277 1937 1449 1977 sepulchrum
1465 1937 1603 1965 daetnones

862 1980 1017 2008 formidant.
1032 1988 1065 2010 ΙΙ.
1077 1986 1142 2009 805.

902 2025 1017 2052 Jtrqut
1029 2024 1152 2052 monaehi
1167 2024 1268 2054 laudes.
1286 2032 1332 2054 XI.
1354 2029 1414 2053 186,
1430 2036 1458 2052 n.
1477 2035 1504 2052 E.

903 2068 1045 2096 JULIANUS
1055 2068 1230 2106 Apostata‚ad
1240 2069 1384 2107 imperium
1396 2075 1513 2103 evectus,
1525 2077 1606 2105 quam

864 2110 1036 2139 simulaverat
1054 2112 1210 2150 religionem
1225 2113 1418 2145 Christianam,
1437 2111 1550 2150 respuit.
1568 2118 1603 2140 II.

864 2159 928 2183 667.
943 2165 968 2182 Β.
986 2166 1010 2183 ‹:.
1039 2156 1069 2183 In
1086 2157 1172 2184 Deum
1196 2167 1290 2184 manus
1306 2156 1422 2184 sustulit.
1451 2163 1483 2185 II.
1495 2160 1560 2183 635.
1575 2166 1604 2183 B.

864 2197 973 2225 Cultum
998 2197 1110 2226 deorum
1136 2199 1307 2227 instauravit.
1332 2206 1365 2227 tt.
1393 2204 1458 2227 667,
1485 2210 1510 2227 c.
1534 2203 1602 2227 668.

865 2242 1003 2270 Daemones
1025 2242 1099 2269 omni
1121 2242 1208 2270 cultus
1235 2252 1328 2280 genere
1348 2242 1459 2271 colebat.
1483 2249 1514 2270 II.
1536 2246 1599 2270 636.

865 2284 933 2312 Aula
953 2285 1123 2323 imperatoria
1145 2286 1247 2324 magis,
1261 2286 1366 2315 vatibus
1377 2308 1384 2321 ,
1401 2285 1601 2325 haruspicibus,

863 2328 1101 2365 praestigiatorihus
1113 2350 1122 2366 5
1135 2329 1247 2366 aliisque
1263 2330 1408 2358 infamibus
1429 2329 1604 2367 fugitivisque

863 2371 929 2398 viris
943 2372 1048 2400 referta.
1061 2379 1092 2400 tt.
1105 2376 1170 2401 637.
1185 2377 1247 2401 667.
1259 2383 1284 2400 c.
1296 2376 1365 2401 Cum
1381 2372 1567 2401 meretricibus
1578 2379 1603 2400 et

863 2416 1060 2455 lenonibuspcr
1072 2418 1166 2446 urbem
1179 2418 1325 2446 incedebat.
1344 2426 1377 2446 II.
1394 2423 1459 2446 668.
1476 2417 1602 2446 Julianus

863 2459 958 2488 histrio
980 2468 1098 2489 vocatus.
1122 2469 1155 2491 II.
1180 2466 1243 2490 671.
1265 2462 1466 2490 Necromantias
1487 2466 1603 2496 exercet,

863 2514 1060 2541 puerorumque
1074 2505 1166 2532 caedes.
1184 2512 1214 2533 II.
1232 2509 1296 2533 668.
1314 2516 1337 2533 n.
1355 2505 1453 2533 Omnia
1466 2503 1601 2532 daemoni-

863 2547 913 2574 bus
936 2553 960 2575 et
979 2548 1104 2585 malignis
1120 2548 1259 2586 spiritibus
1272 2547 1468 2577 redundabant.
1492 2554 1524 2575 II.
1539 2551 1605 2575 637.

863 2589 995 2627 Daphnen
1009 2591 1158 2628 frequenter
1173 2601 1232 2619 cum
1245 2592 1334 2619 multis
1351 2591 1468 2619 donariis
1481 2590 1607 2619 Julianus
