1950 2922
255 174 320 216 240
952 180 1019 201 ΜΘΝ
1026 178 1077 201 ιΤυ
1083 180 1119 201 Μ,

251 244 395 281 tollantur3
409 242 524 272 secunda
534 264 541 278 ,
555 252 586 270 nc
601 247 749 280 peccatores
765 239 798 267 dc
819 238 912 277 seipsis
929 239 1087 277 desperent,
1103 238 1150 266 sed
1173 237 1298 277 exemplo
1321 237 1450 275 Davidis,
1463 238 1634 268 consessionis
1649 245 1674 267 et
1686 238 1811 278 poeniten—

253 291 295 320 tiae
318 291 465 320 remedium
483 289 645 323 adhibeant,
663 286 766 315 etiamsi
790 285 816 313 in
842 292 946 324 peecata
971 285 1129 321 reciderint3
1151 285 1243 320 tertia,
1259 285 1305 323 qui
1327 285 1402 314 Jesus
1427 285 1639 322 Cliristus‚cum
1660 286 1732 314 solus
1756 286 1812 314 sinc

252 346 360 378 peccato
375 345 456 374 esset,
473 337 539 365 alios
551 336 629 363 etiarn
641 335 727 372 justos
747 333 773 360 in
794 340 900 372 peccata
917 332 1034 361 incidere
1053 333 1190 372 permisit,
1204 339 1231 360 ut
1249 340 1339 371 postea
1354 332 1413 361 aliis
1428 333 1588 371 poenitentiae
1604 333 1757 373 exemplum
1769 343 1812 361 es-

251 393 317 414 sent.
334 386 442 423 [Prima
461 385 516 412 haec
531 383 614 411 oratio
630 381 732 409 caeteris
747 380 858 418 quidem
873 391 932 418 quae
947 387 1096 418 sequuntur
1110 380 1189 418 paulo
1206 380 1300 408 melior
1314 387 1362 415 est,
1379 379 1489 417 indigna
1506 387 1592 408 tamen
1612 381 1813 420 Chrysostomo.

251 433 360 471 Stylum
373 431 557 459 declamatoris
569 439 616 456 nos
626 427 777 455 dixerimus
792 427 836 455 liic
847 427 963 455 eminere
973 450 979 459 ,
995 427 1136 455 rhetoricis
1153 427 1246 455 formis
1258 434 1283 455 et
1299 426 1432 455 locutione
1448 427 1534 455 fucata
1547 427 1646 456 exilem
1661 427 1758 465 ingenii
1773 428 1815 455 sa-

252 480 376 507 cultatem
391 476 593 505 dissimulantis.
607 475 681 503 Nihil
705 474 749 502 hic
767 485 909 502 nervorum
919 497 927 511 7
944 474 1013 502 nihil
1027 485 1097 503 verae
1112 475 1263 511 nativaeqne
1278 474 1445 512 eloquentiae.
1461 473 1564 502 Laudes
1580 474 1694 502 Davidis
1708 475 1744 502 ita
1759 485 1814 513 pn-

251 533 291 554 tas
305 532 472 553 cantaturum
489 523 570 551 fnisse
586 523 809 561 Clu·ysostomum
820 545 827 557 ‚
843 532 925 550 unum
940 521 1047 549 dicendi
1063 532 1145 559 genus
1159 532 1206 560 per
1223 521 1327 549 infinita
1343 521 1462 549 membra
1478 521 1657 560 repetentem?
1668 520 1814 558 Ecquando

251 571 334 609 copiaz
347 580 402 598 sua:
421 576 474 597 tam
495 579 590 608 parcus
606 568 701 603 suerit,
719 574 806 596 tamve
823 567 900 607 inops
913 567 1028 606 ingenii,
1043 575 1070 596 ut
1088 574 1142 596 tota
1157 578 1233 607 paene
1250 567 1336 595 oratio
1347 589 1354 601 ‚
1368 567 1394 595 in
1408 567 1453 595 tali
1473 567 1620 606 praesertim
1642 574 1814 605 argumento,

252 617 341 646 verbis
354 616 463 645 biblicis
477 616 501 645 ei
520 615 686 644 contexenda
709 615 809 644 fuerit?
823 616 858 644 Et
876 615 947 653 quod
964 625 1074 654 prorsus
1092 614 1277 643 consuetudini
1292 615 1477 654 Chrysostomi
1495 621 1644 654 repugnat,
1658 625 1744 643 sermo
1759 615 1816 643 sine

252 664 308 693 ulla
326 664 495 693 conclusione
514 663 603 692 subito
621 663 809 701 abrumpitur,
822 663 848 691 in
875 663 1019 701 doxologia
1041 662 1138 691 aliena.
1164 663 1256 700 Neque
1279 672 1391 700 usquam
1410 662 1476 690 alibi
1496 661 1616 690 vidimus
1633 662 1662 690 S.
1674 663 1815 690 Doctorem

251 712 315 740 talia
330 723 362 740 ex
378 711 486 749 liturgia
504 717 668 739 enarrantem
680 733 688 747 ‚
704 711 794 748 qualia
816 711 942 749 leguntur
958 722 984 750 p.
1000 712 1070 739 3202.
1088 711 1176 750 Ipsam
1192 711 1273 748 igitur
1286 710 1432 738 orationem
1447 720 1499 738 non
1514 721 1529 738 a
1545 709 1737 749 chrysostomo
1755 720 1816 748 pro-

254 759 349 787 sectam
359 781 366 795 ‚
376 758 519 788 exordium
531 765 617 786 tamen
633 768 666 786 ex
681 758 771 796 aliquo
784 758 899 797 genuino
913 760 970 798 ejus
985 768 1106 786 sermone
1118 757 1275 796 decerptum
1290 757 1442 796 putamus]

1023 877 1065 906 ΙΙ.

296 975 435 1005 Secundus
458 986 563 1013 sermo⁷
579 985 641 1015 pag.
657 975 731 1009 ⁹206,
748 974 781 1003 de
796 974 828 1002 iis
852 974 898 1012 qni
924 974 949 1002 in
971 974 1074 1013 jejunio
1095 974 1259 1003 continenter
1272 974 1382 1009 vivunt,
1400 980 1449 1002 etc.
1463 995 1470 1010 ,
1485 974 1562 1012 eujus
1578 973 1700 1011 initium,
1717 974 1752 1002 Οἱ
1772 972 1818 1010 μὲν

257 1025 368 1059 ἀθληταὶ
390 1026 447 1053 καθ’
467 1024 580 1058 ἑκάστην
597 1024 718 1062 ἡμέραν,
733 1033 784 1051 non
804 1029 843 1051 est
864 1022 1072 1062 Chrysostomi,
1089 1029 1119 1050 ut
1144 1022 1234 1050 statim
1256 1021 1438 1060 deprehendet
1461 1021 1584 1060 quisquis
1609 1021 1666 1060 ejus
1692 1031 1818 1060 germana

256 1083 336 1112 opera
347 1072 455 1101 assidue
469 1072 564 1110 legerit
576 1078 601 1100 et
615 1070 772 1099 observarit.
789 1069 905 1100 Videtur
920 1079 975 1098 esse
989 1069 1130 1109 cujusdam
1147 1069 1266 1098 Graeculi
1282 1075 1471 1098 commentum.

1010 1187 1071 1215 111.

297 1289 404 1317 Tertius
416 1298 513 1323 sermo,
530 1288 562 1316 de
574 1287 761 1326 Temperantia
772 1310 779 1322 ,
795 1297 856 1325 pag.
871 1286 944 1322 208,
959 1286 1035 1325 cujus
1049 1285 1172 1321 initium,
1186 1284 1265 1314 ΕὈσοι
1285 1284 1425 1322 μαθήμασί
1447 1296 1500 1313 τισι
1519 1284 1745 1324 προσεδρεύοντες.
1756 1284 1820 1312 Ηεοο

256 1336 319 1364 item
342 1334 452 1362 homilia
474 1333 631 1362 brevissima
641 1355 649 1369 ‚
664 1333 855 1372 Clirysostomo
870 1343 979 1372 prorsus
1000 1332 1110 1371 indigna
1130 1331 1249 1360 videtur.
1265 1331 1448 1369 Eamdemque
1463 1331 1620 1360 sententiam
1635 1332 1735 1359 laturos
1747 1331 1821 1359 arbi-

257 1390 312 1410 tror
325 1392 429 1417 omnes,
440 1382 486 1420 qui
507 1381 534 1409 in
554 1381 673 1419 legendis
686 1381 743 1420 ejus
756 1380 883 1420 operibus
897 1380 1010 1416 versati,
1023 1387 1048 1408 et
1066 1379 1189 1408 ordiendi
1210 1378 1322 1407 modum
1339 1386 1363 1407 et
1383 1379 1484 1418 stylum
1498 1386 1523 1408 et
1537 1379 1696 1408 brevitatem
1709 1379 1819 1407 nimiam

258 1427 433 1468 perpendent.

1022 1514 1076 1543 lv.

299 1614 417 1649 Quartus
432 1624 518 1642 sermo
532 1613 566 1641 de
580 1613 708 1642 Parabola
724 1612 815 1641 decem
830 1612 947 1641 millium
962 1613 1133 1646 talentorum,
1148 1619 1173 1641 et
1191 1619 1283 1641 contra
1297 1611 1405 1642 Judaeos
1415 1635 1422 1647 ‚
1437 1622 1499 1651 pag.
1519 1612 1577 1641 ato
1589 1635 1596 1648 ,
1610 1612 1687 1651 cnjus
1703 1612 1823 1649 initium,

260 1660 296 1689 ‘ll
314 1661 359 1700 μὲν
380 1665 427 1697 τῆς
446 1662 601 1695 δεσποτικῆς
618 1661 831 1700 φιλανθρωπίας,
847 1667 885 1689 est
899 1661 1078 1699 fragmentum
1101 1659 1288 1688 brevissimum
1304 1659 1429 1687 alicunde
1441 1659 1588 1690 divulsum.
1605 1661 1643 1688 An
1660 1659 1728 1688 inter
1741 1671 1820 1699 opera

262 1709 446 1748 Chrysostomi
464 1709 557 1737 lateret
578 1709 676 1736 frustra
696 1709 818 1746 quaesivi.
836 1708 880 1737 Ob
902 1708 1014 1737 nimiam
1033 1708 1191 1738 brevitatem
1207 1707 1343 1745 judicium
1364 1707 1427 1735 fetri
1448 1717 1500 1735 non
1521 1718 1596 1746 posse
1614 1706 1722 1736 videtur
1737 1718 1769 1736 an
1789 1707 1824 1738 sit

262 1757 372 1786 Joannis
387 1755 591 1796 Chrysostomi,
605 1765 696 1784 necne.

1028 1850 1067 1879 V.

305 1949 422 1984 Quintus
445 1958 531 1976 sermo
552 1948 586 1977 de
604 1948 748 1987 Sanguinis
762 1949 839 1977 fluxu
859 1948 1012 1983 laborante,
1027 1959 1090 1987 pag.
1105 1949 1177 1985 fflO,
1190 1949 1265 1988 cujus
1279 1948 1386 1977 initium
1400 1955 1453 1985 est,
1467 1949 1569 1983 Ἄλλοις
1586 1949 1634 1987 μὲν
1652 1949 1734 1983 ἄλλοις
1754 1953 1768 1980 ὁ
1782 1953 1828 1979 τοῦ

266 1996 324 2034 βίου
334 2019 340 2029 ,
361 2006 413 2024 non
436 2002 474 2024 est
493 1995 694 2035 Chrysostomi,
707 1995 753 2024 sed
767 1996 907 2035 eujusdam
921 1996 1053 2030 Graeculi,
1064 1996 1110 2034 qui
1126 1997 1214 2025 sutilia
1231 2007 1281 2025 non
1298 2007 1382 2036 pauca
1396 1996 1543 2025 admiscet:
1558 2007 1589 2025 ac
1603 1996 1636 2025 de
1651 2007 1680 2025 ea
1702 2008 1761 2035 quse
1778 2008 1826 2036 per

265 2043 406 2072 duodecim
421 2053 503 2072 annos
516 2043 655 2082 sanguinis
669 2043 747 2072 ssuxu
762 2043 929 2073 laboraverat
945 2043 1061 2072 ridicule
1078 2054 1159 2082 agens
1170 2067 1177 2080 ,
1193 2044 1259 2083 quid
1272 2044 1313 2072 illi
1325 2044 1438 2083 singulis
1450 2044 1526 2073 annis
1539 2043 1663 2073 acciderit
1675 2044 1823 2074 divinando

268 2091 376 2129 profert.

1024 2186 1048 2213 V
1058 2184 1079 2212 1.

310 2284 408 2312 Sextus
422 2294 506 2312 sermo
517 2307 524 2320 ,
535 2284 608 2322 quod
621 2285 689 2313 mari
704 2285 800 2313 similis
811 2285 845 2313 sit
859 2285 916 2314 haec
931 2285 999 2320 vita,
1014 2295 1077 2324 pag.
1092 2285 1151 2314 215
1161 2308 1168 2321 ‚
1181 2286 1257 2325 cujus
1269 2285 1376 2314 initium
1385 2309 1392 2322 ‚
1404 2287 1439 2315 Οἱ
1454 2287 1574 2324 πελάγιοι
1589 2288 1726 2326 πλωτῆρες
1735 2309 1743 2322 ,
1758 2288 1828 2316 ἐπει-

271 2330 334 2365 δάν,
347 2340 398 2358 non
412 2336 450 2358 est
468 2330 651 2369 Chrysostomi
661 2354 668 2367 ,
680 2338 709 2359 ut
722 2331 813 2369 quivis
828 2337 958 2360 emunctae
976 2331 1048 2360 naris
1064 2331 1160 2368 homo,
1173 2331 1201 2359 in
1216 2331 1299 2360 sancti
1313 2331 1428 2360 doctoris
1441 2342 1551 2371 operum
1563 2332 1674 2361 lectione
1694 2339 1825 2370 versatus,

272 2378 348 2407 facile
359 2377 545 2417 deprehendet.
557 2379 624 2407 Nam
637 2386 661 2408 et
675 2379 776 2418 stylus,
788 2386 813 2408 et
825 2379 947 2408 ordiendi
963 2386 1041 2417 atque
1055 2378 1229 2408 concionandi
1244 2379 1340 2409 modus
1349 2402 1357 2417 ,
1371 2380 1526 2409 Graeculum
1539 2379 1655 2419 sapiunt.

1020 2498 1091 2527 Vll.

314 2592 450 2631 Septimus
463 2602 565 2630 sermo,
585 2603 646 2631 pag.
664 2594 738 2632 916,
755 2594 780 2622 ῐι]
796 2594 864 2623 illud
875 2617 882 2631 ,
897 2597 1005 2625 Simile
1017 2603 1058 2625 est
1073 2607 1191 2636 regnum
1203 2597 1339 2627 coelorum
1353 2607 1446 2634 grano
1471 2598 1595 2636 sinapis,
1611 2596 1687 2635 cujus
1698 2595 1804 2625 initium
1814 2619 1821 2630 ,
