1884 2922
247 153 315 199 374

247 227 297 258 hoc
319 227 440 258 officium
461 228 606 257 ordinavit.
634 229 677 256 lh.
703 228 807 257 Idcirco
825 229 988 257 sacerdotem

244 281 343 309 purum
353 282 408 300 esse
420 278 532 310 oportet,
542 278 675 309 tamquam
683 272 811 299 caelestem
821 272 984 300 ministrum.

243 317 288 343 lb.
305 316 403 344 Anima
427 315 571 344 sacerdotis
591 315 682 351 debet,
702 316 784 344 instar
806 315 874 344 lucis
902 323 987 345 totum

242 359 336 388 orbem
351 359 526 394 illustrantis,
543 358 693 397 splendere.
709 366 729 387 1.
751 363 814 387 519.
838 370 864 387 Α.
880 359 988 394 Quanta

242 403 345 431 virtute
358 403 457 442 pollere
469 401 574 430 debeat.
590 410 608 431 1.
622 407 687 431 472.
699 414 722 431 13.
735 414 762 433 c.
780 404 851 438 Quot
870 404 988 442 scopulis

241 445 358 474 obnoxia
382 447 415 474 sit
436 446 492 485 ejus
515 446 613 475 virtus.
628 448 674 475 ΙΙ).
691 457 717 474 c.
733 457 761 475 D.
783 458 809 475 E.
828 448 935 484 Quanta
959 448 985 477 vi

240 496 320 527 atque
334 490 461 519 violentia
476 491 516 518 uti
539 490 635 519 debeat
658 498 685 519 ut
701 491 785 530 possit
809 491 905 520 animae
930 502 984 521 suae

239 533 405 572 spiritualem
415 534 647 573 pulchritudinem
657 535 690 563 ab
701 535 773 563 omni
785 534 984 574 inquinamento

239 588 337 616 puram
358 589 476 607 servare.
500 586 521 608 1.
541 583 606 608 516.
621 590 645 607 c.
659 580 759 609 Omnes
773 590 839 618 quas
855 579 984 609 muliebre

239 632 322 660 genus
330 622 456 652 affectare
471 623 681 652 soletillecebrae
697 631 827 662 quantum
840 624 983 653 sacerdotis

238 665 358 695 animum
374 667 482 695 turbare
496 667 608 706 possint,
630 667 680 695 nisi
694 668 866 707 temperantia
881 679 909 696 se
924 679 983 696 mu-

238 709 359 739 nierit.l.
377 715 443 740 516.
461 722 488 739 c.
504 715 568 739 517.
582 722 608 740 1).
624 711 761 740 Sacerdoti
773 722 824 740 non
835 713 981 751 competit,

242 763 283 781 res
297 753 436 782 saeculares
459 760 582 782 tractare.
604 762 662 784 vlt.
677 760 740 784 914.
752 766 777 783 B.
791 766 816 784 c.
836 756 929 784 Officii
942 767 984 785 sa-

237 799 380 828 reuiotalis
391 806 490 838 quanta
501 800 657 829 difficultas.
673 808 719 831 ΧΙ.
738 806 801 830 573.
819 812 846 830 A.

277 843 431 873 Sacerdotes
445 845 560 883 peccatis
578 844 700 881 obnoxii,
715 856 807 884 quare.
819 853 852 874 11.
869 850 933 874 872.
949 857 977 875 D.

237 889 266 918 Si
280 889 427 919 sacerdotes
439 901 490 919 non
503 897 658 929 peccarent,
672 901 757 929 neque
768 889 830 920 vitre
840 892 980 921 affectibus

236 934 347 963 obnoxii
359 941 454 969 essent,
471 945 533 973 erga
548 935 614 963 alios
636 935 775 964 inhumani
796 936 901 964 veniam
917 947 980 974 pee-

237 980 359 1008 cantibus
386 991 437 1009 non
465 981 570 1009 darent.
605 982 648 1009 lh.
681 982 790 1010 Peccata
806 992 820 1009 a
846 981 980 1010 sacerdote

237 1023 427 1052 commissaff.
437 1027 502 1052 282.
513 1034 540 1051 A.
559 1023 697 1060 Sacerdos,
714 1025 797 1062 quiin
812 1025 887 1063 paria
900 1032 979 1063 atque

237 1066 339 1094 subditi
351 1066 445 1095 incidit
460 1073 576 1105 peccata,
589 1077 640 1095 non
656 1078 743 1105 pares⁷
755 1069 800 1095 sed
814 1068 899 1095 multo
913 1079 980 1106 gra-

236 1111 322 1139 viores
346 1120 436 1149 poenas
460 1110 547 1139 dabit.
564 1117 620 1138 vlt.
640 1115 703 1138 365.
727 1121 752 1139 c.
770 1111 847 1140 Nihil
864 1111 899 1139 ita
922 1115 979 1140 Deo

235 1154 370 1193 displicet,
390 1165 470 1191 quam
484 1154 505 1181 si
527 1153 586 1191 quis
600 1153 707 1192 indigne
722 1154 869 1183 sacerdotio
882 1156 979 1193 sunga-

235 1205 290 1226 tur.
306 1204 364 1227 vlt.
385 1202 449 1226 498.
463 1209 490 1226 n.
511 1197 661 1226 Sacerdotis
685 1197 824 1226 fornicatio
846 1199 979 1226 malorum

234 1243 351 1271 culmen.
368 1249 428 1270 vlt.
442 1246 506 1270 824.
521 1252 549 1269 1).
570 1241 650 1269 Multi
663 1241 842 1270 sacerdotium
861 1243 979 1271 nummis

234 1286 369 1314 emebant.
380 1293 400 1314 1.
414 1290 479 1315 349.
500 1297 524 1314 A.
541 1286 635 1313 Fastus
647 1292 672 1313 et
684 1286 835 1323 arrogantia
849 1286 977 1314 sacerdo-

232 1336 290 1358 tum
306 1329 470 1368 reprimitur.
482 1336 516 1358 X.
528 1334 573 1358 98.
589 1339 614 1357 Ε.
629 1341 655 1357 Α.
672 1330 828 1359 Sacerdotes
844 1331 976 1369 corrupti.

235 1380 269 1402 X.
286 1377 350 1402 223.
367 1383 393 1401 E.

273 1417 429 1446 Sacerdotes
461 1417 510 1445 etsi
531 1417 674 1445 eriminum
701 1417 738 1446 rei
765 1418 836 1454 sint,
861 1417 895 1446 dc
916 1418 978 1446 illo—

234 1471 294 1488 rum
308 1467 395 1489 tamen
408 1460 461 1489 vita
478 1459 601 1499 judicare
614 1461 729 1499 privatis
744 1461 782 1489 fas
797 1471 849 1489 non
864 1469 910 1490 est.
929 1469 974 1490 111.

233 1509 297 1535 228.
324 1515 348 1533 Β.
372 1509 435 1532 229.
459 1503 613 1533 Sacerdotes
643 1505 707 1533 mali
731 1505 923 1544 vituperandi,
949 1513 978 1534 ut

233 1548 303 1576 bona
320 1559 348 1576 re
366 1548 434 1576 male
449 1554 559 1583 utentes,
574 1558 624 1576 non
640 1549 828 1578 sacerdotium.
850 1557 895 1579 Vt.
912 1555 975 1579 147.

233 1603 262 1620 n.
278 1591 410 1631 Exemplo
434 1591 542 1620 Christi
570 1602 632 1630 erga
656 1593 804 1622 Pharisaeos
828 1593 978 1622 ostenditur

233 1635 393 1673 sacerdotes,
422 1636 473 1664 etsi
500 1635 619 1674 corrupti
642 1643 706 1672 stnt,
726 1643 814 1665 tamen
829 1637 977 1666 audiendos

233 1689 298 1707 esse.
312 1687 345 1708 x.
361 1684 424 1710 223,
439 1690 468 1707 A·
481 1680 613 1718 Magnum
625 1687 662 1709 est
675 1681 776 1709 malum
789 1681 814 1709 in
828 1681 977 1710 sacerdotes

235 1724 286 1752 Dei
301 1724 470 1752 insurrectio.
488 1731 519 1752 V.
536 1728 600 1752 294.
618 1735 647 1755 n.

272 1768 462 1796 Sacerdotibus
476 1779 490 1796 a
503 1768 617 1805 singulis
630 1775 735 1798 sumtus
746 1768 830 1797 libere
846 1768 976 1808 suppedi-

235 1811 361 1839 tabantur
400 1817 520 1849 tempore
554 1811 750 1851 Chrysostomi.
781 1819 827 1840 ΧΙ.
857 1817 919 1841 309.
947 1823 972 1841 c.

233 1854 441 1894 Clirysostomus
453 1862 544 1883 contra
559 1865 604 1884 eos
618 1856 750 1894 loquitur,
766 1856 812 1894 qui
828 1855 975 1885 sacerdotes

232 1899 307 1936 quod
322 1899 423 1928 victum
439 1898 567 1927 haberent
588 1900 810 1928 criminabantur.
824 1901 869 1929 lb.

271 1943 428 1971 Sacerdotes
441 1943 551 1981 quinam
566 1943 693 1982 eligendi.
708 1951 753 1972 ΧΙ.
769 1948 823 1972 655
834 1956 856 1972 n.
870 1955 893 1972 n.

271 1986 427 2014 Sacerdotes
440 1996 488 2024 pro
501 1986 674 2015 Antioelienis
686 1987 790 2015 vexatis
804 1987 887 2015 multa
905 1998 975 2026 prze-

232 2028 366 2059 stiterunt.
393 2036 426 2058 11.
454 2033 517 2058 206.
536 2039 565 2057 A.
591 2030 755 2058 sacerdotii
779 2031 919 2069 dignitas.
951 2038 972 2059 1.

233 2077 297 2102 986.
308 2084 334 2102 Δ.
349 2082 412 2111 sqq.
422 2077 486 2101 987.
498 2072 654 2101 Sacerdotes
665 2073 823 2102 honorandi.
834 2081 854 2102 1.
865 2079 928 2102 988.
945 2084 973 2102 E.

231 2115 387 2145 Sacerdotes
398 2116 425 2144 in
435 2116 603 2145 ordinatione
610 2128 688 2146 cruce
698 2117 841 2156 obsignati.
851 2125 896 2146 ΙΙΙ.
909 2123 973 2147 998.

233 2172 262 2188 Λ.
277 2161 338 2196 Quo
348 2159 402 2188 ritu
413 2159 578 2188 ordinentur.
595 2167 639 2188 Vl.
652 2165 715 2190 480.
731 2161 877 2189 Sacerdotii
891 2162 976 2190 conti-

233 2205 320 2232 nentia
333 2214 407 2232 soror
420 2210 470 2232 est.
493 2210 537 2232 Vl.
557 2208 622 2232 559.
641 2214 668 2234 D.
685 2205 798 2243 Oportet
813 2204 976 2234 sacerdotem

233 2248 354 2276 castitate
376 2254 403 2276 et
427 2247 602 2276 sanctimonia
616 2248 717 2278 ornari.
738 2255 781 2276 Π.
797 2253 862 2277 689.
884 2261 910 2277 A.
928 2249 975 2277 Sa-

233 2291 373 2321 cerdotum
401 2291 512 2320 avaritia
535 2298 655 2320 notatur.
672 2299 718 2320 w.
746 2296 810 2320 929.
831 2303 858 2320 n.
876 2298 903 2321 1²
919 2292 974 2321 col.

235 2335 312 2365 Adde
330 2339 476 2365 Pomm-Ex
496 2336 654 2372 Roxanes,
678 2337 834 2370 Pornsus,
860 2336 977 2365 Erisco-

236 2390 294 2409 rm.

277 2423 432 2452 Sacerdotes
443 2423 716 2462 gentilium‚cessante
726 2423 811 2458 lucro,
821 2423 917 2462 templa
929 2423 976 2451 ad-

237 2468 345 2495 niodum
362 2468 540 2506 negligebant.
558 2475 590 2496 lt.
607 2472 670 2496 654,
695 2480 716 2495 x.
732 2478 756 2495 B.
782 2467 874 2496 Honor
897 2479 976 2505 quem

237 2511 291 2539 illis
312 2511 455 2540 exhibebat
477 2513 634 2550 Imperator,
654 2522 696 2540 eos
731 2511 764 2539 ad
794 2511 974 2540 simulandum

238 2555 632 2593 q110‹11miuducclmt;rcssautc
644 2563 730 2585 autem
744 2555 852 2585 honore
866 2566 947 2584 ςςεευ
958 2556 975 2584 it

886 168 916 190 tn
923 167 989 190 Dtix
1017 168 1034 190 tt
1040 168 1100 190 tint:
1107 168 1129 190 M
1137 182 1143 190 .

1043 230 1140 258 cultus.
1155 231 1197 258 lb.
1213 230 1343 259 Sacerdos
1354 231 1485 269 Apollinis
1500 232 1533 261 ad
1549 233 1666 262 tribuual
1680 241 1782 273 raptus,

1042 272 1210 312 iudicareque
1236 280 1342 303 coactus
1373 281 1508 303 auctorem
1546 275 1662 305 incendii
1690 278 1782 317 templi

1042 316 1132 355 hujus,
1143 319 1194 347 sub
1209 318 1318 348 Juliano
1339 318 1426 346 effecti
1439 329 1486 357 per
1500 319 1588 357 ignem
1608 320 1641 349 de
1655 322 1720 350 caelo
1734 322 1783 350 dc-

1042 360 1214 390 missum.11.
1229 367 1294 391 674.
1312 372 1340 390 D.
1359 372 1385 390 ε.
1401 373 1428 391 A.

1080 405 1254 435 Sacerdotum
1276 406 1419 445 gentilium
1434 406 1506 434 fraus
1526 407 1648 445 insignis.
1667 415 1700 436 tt.
1715 413 1780 440 881,

1040 459 1068 476 D.
1080 458 1106 476 Ε.
1122 451 1190 479 Nam
1206 451 1293 488 ignem
1307 460 1321 478 c
1332 450 1416 478 foveis
1439 451 1489 479 sul)
1503 461 1547 479 ara
1565 451 1658 489 positis
1676 453 1781 481 emitte-

1040 491 1103 520 bant
1121 504 1229 522 sursum
1253 492 1287 521 ad
1308 494 1470 522 sacrificium
1483 494 1690 523 conficiendum.
1710 497 1753 524 ΙΙ).

1082 537 1301 566 8.ι(;ΕΜ)οΤωΜ.
1318 537 1388 565 Vide
1401 538 1554 567 SACERDOS.

1078 583 1167 611 Sinni
1196 580 1309 609 Honorii
1337 581 1450 619 Augusti
1477 582 1555 611 missa
1582 582 1617 611 ad
1634 582 1782 622 principem

1037 625 1156 654 Orientis
1175 623 1332 653 Arcadium.
1347 631 1393 652 111.
1405 628 1467 652 626.
1483 625 1564 654 Sacra
1578 626 1688 665 epistola
1717 626 1781 664 quid

1037 670 1083 701 sit,
1104 670 1174 697 Vide
1187 675 1286 697 notam
1299 679 1325 696 a.
1335 669 1381 696 ΙΙΙ.

1079 714 1170 742 Stena
1195 722 1301 741 mensi.
1336 712 1406 740 Vide
1430 714 1541 749 Messi,
1570 714 1776 750 EUcuxnts‘rni,

1037 760 1222 789 Commvmo.

1075 808 1272 835 SAanMl-:NTA
1293 805 1421 843 sanguine
1442 806 1548 844 perfusa
1575 806 1601 835 in
1622 808 1781 846 expulsione

1036 849 1229 889 Chrysostomi.
1245 856 1289 877 111.
1309 853 1373 877 626.
1389 855 1403 877 1
1422 872 1429 879 .
1447 850 1500 878 col.

1075 894 1264 921 siminorum
1282 892 1398 920 Abrahae
1422 893 1510 931 figura
1531 896 1626 924 crucis.
1643 903 1688 925 tv.
1712 901 1776 925 551.

1035 949 1059 965 n.
1079 937 1214 965 sacrificia
1231 936 1334 965 Judaeis
1345 947 1392 964 cur
1405 939 1477 965 Deus
1497 940 1659 977 praeceperit.
1672 946 1693 967 1.
1710 943 1775 968 761.

1041 992 1060 1007 i.
1083 990 1109 1009 Β.
1125 983 1198 1008 Deus
1222 978 1324 1008 Judaeis
1346 979 1475 1007 sacrificia
1502 982 1641 1019 permisit,
1667 991 1695 1011 ut
1719 983 1780 1011 illos

1036 1023 1163 1062 paulatim
1178 1034 1192 1050 a
1208 1022 1346 1051 sacrificiis
1363 1022 1517 1055 abduceret,
1539 1032 1568 1053 Y.
1586 1030 1651 1054 275.
1671 1038 1692 1054 o.
1710 1028 1779 1055 Nam

1034 1066 1171 1094 sacrificiis
1186 1066 1326 1093 brutorum
1351 1076 1403 1093 non
1429 1065 1508 1105 digne
1533 1068 1670 1097 colebatur
1692 1071 1776 1099 Deus.

1034 1112 1077 1138 ΙΙ).
1092 1110 1260 1145 Sacrificare‚
1272 1119 1356 1139 orare,
1369 1115 1432 1144 ete„
1444 1121 1492 1138 cur
1502 1112 1676 1147 sei-osolymis
1690 1114 1778 1142 solum

1034 1153 1140 1181 licebat.
1153 1159 1187 1181 Y.
1204 1157 1269 1180 407.
1288 1163 1313 1180 Ε.
1335 1153 1364 1180 In
1381 1159 1490 1181 externo
1518 1165 1580 1194 ergo
1602 1147 1700 1196 templo
1723 1166 1777 1186 crat

1034 1197 1117 1224 altare
1131 1207 1233 1224 aeueum
1243 1219 1250 1232 ‚
1268 1197 1296 1224 in
1307 1206 1359 1234 quo
1374 1197 1492 1234 quotidie
1507 1199 1667 1228 offerebatur
1694 1212 1778 1240 agnus

1037 1247 1062 1267 et
1077 1239 1295 1277 comburebatur;
1310 1246 1336 1268 et
1348 1240 1390 1268 bis
1402 1240 1428 1268 in
1444 1240 1488 1269 die
1501 1242 1551 1270 hoc
1562 1244 1727 1273 saci-ilicium
1740 1247 1778 1274 of—

1034 1284 1179 1317 ferebatur,
1196 1283 1284 1322 primo
1299 1284 1399 1312 sc²tioet
1419 1285 1446 1312 in
1462 1288 1592 1316 matutino
1605 1310 1612 1323 ,
1624 1295 1649 1316 et
1661 1290 1778 1318 secundo

1034 1328 1060 1356 in
1083 1338 1202 1367 vespere.
1223 1334 1255 1356 V.
1288 1333 1350 1356 518.
1375 1338 1399 1359 Β.
1426 1340 1451 1357 o.
1476 1330 1539 1359 Hoec
1563 1342 1626 1360 vero
1646 1333 1778 1362 sacrificia

1033 1382 1138 1410 semper
1157 1378 1265 1410 accepta
1281 1372 1353 1408 Deo;
1367 1382 1419 1400 non
1441 1372 1504 1401 item
1525 1385 1584 1412 quae
1599 1386 1647 1414 pro
1664 1377 1778 1414 peccatis

1032 1415 1223 1444 offerebantur.
1242 1417 1285 1444 II).
1301 1416 1438 1444 Saerilicia
1447 1418 1519 1456 apud
1528 1419 1636 1448 Jiadaeos
1647 1420 1778 1456 instituta,

1033 1466 1063 1488 ut
1091 1470 1134 1488 eos
1148 1460 1182 1488 ad
1201 1459 1285 1489 vitam
1308 1467 1378 1488 recte
1405 1461 1555 1491 institutam
1575 1462 1710 1492 ducerent.
1728 1471 1774 1493 Vt.

1034 1509 1078 1533 11.
1095 1514 1124 1532 c.
1142 1504 1265 1533 Instituta
1280 1514 1387 1542 quoque
1408 1505 1517 1534 fuerunt
1537 1514 1646 1546 propter
1666 1508 1776 1536 illorum

1030 1547 1222 1575 infirmitatem.
1247 1549 1292 1576 ΙΙ).
1315 1558 1341 1575 n.
1365 1548 1566 1578 Sacrificiorum
1580 1552 1677 1579 etenim
1688 1552 1778 1580 cultus

1031 1592 1167 1628 majestate
1184 1591 1234 1619 Dei
1255 1590 1382 1628 indignus
1407 1599 1476 1620 erat.
1501 1599 1544 1622 vl.
1572 1598 1614 1624 12.
1640 1595 1776 1624 sacrificia

1031 1634 1115 1662 multa
1129 1634 1156 1662 in
1166 1634 1222 1671 lege
1236 1641 1320 1670 erant,
1332 1645 1391 1672 quae
1402 1643 1601 1672 enumerantur,
1613 1638 1659 1666 sed
1670 1638 1776 1667 nullum

1030 1685 1120 1706 eontra
1136 1679 1269 1707 inimicos.
1288 1686 1322 1707 x.
1339 1683 1402 1708 550.
1418 1691 1442 1707 B.
1458 1691 1483 1708 c.
1507 1681 1644 1710 Sacrificia
1664 1682 1775 1712 Judaeo-

1030 1733 1091 1751 rum
1105 1734 1186 1761 quam
1202 1723 1322 1758 inlirma3
1336 1723 1363 1751 in
1377 1723 1431 1752 illis
1450 1725 1521 1753 enim
1537 1732 1592 1753 erat
1607 1733 1776 1764 peccatorum

1030 1767 1174 1802 accusatio,
1190 1777 1241 1795 non
1261 1777 1324 1796 vero
1337 1767 1445 1796 solutio.
1464 1775 1522 1798 ΧΠ.
1540 1773 1604 1806 216.
1622 1780 1648 1798 Β.
1663 1774 1726 1798 240.
1745 1781 1772 1799 a.

1031 1810 1108 1838 Nunc
1142 1811 1244 1839 abolita
1274 1822 1330 1840 esse
1360 1812 1500 1850 probatur.
1524 1820 1545 1841 1.
1569 1818 1634 1842 815.
1650 1824 1676 1842 Ε.
1708 1825 1771 1853 sqq.

1029 1858 1094 1881 816.
1111 1854 1281 1883 Sacrificium
1297 1857 1381 1884 Annae
1401 1866 1463 1884 cum
1478 1857 1621 1886 sacerdotis
1644 1858 1776 1887 sacrificio

1028 1906 1209 1937 comparatur.
1226 1906 1272 1928 tv.
1289 1904 1353 1928 840.
1372 1911 1397 1927 Α.

1068 1943 1238 1971 Sacrificium
1255 1953 1330 1972 novae
1350 1955 1432 1981 quam
1448 1951 1555 1983 praestet
1573 1945 1706 1974 sacrificio
1728 1956 1775 1975 ve-

1031 1987 1092 2015 teris
1116 1987 1193 2024 legis.
1220 1994 1290 2016 vin.
1307 1993 1368 2017 500.
1396 1999 1422 2020 c,
1452 1989 1592 2018 Sacrificio
1616 1991 1715 2019 veteris
1736 1991 1773 2019 le-

1030 2031 1070 2068 gis
1094 2031 1210 2067 abolito,
1228 2031 1302 2060 atiud
1322 2043 1369 2071 per
1390 2043 1487 2071 corpus
1498 2033 1599 2061 Christi
1621 2034 1696 2063 illius
1716 2035 1774 2063 loco

1030 2075 1152 2104 futurum
1176 2086 1250 2112 csse,
1266 2076 1394 2115 praedixit
1414 2076 1511 2106 David.
1538 2084 1558 2106 1.
1573 2082 1638 2106 813.
1652 2088 1679 2106 A.
1707 2083 1771 2108 816.

1014 2135 1016 2137 >
1031 2130 1057 2146 c.
1075 2129 1102 2146 n.
1116 2119 1248 2148 Dominus
1264 2120 1359 2159 ipsein
1372 2120 1518 2157 sacrificio,
1535 2131 1549 2148 a
1571 2121 1627 2149 solo
1640 2121 1775 2151 sacerdote

1031 2163 1196 2191 immolatus.
1212 2170 1233 2192 Ι.
1250 2168 1315 2192 467.
1333 2175 1360 2192 ι).
1382 2164 1551 2193 Sacrificium
1566 2164 1744 2201 horrendum,
1760 2177 1774 2194 a

1030 2206 1165 2234 sacerdote
1177 2206 1310 2243 oblatum,
1327 2207 1402 2246 prius
1416 2207 1541 2236 invocato
1556 2208 1658 2247 Spiritu
1670 2216 1770 2238 saneto.

1032 2257 1052 2279 1.
1070 2255 1133 2278 519.
1148 2251 1247 2285 Quales
1266 2258 1386 2290 oporteat
1400 2261 1456 2280 esse
1470 2262 1580 2287 manus,
1600 2253 1706 2290 qualem
1721 2253 1774 2282 lin-

1031 2304 1121 2332 guam,
1137 2305 1217 2332 quam
1245 2305 1340 2334 puram
1361 2301 1535 2333 sanctamque
1548 2296 1665 2324 animam
1685 2307 1774 2325 sacer-

1029 2338 1100 2366 dotis
1115 2345 1221 2367 tantum
1237 2339 1364 2378 spiritum
1379 2339 1560 2378 suscipientis.
1573 2341 1618 2369 Ib.
1636 2351 1664 2368 c.
1679 2340 1772 2369 Sacri-

1031 2381 1124 2410 ficium
1149 2383 1318 2411 tremendum
1344 2394 1374 2412 ac
1406 2383 1570 2412 horrendum
1602 2384 1722 2423 corporis
1747 2391 1773 2413 et

1031 2426 1168 2463 sanguinis
1191 2427 1310 2457 Domini.
1336 2434 1366 2456 Υ.
1390 2432 1454 2456 522,
1484 2437 1510 2455 r..
1540 2439 1566 2455 A.
1591 2435 1636 2455 w.
1660 2432 1724 2456 116.
1742 2438 1769 2456 E.

1032 2469 1246 2498 Christianorum
1260 2471 1423 2499 sacrificium
1437 2478 1475 2499 est
1491 2482 1590 2510 purum
1605 2471 1673 2500 illud
1687 2472 1772 2501 sacri-

1031 2512 1122 2541 ficium
1135 2523 1149 2540 a
1163 2513 1295 2541 Malachia
1314 2513 1481 2552 praedictutn.
1494 2520 1514 2542 1.
1530 2518 1595 2542 791.
1609 2525 1634 2544 Ε.
1650 2526 1675 2543 Α.
1694 2515 1773 2543 Panis

1031 2557 1232 2586 transformatus
1255 2558 1280 2585 in
1294 2557 1462 2587 Eucharistia
1484 2558 1512 2585 fi>
1539 2558 1697 2587 sacrificium
1711 2569 1773 2597 per-
