1910 2907
20 735 135 764 .3.p.527.

689 212 777 235 NUNC
804 212 933 235 PRIMUM
962 213 1140 236 ADORNATA
1150 227 1157 234 .

146 272 250 301 mulum
271 272 356 312 ipsius
378 272 554 302 Anatolium:
573 272 633 302 duae
658 284 719 302 vero
745 280 885 313 postremae

145 318 277 357 longiores
289 326 373 347 erant.
391 319 480 351 1113111,
499 330 580 358 quam
596 330 643 358 per
660 320 798 359 praetorios
814 320 886 347 mili-

145 372 183 393 tes
198 365 320 398 miserat,
341 374 400 394 01111]
417 366 590 395 Tillemontio
605 374 731 406 putamus
748 378 803 395 esse
816 367 886 395 deci-

144 421 216 439 mam
229 412 342 447 tertiam,
354 422 435 450 quam
446 411 529 440 biduo
541 419 681 450 postquam
694 413 828 441 Cucusum
841 413 888 441 ad-

145 463 268 490 venerat,
286 468 332 496 per
348 457 484 496 praetorios
501 458 599 486 milites
615 457 704 491 misit,
720 458 753 486 de
767 469 819 496 qua
833 459 888 497 jam

146 503 268 542 superius
291 511 378 531 actum
394 515 399 530 :
413 504 472 532 illas
488 515 550 532 vero
570 504 637 532 duas
649 526 656 539 ,
677 515 792 542 quarum
807 505 889 533 altera

146 560 193 588 per
209 550 354 577 Antonium
365 572 372 584 ,
386 550 468 578 altera
484 560 531 589 per
548 550 701 578 Anatolium
716 550 888 589 Olympiadis

147 596 276 623 famulum
291 596 370 624 missa
385 596 436 624 suit
448 618 456 633 ,
478 607 513 624 eae
527 603 602 631 sunt,
624 607 682 634 quae
702 597 787 635 prima
807 603 832 625 et
846 608 889 625 si·—

147 641 235 670 cunda
247 642 305 680 jam
319 642 345 670 in
358 641 436 670 editis
449 649 633 677 numerantur,
649 649 674 670 et
689 642 828 671 conciones
840 643 890 670 ad-

148 687 362 725 hortationesque
374 687 428 715 dici
443 694 552 726 possunt
567 688 656 726 potius
667 699 745 726 quam
759 688 887 727 epistola).

188 735 216 762 In
229 734 317 773 prima
328 745 391 762 vero
405 734 596 773 Olympiadem
608 733 640 762 de
653 734 829 762 diuturnitate
844 744 888 762 ca-

147 779 274 808 lamitatis
288 790 346 817 quat
361 779 509 808 Ecclesiam
521 780 570 808 Dei
582 779 760 808 conturbabat
771 790 889 807 11100100-

148 833 212 861 tem,
228 826 357 865 exemplis
372 827 476 855 Veteris
491 833 515 854 et
530 826 598 854 Novi
615 826 778 854 Testamenti
796 837 889 854 conso-

148 873 232 906 latur,
252 872 418 910 ostenditque
432 873 518 900 Deum
532 882 602 910 sa‘pe
617 872 652 899 ad
662 872 794 910 justorum
809 882 889 899 exer-

149 918 243 946 citium
259 925 283 946 et
298 918 480 957 probationem
493 918 697 946 diuturnitatem
710 928 890 946 aerumnarum

149 965 302 1004 permittere
314 986 321 998 ,
342 971 370 991 ut
385 964 446 992 hinc
461 970 486 991 et
499 963 607 1002 przemia
620 970 776 1002 augeantur.
803 964 831 991 ln
847 974 891 991 se-

148 1010 249 1045 cunda,
268 1020 327 1047 quae
341 1009 473 1048 prolixior
487 1016 539 1045 est,
563 1016 587 1037 et
602 1009 682 1048 paulo
701 1017 760 1048 post
775 1010 890 1049 primam

148 1056 228 1084 missa
247 1056 298 1083 suit
310 1078 316 1089 ,
333 1055 404 1083 idem
416 1062 604 1094 argumentum
619 1056 788 1094 persequitur
799 1078 806 1091 ‚
823 1056 892 1084 mul-

149 1102 234 1139 tisque
247 1101 403 1136 rationibus,
415 1102 589 1140 argumentis,
607 1102 746 1141 exemplis,
764 1113 823 1140 quae
836 1103 893 1131 lon-

150 1149 209 1187 gius
225 1155 290 1177 esset
305 1148 418 1183 referre,
435 1149 594 1188 Olympiadi
610 1156 640 1177 ut
659 1160 765 1178 omnem
778 1149 893 1189 deponat

151 1205 290 1223 moerorem
301 1194 412 1223 suadere
423 1194 527 1224 nititur.
540 1196 611 1231 Quia
623 1206 686 1224 vero
698 1196 766 1226 illud
778 1197 895 1225 maxime

151 1240 346 1280 Olympiadem
364 1241 493 1278 angebat,
516 1241 590 1278 quod
609 1252 623 1269 a
638 1242 830 1281 Chrysostomo
851 1253 894 1271 sc-

147 1287 241 1325 juncta
257 1294 337 1320 esset,
357 1286 430 1325 quod
445 1286 522 1315 illum
536 1287 673 1316 docentem
690 1296 715 1316 et
731 1289 893 1317 concionan-

151 1340 204 1361 tem
227 1344 278 1361 non
295 1333 364 1361 ultra
385 1332 490 1362 audiret
504 1345 509 1360 :
523 1333 602 1362 licere
625 1333 692 1363 dicit
713 1335 893 1374 Olympiadi,

151 1379 259 1408 absente
269 1390 306 1413 se,
320 1379 403 1407 libros
414 1390 474 1407 suos
487 1379 589 1417 legere3
603 1379 656 1408 imo
671 1381 844 1419 provisurum
856 1392 894 1418 se,

152 1426 175 1454 si
189 1425 266 1453 modo
281 1425 433 1453 tabellarios
446 1425 624 1461 nanciscatur,
641 1433 670 1454 ut
682 1427 787 1455 crebras
799 1434 824 1455 et
834 1438 895 1466 pro-

153 1472 222 1499 lixas
241 1471 331 1499 literas
352 1481 412 1499 suas
434 1471 559 1510 accipiat.
573 1484 587 1498 α
601 1472 681 1506 Quod
703 1473 725 1500 si
747 1473 896 1501 doctrinam

153 1524 285 1553 nostram,
298 1529 311 1543 n
326 1517 422 1555 inquit,
445 1529 459 1544 κ
472 1517 534 1545 viva
551 1528 616 1546 voce
628 1517 722 1546 audire
736 1519 828 1558 cupis,
843 1520 897 1547 for-

152 1571 220 1592 tasse
234 1563 282 1592 hoc
295 1574 401 1601 quoque
413 1563 548 1602 continget
560 1576 566 1598 ;
584 1564 637 1592 imo
650 1575 701 1592 non
715 1565 836 1599 fortasse,
853 1565 898 1594 sed

153 1618 239 1645 certe;
260 1620 324 1638 cave
345 1609 489 1638 dubites.»
502 1610 546 1638 Sic
560 1610 607 1638 ille
627 1610 754 1649 putabat3
776 1611 823 1640 sed
845 1612 898 1640 alio

155 1655 235 1683 modo
247 1665 287 1683 res
298 1655 384 1690 cessit,
395 1655 430 1683 ita
443 1655 599 1694 providente
611 1657 737 1685 Numine.
751 1658 815 1686 Plus
828 1659 899 1687 enim

155 1701 280 1740 proderat
292 1701 368 1730 exsul
381 1702 506 1730 Ecclesiae
519 1702 567 1730 Dei
583 1709 607 1730 et
620 1703 805 1741 praedirationi
821 1715 900 1733 evan-

156 1747 230 1785 gelii,
247 1758 327 1785 quam
342 1758 403 1775 cum
423 1747 449 1776 in
470 1747 612 1787 episcopali
632 1748 728 1777 throno
741 1749 854 1786 sederet,
871 1757 901 1778 ut

158 1804 223 1821 mox
238 1793 386 1822 videbitur.

197 1840 227 1867 In
243 1839 321 1867 tertia
335 1839 369 1867 ad
384 1839 577 1879 Olympiadem
592 1841 702 1879 epistola
716 1852 742 1880 p.
757 1842 815 1872 552
830 1841 900 1871 idem

159 1885 250 1924 ipsum
261 1892 447 1923 argumentum
458 1886 635 1924 persequitur,
647 1888 831 1927 exemplisque
842 1890 902 1928 plu-

160 1931 237 1959 rimis
258 1938 282 1959 et
296 1931 460 1969 argumentis
478 1932 574 1970 prohat
594 1932 621 1961 in
637 1933 833 1963 calamitatibus
849 1946 900 1964 non

160 1977 240 2006 modo
260 1977 413 2005 moestitiam
427 1988 532 2006 omnem
551 1989 606 2007 esse
623 1978 808 2018 deponendam
821 2004 830 2019 ,
853 1982 901 2010 sed

157 2023 238 2052 etiam
255 2024 282 2052 in
294 2023 489 2062 tranquillitate
499 2031 524 2052 et
540 2025 623 2053 animi
640 2025 776 2055 alacritate
790 2038 902 2056 versan—

159 2069 225 2098 dum
239 2080 303 2098 esse.
324 2069 398 2098 Hane
409 2080 471 2098 vero
486 2070 591 2099 tertiam
602 2071 743 2110 epistolam
761 2084 822 2101 cum
835 2075 902 2102 scri-

159 2116 264 2154 psisset,
279 2115 392 2144 necdum
404 2116 439 2144 ad
451 2116 643 2156 Olympiadem
656 2118 781 2156 misisset,
796 2131 842 2159 per
855 2120 902 2148 110-

159 2162 308 2190 norabilem
325 2162 470 2200 quemdam
490 2162 597 2200 virum,
617 2164 763 2194 Patricium
779 2166 901 2201 nomine,

161 2207 246 2246 ipsius
257 2208 431 2247 Olympiadis
439 2209 577 2248 epistolam
591 2211 691 2250 accepit
702 2224 707 2240 :
717 2222 768 2249 (1113
779 2223 806 2240 50
817 2213 903 2241 omni-

161 2263 196 2281 no
214 2261 334 2282 moestam
345 2276 352 2289 ,
368 2262 392 2282 et
407 2255 482 2292 quasi
501 2255 575 2284 luctu
590 2257 715 2286 obrutam
730 2258 903 2295 declarabat,

162 2299 279 2327 maxime
293 2310 354 2328 vero
367 2300 440 2338 quod
455 2311 506 2329 non
521 2303 650 2340 potuisset
664 2303 747 2332 alium
762 2305 851 2333 exsilii
865 2305 904 2333 lo-

161 2355 234 2379 cum,
249 2345 352 2374 Cucuso
365 2347 572 2376 commodiorem
581 2372 588 2384 ‚
602 2350 699 2378 Joanni
712 2351 904 2390 Chrysostomo

164 2390 317 2430 impetrare.
332 2391 381 2419 1110
391 2403 454 2420 vero
467 2392 516 2421 hac
530 2402 637 2434 accepta
652 2397 773 2434 epistola,
787 2399 904 2432 tertiam,

161 2435 196 2464 de
211 2447 263 2474 qua
280 2436 359 2465 modo
373 2436 539 2474 dicebamus,
557 2441 630 2479 apud
642 2452 669 2470 se
682 2443 806 2479 retinnit,
822 2454 907 2482 neque

164 2482 239 2510 illam
255 2483 415 2521 Olympiadi
433 2484 526 2518 misit,
544 2485 589 2513 sed
606 2487 686 2515 aliam
702 2489 905 2527 egregiamque,

165 2539 223 2566 qua:
239 2539 309 2557 1111110
329 2529 396 2557 10101·
415 2530 538 2569 epistolas
554 2533 611 2571 ejus
625 2541 719 2571 quarta
734 2534 838 2564 decima
853 2547 907 2564 nu—

169 2582 295 2603 moratur.

210 2622 301 2651 Primo
317 2621 390 2650 illam
404 2630 444 2651 sat
457 2633 548 2662 aspere
563 2624 714 2664 redarguit,
735 2627 807 2665 quod
829 2635 908 2657 tantae

1618 202 1682 249 195

942 275 1074 303 moestitice
1089 286 1116 304 se
1129 274 1244 309 dederit,
1259 280 1387 312 quantam
1403 273 1449 302 illa
1467 273 1493 302 in
1506 274 1616 313 epistola
1635 286 1683 303 sua

941 321 1111 349 exhibuerat.
1125 321 1195 356 Quia
1208 331 1271 349 vero
1284 320 1341 348 ideo
1353 320 1469 348 maxime
1480 320 1596 355 dolebat,
1610 321 1683 359 quod

942 377 994 395 11011
1018 368 1146 406 potuisset
1168 368 1250 395 aluun
1273 366 1453 395 commodiore
1475 368 1580 407 Cucuso
1596 368 1683 396 locum

942 413 1038 441 Juanni
1061 414 1225 452 impetrare;
1248 412 1309 441 hinc
1330 413 1466 441 occasione
1489 420 1575 441 sumta
1597 423 1686 443 narrat

942 459 984 487 illi
999 460 1104 496 omnia,
1123 471 1181 498 quw
1198 459 1250 487 sibi
1271 459 1297 487 in
1313 465 1386 487 tanto
1401 458 1494 487 itinere
1515 460 1686 498 maximeque

944 506 1068 534 Caesareae
1088 506 1254 541 acciderant,
1278 516 1337 543 quse
1358 516 1405 534 nos
1421 506 1448 533 in
1469 505 1583 534 decursu
1606 517 1686 546 supra

943 552 1093 581 attulimus.
1115 552 1184 587 Quia
1201 562 1264 580 vero
1282 551 1350 579 mala
1369 551 1458 579 omnia
1472 559 1604 587 recenset,
1626 563 1686 590 quce

944 597 995 625 sibi
1020 597 1175 625 Pharetrius
1199 599 1323 626 Ctesareae
1348 597 1489 636 episcopus
1502 620 1509 631 ,
1537 598 1662 626 intulerat
1678 621 1686 634 ,

944 643 1102 682 Olympiadi
1116 643 1197 671 edicit
1209 650 1237 671 111
1251 643 1295 671 1113
1311 643 1400 671 omnia
1411 643 1516 671 silentio
1533 651 1612 681 tegat.
1631 645 1688 672 Ca*-

944 695 1029 716 terum
1047 695 1075 716 01
1090 688 1281 727 Olympiadem
1296 689 1336 716 sui
1352 699 1431 717 cansa
1448 689 1617 728 plangentem
1639 701 1686 718 so-

944 735 1030 769 letur,
1054 745 1081 762 50
1097 734 1134 763 ait
1149 735 1220 762 omni
1244 734 1364 762 molestia
1379 734 1523 762 liberatum
1539 746 1611 772 esse,
1638 736 1690 764 fir-

945 781 1080 818 mioreque
1093 780 1245 808 valetudine
1256 780 1318 812 frui,
1334 790 1414 817 (103111
1426 790 1487 808 cum
1501 781 1690 809 Constantino-

944 827 997 865 poli
1013 826 1137 864 degeret,
1160 837 1244 864 neque
1260 826 1329 859 ullo,
1345 825 1417 863 quod
1431 826 1477 854 illa
1491 827 1617 864 timebat,
1635 827 1687 855 sri-

945 883 1007 911 gore
1023 872 1142 910 torqueri
1157 884 1163 901 :
1178 873 1273 900 caelum
1290 871 1369 905 illud,
1388 882 1440 910 quo
1455 872 1594 901 fruebatur
1606 895 1613 909 ,
1631 876 1690 901 An-

946 919 1067 947 tiocheno
1088 919 1175 957 magis
1197 918 1310 946 similem
1331 917 1383 946 sibi
1408 917 1510 953 videri;
1536 919 1570 946 de
1592 919 1691 948 Isauris

946 973 1034 994 antem
1046 966 1114 994 nihil
1126 966 1183 1004 jam
1198 966 1251 994 sibi
1264 965 1437 993 metuendum
1452 976 1507 994 esse
1519 977 1524 992 t
1538 965 1636 994 namin
1652 977 1693 994 re—

948 1013 1053 1050 gionem
1073 1023 1150 1040 suam
1166 1022 1193 1040 se
1218 1018 1385 1050 receperant,
1411 1011 1493 1049 idque
1515 1022 1549 1039 ex
1574 1012 1694 1040 Praefecti

948 1070 1010 1088 cura
1026 1066 1051 1088 et
1063 1059 1152 1088 studio
1166 1060 1265 1087 sactum
1278 1070 1341 1087 esse.
1356 1059 1405 1087 Hic
1419 1070 1479 1087 vero
1492 1060 1633 1088 Praefcctus
1646 1061 1695 1088 So-

948 1112 1022 1144 pater
1036 1112 1102 1140 erat,
1122 1106 1167 1143 qui
1183 1106 1243 1144 plus
1257 1105 1340 1133 oflicii
1356 1105 1406 1133 sibi
1423 1105 1581 1133 exhibuerat
1592 1129 1598 1137 ,
1613 1116 1694 1144 quam

948 1163 962 1181 a
978 1159 1053 1191 patre
1068 1152 1258 1191 postulandum
1281 1151 1417 1180 videretur
1433 1164 1438 1179 :
1452 1152 1493 1179 vir
1513 1153 1613 1191 probus
1623 1176 1629 1187 ,
1644 1153 1692 1181 be-

950 1199 1063 1236 nignus,
1088 1198 1289 1235 communisque
1305 1208 1454 1236 pauperum
1471 1205 1571 1237 portus.
1596 1199 1641 1228 Sic
1657 1199 1692 1227 11-

951 1244 1006 1272 lum
1026 1244 1115 1272 laudat
1131 1244 1338 1282 Chrysostomus
1355 1245 1382 1272 in
1400 1245 1510 1283 epistola
1529 1246 1567 1273 04
1583 1245 1617 1273 3(1
1638 1246 1696 1285 Cy-

952 1291 1054 1319 riacum
1068 1291 1223 1329 episcopum
1239 1302 1244 1316 z
1260 1300 1337 1327 quem
1353 1297 1475 1328 precatur
1489 1298 1515 1318 ut
1533 1291 1582 1319 filii
1597 1291 1693 1330 ipsius,

953 1337 999 1374 qui
1014 1336 1040 1365 in
1055 1336 1112 1364 istis
1125 1336 1247 1374 partibus
1263 1336 1401 1364 literarum
1416 1336 1512 1364 studiis
1527 1348 1635 1376 operam
1647 1337 1697 1366 da-

953 1383 1013 1416 bat,
1028 1392 1119 1410 curam
1133 1389 1241 1420 gereret,
1259 1382 1363 1420 ipsique
1377 1382 1465 1410 officia
1481 1382 1653 1421 impenderet.

994 1428 1108 1457 Dixerat
1120 1428 1263 1467 Olympias
1280 1428 1305 1455 in
1329 1427 1439 1466 epistola
1455 1439 1500 1456 sua
1518 1429 1675 1459 Heracliden
1687 1453 1694 1467 ,

955 1474 1123 1513 Epliesinum
1145 1474 1300 1512 episcopum
1319 1484 1333 1501 3
1357 1474 1548 1513 Clirysostomo
1569 1476 1699 1504 constitu-

955 1527 1011 1548 tum
1022 1542 1029 1555 ‚
1051 1526 1077 1547 et
1091 1520 1125 1547 ab
1145 1521 1202 1558 ejus
1217 1519 1380 1548 adversariis
1395 1520 1550 1559 episcopatu
1566 1522 1674 1560 pulsum
1689 1547 1696 1559 ,

956 1573 985 1595 ut
1000 1566 1124 1605 superius
1138 1565 1270 1599 diximus,
1288 1574 1351 1594 tunc
1364 1567 1389 1594 in
1406 1577 1509 1595 carcere
1523 1569 1586 1596 etin
1604 1569 1698 1597 vincu-

955 1613 989 1641 lis
1003 1612 1140 1641 detentum
1152 1612 1211 1640 dira
1226 1612 1290 1651 pati.
1305 1613 1365 1641 Jam
1380 1613 1436 1649 ejus
1451 1623 1528 1641 eausa
1544 1614 1632 1643 literas
1645 1616 1699 1644 mi-

956 1666 1025 1687 serat
1036 1659 1245 1697 Chrysostomus
1256 1657 1291 1686 ad
1303 1658 1458 1686 Pentadiam
1470 1667 1628 1695 matronam,
1642 1672 1699 1690 mo-

957 1718 1020 1735 nens
1034 1714 1062 1735 ut
1077 1717 1182 1735 omnem
1203 1705 1370 1741 diligentiam
1388 1705 1545 1741 adhiberet,
1568 1707 1601 1735 ad
1624 1709 1699 1737 cala-

957 1753 1075 1781 mitatem
1102 1759 1204 1780 tantam
1226 1752 1266 1779 vel
1288 1751 1433 1779 tollendam
1455 1752 1496 1779 vel
1522 1753 1670 1782 leniendam
1690 1767 1696 1782 τ

956 1800 1117 1841 Olympiadi
1134 1810 1196 1828 vero
1211 1799 1297 1835 dicit,
1315 1800 1388 1828 Licet
1404 1799 1564 1832 Heraclidae,
1581 1801 1602 1829 si
1619 1802 1694 1839 velit,

956 1847 1093 1880 ἔνστασιν,
1111 1848 1282 1873 instantiam
1295 1867 1301 1877 ,
1319 1844 1398 1879 dare,
1420 1851 1499 1882 atque
1516 1845 1551 1873 ita
1570 1846 1698 1875 molestiis

956 1893 1081 1921 omnibus
1094 1890 1201 1920 liberari
1213 1902 1219 1926 3
1233 1891 1298 1918 nihil
1312 1890 1382 1918 enim
1396 1890 1470 1918 aliud
1483 1899 1611 1929 superest.
1630 1894 1698 1928 Quae

956 1945 1026 1967 certe
1056 1937 1191 1975 quomodo
1212 1935 1345 1974 quadrare
1367 1936 1468 1974 possint
1491 1946 1542 1964 non
1564 1937 1696 1977 intelligo,

957 1983 1147 2014 Tillemontius
1161 1993 1225 2011 vero
1239 1988 1316 2020 putat
1329 1981 1472 2019 legendum
1486 1992 1541 2010 esse
1556 1982 1680 2012 ἔκστασιν
1691 2006 1698 2020 ,

956 2029 1152 2060 abdicationem
1172 2028 1356 2067 episcopatus,
1379 2037 1437 2064 quae
1457 2027 1566 2055 videtur
1582 2039 1641 2057 vera
1656 2030 1699 2058 le-

956 2078 1018 2106 ctio.
1040 2076 1091 2105 Sed
1109 2086 1171 2103 cum
1191 2084 1281 2102 omnes
1297 2073 1405 2101 omnino
1429 2074 1494 2101 Mss.
1520 2081 1544 2103 et
1560 2074 1634 2103 Editi
1653 2076 1699 2104 ἔν-

957 2135 1049 2153 στασιν
1064 2122 1187 2155 habeant,
1202 2120 1271 2148 hanc
1283 2119 1422 2147 lectionem
1434 2127 1537 2148 mutare
1552 2131 1604 2149 non
1619 2132 1700 2151 ausus

960 2180 1028 2198 sum.

1000 2216 1038 2243 De
1049 2212 1176 2242 Marutlia
1189 2213 1313 2250 episcopo
1325 2212 1425 2250 majore
1436 2222 1497 2240 cum
1510 2213 1605 2241 affectu
1621 2221 1645 2242 et
1660 2214 1701 2242 in·
1728 2226 1760 2246 De
1780 2225 1853 2245 Mau.-

959 2260 1053 2289 stantia
1076 2259 1195 2296 loquitur
1211 2258 1420 2297 chrysostomus
1433 2258 1459 2286 in
1475 2258 1567 2287 eadem
1589 2261 1699 2298 epistola
1713 2258 1748 2315 ἓξ
1770 2264 1854 2285 “rffl‘u‘

958 2306 1061 2335 decima
1081 2311 1174 2343 quarta
1188 2305 1222 2332 ad
1239 2304 1439 2343 Olympiadem.
1463 2306 1603 2334 Maruthas
1619 2307 1702 2345 igitur

960 2352 1005 2380 ille
1020 2351 1160 2390 episcopus
1179 2349 1361 2378 sanctissimus
1372 2373 1379 2386 ‚
1396 2361 1409 2377 a
1424 2350 1575 2389 Theopliilo
1589 2354 1701 2381 01010115-

959 2408 1010 2435 (1110
1032 2396 1216 2435 Chrysostomi
1232 2395 1348 2423 inimicis
1371 2395 1570 2425 circumventus
1584 2420 1590 2431 ,
1613 2398 1637 2426 in
1654 2410 1703 2427 eo-

960 2453 1021 2471 rum
1036 2442 1208 2471 conventibus
1221 2440 1318 2477 adfuit,
1336 2440 1470 2479 etiamque
1483 2441 1510 2469 in
1523 2443 1702 2473 conciliabulo

961 2489 996 2518 ad
1012 2490 1150 2525 Quercum
1165 2499 1171 2514 :
1186 2498 1245 2515 cum
1261 2487 1332 2515 enim
1344 2497 1378 2515 ex
1391 2487 1499 2515 Perside
1513 2494 1569 2515 tum
1590 2490 1702 2525 veniret,

963 2545 1013 2564 non
1033 2540 1134 2574 poterat
1155 2539 1304 2561 accuratam
1324 2543 1412 2560 rerum
1428 2539 1491 2560 tunc
1512 2534 1702 2562 Constantino-

963 2581 1020 2619 poli
1032 2586 1165 2618 gestarum
1180 2578 1303 2607 notitiam
1317 2577 1425 2607 habere.
1443 2578 1568 2614 Alioquin
1582 2590 1645 2607 vero
1660 2591 1705 2608 au-

964 2627 1049 2655 ‹licrat
1067 2626 1192 2661 fortasse,
1209 2623 1393 2663 Epiphanium
1408 2634 1526 2661 quoque,
1549 2625 1633 2663 Cypri
1647 2627 1705 2665 rpi-

1522 2664 1565 2691 15.
