1950 2922
168 2595 179 2621 4„

263 201 325 247 198
753 214 782 233 s.

269 275 372 312 gentius
391 285 446 302 rem
471 282 541 311 agat.
561 287 575 301 α
591 275 659 309 Quis
673 274 756 309 enim,
773 287 785 301 ι)
801 273 897 312 inquit,
913 286 927 301 «
942 274 1002 304 illos

270 319 345 348 venia
357 319 452 358 dignos
464 326 582 354 censeat,
600 320 645 358 qui
655 319 719 348 dum
734 319 779 347 alii
794 327 927 348 vexantur
937 328 961 348 et
974 321 1001 349 in

265 366 390 394 exsilium
407 366 566 400 mittuntur,
584 375 667 403 neque
682 365 821 404 praesentia
847 376 932 404 neque
950 366 998 394 do-

263 411 346 439 ctrina
359 422 403 439 sua
413 411 511 450 populo
522 417 674 450 tempestate
685 413 784 450 jactato
795 421 843 450 pro
855 412 930 440 virili
940 422 1000 440 suc-

262 467 368 485 currere
378 457 504 485 student?
518 469 532 483 >›

302 502 344 531 Ad
368 502 525 531 Severinam
549 509 573 530 et
594 502 740 531 Romulam
767 503 997 542 Constantinopoli

259 555 401 583 versantes,
417 548 556 587 epistolam
570 548 644 577 misit
654 550 713 579 :219
726 561 732 576 τ
746 559 811 587 quas
821 560 853 577 ex
867 549 997 578 diuturno

257 594 362 622 silentio
379 605 486 634 carpere
506 605 558 623 non
579 595 670 630 audet,
687 595 734 624 sed
747 596 812 634 quia
826 596 946 625 fortassis
962 607 997 625 ex

257 639 458 668 tabellariorum
482 641 594 679 penuria
617 651 646 669 se
667 641 793 680 epistolas
816 642 922 670 mittere
942 652 995 671 non

257 697 333 725 posse
343 687 454 716 dictura:
470 695 552 723 crant,
569 689 716 718 Salustium
732 689 784 718 sibi
795 689 941 718 admodum
954 689 995 718 di-

254 732 353 761 lectum
365 733 478 770 indicat,
493 734 540 772 qui
555 733 589 762 ad
599 745 657 763 eam
668 735 733 774 ipsis
747 746 824 774 opem
842 735 910 763 serre
928 746 994 775 pos-

253 779 444 808 sit.Valeiitino
453 790 557 818 quoque
565 781 670 820 scripsit
677 781 817 820 epistolam
832 783 889 810 217
900 792 994 819 :quem

252 824 353 858 laudat,
366 825 437 863 quod
457 825 491 854 ad
510 826 619 855 ferenda
642 827 806 866 pauperibus
824 827 944 856 subsidia
959 828 994 856 sit

252 883 357 912 semper
368 880 484 912 paratus.
498 874 569 909 Quia
584 884 645 903 vero
661 875 830 903 Domitianus
842 875 990 914 presbyter,

252 920 295 948 cui
311 921 480 949 commiserat
502 921 618 950 Joannes
643 928 731 950 noster
747 929 776 950 ut
800 922 947 950 viduarum
968 929 993 950 et

253 966 390 1004 virginum
405 977 496 995 curam
513 974 623 1006 gereret,
646 967 844 1006 significaverat
857 968 919 1007 ipsi,
931 968 992 996 illas

251 1012 319 1039 same
335 1012 438 1047 vexari,
450 1012 484 1040 ad
502 1013 678 1041 Valentinum
699 1014 819 1052 confugit
831 1014 992 1053 Chrysosto-

250 1067 319 1093 mus,
329 1057 460 1096 illumque
467 1059 585 1087 obsecrat
595 1066 618 1087 et
633 1067 700 1096 orat,
711 1067 739 1088 ut
749 1061 904 1089 Domitiano
914 1061 991 1089 auxi-

249 1102 285 1131 lia
302 1104 426 1140 conferat,
436 1104 564 1142 additque
579 1116 619 1140 ea,
633 1117 691 1143 quae
712 1106 739 1134 in
763 1113 817 1135 tam
829 1107 907 1145 gravi
928 1115 992 1135 tem-

249 1155 348 1187 pestate
361 1160 392 1178 ac
405 1150 518 1188 procella
536 1158 690 1189 erogantur,
705 1153 800 1189 majori
814 1152 934 1181 mercede
946 1153 993 1181 do-

247 1195 316 1222 nari.
344 1195 471 1224 Precatur
483 1197 562 1224 etiam
578 1204 606 1224 ut
620 1196 656 1225 ad
670 1208 697 1225 se
715 1197 823 1234 scribat,
838 1198 912 1236 quod
926 1199 991 1228 huic

249 1241 374 1279 petitioni
385 1243 517 1270 annuerit.
536 1243 722 1281 Clirysostonii
737 1244 861 1282 precibus
869 1247 993 1274 annuisse

244 1285 355 1314 'videtur
364 1287 523 1316 Valentinus
537 1301 542 1315 :
556 1289 650 1316 namin
662 1289 773 1327 epistola
786 1290 834 1327 41,
849 1298 990 1329 postquam

245 1332 351 1361 dixerat
366 1343 393 1361 se
407 1333 475 1362 hanc
498 1334 602 1362 tertiam
618 1334 760 1373 epistolam
781 1336 886 1365 misisse
898 1359 906 1374 ,
928 1348 989 1366 cum

244 1379 300 1418 ipse
314 1379 416 1407 nullam
428 1391 442 1408 a
458 1380 602 1409 Valentino
616 1382 759 1420 acceperit,
776 1381 880 1421 adjicit,
889 1393 916 1411 se
928 1395 988 1422 pro-

244 1428 278 1456 be
289 1427 358 1455 scire
367 1437 438 1462 eum⁷
451 1428 497 1466 qui
510 1428 599 1458 literas
615 1439 675 1457 suas
691 1429 792 1464 attulit,
811 1441 872 1458 cum
888 1431 987 1460 honore

243 1474 277 1502 al)
291 1474 337 1503 illo
348 1482 488 1514 exceptum
501 1475 592 1509 fuisse,
607 1482 631 1503 et
646 1475 672 1503 in
686 1475 718 1503 iis
733 1477 824 1512 rebus,
838 1488 896 1515 quae
907 1488 984 1517 opem

243 1520 327 1559 ipsius
350 1520 537 1559 requirebant,
555 1531 614 1558 quae
633 1532 745 1549 suarum
767 1523 887 1561 partium
910 1531 984 1552 erant

241 1567 392 1604 praestitisse
405 1579 411 1594 :
426 1567 459 1594 de
471 1573 564 1594 caetero
579 1567 700 1595 obsecrat
719 1575 743 1596 et
756 1569 880 1607 pluribus
892 1580 983 1608 preca-

241 1619 286 1640 tur
299 1619 327 1641 111
337 1613 427 1641 literas
439 1612 490 1640 sibi
504 1613 607 1640 mittere
628 1623 680 1641 non
691 1613 806 1642 desinat.
824 1615 892 1643 Cum
903 1627 983 1655 porro

240 1659 434 1687 Valentinusin
450 1658 558 1686 lionoris
573 1658 698 1696 gradium
707 1661 860 1700 quempiam
876 1670 982 1691 evectus

241 1704 348 1739 suisset,
368 1704 500 1742 neque-id
522 1704 712 1743 Chrysostomo
736 1717 782 1745 per
797 1707 887 1736 literas
915 1719 983 1737 nun-

241 1750 342 1784 tiasset,
358 1751 498 1789 epistolam
514 1750 568 1790 ipsi
587 1752 645 1779 116
662 1752 778 1791 scripsit,
795 1761 874 1791 atque
888 1754 981 1783 redar-

241 1796 299 1834 guit
321 1797 411 1833 illum,
436 1796 511 1834 quod
527 1807 582 1824 rein
597 1803 733 1836 tantopere
757 1798 808 1826 sibi
830 1807 934 1837 gratam
948 1801 982 1829 ab

241 1843 300 1871 aliis
313 1843 413 1871 discere
426 1854 518 1882 passus
538 1844 582 1880 sit,
599 1854 682 1882 neque
702 1845 753 1873 sibi
767 1846 913 1885 scripserit.
926 1849 978 1877 Ve-

241 1901 297 1918 ram
319 1891 427 1928 quidem
447 1890 605 1928 dignitatem
619 1901 673 1919 esse
691 1891 756 1920 dicit
776 1893 872 1921 animae
894 1893 980 1923 virtu-

240 1936 357 1972 tem‚sed
371 1937 434 1974 quia
449 1936 505 1974 ipse
523 1936 616 1964 mundi
632 1936 776 1966 honoribus
791 1937 824 1966 ad
838 1939 979 1968 utilitatem

240 1982 314 2010 illius
325 1982 363 2010 uti
375 1981 517 2015 didicerat,
535 1992 588 2019 quo
603 1983 735 2020 potentior
749 1983 841 2020 evasit,
856 1995 885 2012 eo
901 1984 981 2014 latior

241 2035 332 2066 portus
343 2028 481 2066 egentibus
497 2028 636 2056 efficietur.

279 2074 424 2113 Philippus
433 2081 457 2102 et
466 2073 632 2112 Eutliymius
642 2075 791 2114 presbyteri
803 2077 899 2106 scholis
911 2078 981 2107 Con-

240 2121 411 2159 stantinopoli
439 2127 585 2159 przeerant;
603 2131 717 2159 cumque
730 2133 770 2155 ea,
784 2134 836 2160 qua
851 2123 980 2162 decebat,

239 2165 345 2193 [licendi
361 2166 483 2194 libertate
494 2166 533 2193 usi
545 2167 666 2201 fuissent,
681 2179 714 2196 ex
728 2169 826 2197 scholis
839 2170 914 2209 ejecti
924 2171 981 2199 fue-

238 2222 274 2238 re.
290 2211 495 2250 Chrysostomus
510 2223 572 2240 vcro
584 2214 710 2252 epistolas
723 2215 830 2254 scripsit
840 2219 872 2244 2⁴21
882 2219 898 2245 5
913 2217 979 2246 Phi-

238 2258 329 2296 lippo,
349 2260 406 2286 218
423 2258 583 2297 Eutliymio.
604 2259 762 2299 Philippum
782 2272 845 2290 vero
870 2264 976 2301 arguit,

237 2303 308 2341 quod
320 2303 372 2331 sibi
384 2303 472 2331 literas
490 2315 540 2332 non
555 2305 675 2343 miserit3
693 2313 838 2346 utrumque
860 2310 980 2338 consola-

238 2356 289 2384 tur,
301 2349 368 2377 lianc
380 2350 513 2388 jacturam
527 2350 616 2380 dicens
633 2352 659 2380 in
675 2354 804 2383 mercedis
827 2355 918 2384 locum
931 2356 979 2385 ha-

236 2395 293 2423 beri
307 2395 410 2423 debere.
427 2395 564 2424 Plurimas'
576 2408 638 2426 vcro
650 2399 717 2427 alias
731 2401 839 2439 scripsit
853 2402 979 2440 epistolas

236 2441 270 2469 :id
285 2442 453 2481 presbyteros
465 2443 593 2470 Severum
614 2446 681 2475 101,
701 2446 826 2474 Acacium
845 2448 916 2485 208,
933 2449 978 2478 Se-

236 2487 387 2515 bastianum
400 2489 474 2521 2²14,
493 2488 631 2526 Pelagium
647 2492 720 2522 2215.
737 2492 904 2522 salutationis
921 2501 977 2522 tan-

236 2540 292 2561 tum
306 2541 329 2561 ct
343 2533 466 2562 amicitia?
478 2535 552 2573 sigua
569 2546 623 2573 prse
637 2546 664 2563 se
678 2537 806 2573 serentcs;
820 2550 904 2578 neque
919 2551 976 2579 per-

189 2594 206 2616 ’.
237 2579 288 2618 cipi
303 2586 386 2618 potest
399 2580 476 2618 cujus
486 2581 608 2608 licclcsicr
621 2582 771 2621 presbyteri
781 2592 875 2612 essent.
893 2589 974 2624 Syma

237 2626 330 2654 inacho
352 2633 440 2654 autem
463 2626 630 2666 presbytero,
648 2628 694 2666 qui
711 2628 790 2667 longo
803 2630 944 2660 intervallo
957 2644 971 2660 a

811 213 950 235 JOANNJS
976 215 1207 238 ctiRYSOSTOMl
1235 215 1335 246 VITA,

1057 288 1085 305 se
1107 277 1239 313 distabat,
1255 285 1281 307 et
1299 279 1426 307 aerumnis
1441 280 1652 319 opprimebatur,
1665 281 1721 310 haec
1730 291 1793 310 con-

1056 321 1193 350 solationis
1211 322 1293 351 verba
1310 322 1464 352 dicit:Non
1488 334 1588 353 novum
1603 332 1628 353 et
1647 332 1793 365 praeposte-

1055 378 1115 396 rum
1132 378 1198 400 esse,
1210 369 1231 396 si
1248 369 1270 397 is
1283 369 1330 407 qui
1344 376 1486 408 angustum
1498 369 1547 398 iter
1554 376 1624 399 tenet
1635 379 1773 410 prematur
1784 395 1791 408 ,

1055 413 1100 441 sed
1116 415 1167 442 iter
1181 414 1337 454 hujusmodi
1352 415 1386 444 ad
1402 426 1526 453 coronas,
1541 417 1649 456 praemia
1659 424 1683 446 et
1695 425 1792 447 :eterna

1053 459 1121 488 bona
1134 460 1241 491 ducere.

1093 507 1253 546 Olympias,
1271 518 1329 545 quse
1350 507 1383 536 de
1407 507 1528 536 incendio
1541 531 1548 542 ,
1568 515 1598 537 ut
1614 509 1672 548 jam
1687 508 1791 538 dictum

1053 553 1114 589 suit,
1133 553 1323 588 accusabatur,
1337 553 1372 582 ab
1388 553 1502 582 inimicis
1524 553 1708 593 Chrysostomi
1723 555 1790 584 diris

1052 599 1225 628 exercebatur
1238 599 1374 628 molestiis.
1390 600 1471 628 Minae
1485 610 1553 639 saepe
1568 600 1768 629 intentabantur
1781 613 1788 629 ι

1051 645 1084 674 de
1098 657 1179 684 opum
1189 646 1304 684 jactura,
1315 646 1348 675 de
1359 646 1465 680 exsilio,
1482 646 1536 674 imo
1550 645 1584 674 de
1595 653 1679 675 morte
1691 647 1790 686 ageba-

1051 699 1102 720 tur.
1114 693 1215 721 Verum
1229 692 1274 720 illa
1287 692 1473 732 Chrysostomi
1486 692 1594 721 monitis
1609 700 1634 721 et
1646 693 1729 722 literis
1741 705 1788 723 ro-

1049 738 1140 767 borata
1152 760 1159 773 ‚
1178 738 1235 766 haec
1254 739 1343 766 omnia
1364 739 1508 776 tranquillo
1521 738 1610 767 animo
1630 739 1749 775 ferebat,
1764 746 1790 769 et

1049 785 1177 823 majorem
1193 785 1219 813 in
1233 783 1291 813 dies
1301 784 1382 812 animi
1395 784 1549 813 firmitatem
1564 786 1786 823 consequebatur.

1050 828 1138 862 Quam
1154 839 1210 856 rem
1232 839 1294 856 cum
1307 829 1480 867 comperisset
1495 829 1714 868 Chrysostomus‚
1732 830 1788 869 epi-

1048 873 1144 903 stolam
1159 875 1199 903 illi
1211 874 1282 903 misit
1294 875 1425 904 decimam
1439 875 1590 914 septimam,
1605 875 1653 903 ubi
1666 876 1788 905 luculen-

1047 926 1087 947 ter
1098 925 1198 947 tantam
1210 919 1292 947 animi
1304 919 1487 952 constantiam,
1500 919 1526 947 in
1537 919 1658 948 adversis
1667 919 1789 948 alacrita-

1827 516 1937 545 Olympia-

1803 547 1836 567 dis
1859 549 1928 568 animi

1804 579 1903 600 firmitas.

1046 972 1112 1000 tem,
1121 964 1155 993 ad
1169 965 1259 993 omnia
1279 965 1338 993 dira
1349 965 1514 1004 adversaque
1524 973 1645 1005 paratam
1659 966 1786 995 laudibus
1797 975 1834 995 167

1046 1011 1169 1039 celebrat.

1086 1057 1213 1085 Pentadia
1228 1067 1334 1095 quoque
1351 1057 1447 1085 iisdem
1462 1057 1535 1096 queis
1552 1058 1712 1097 Olympias,
1731 1058 1786 1088 imo

1046 1103 1155 1132 fortasse
1171 1104 1319 1142 majoribus
1333 1104 1452 1143 exposita
1468 1104 1610 1138 aerumnis,
1630 1104 1733 1132 sortiter
1750 1105 1786 1133 il-

1046 1150 1086 1178 las
1101 1158 1126 1178 et
1140 1151 1333 1189 imperturbato
1349 1151 1438 1178 animo
1457 1150 1575 1185 ferebat,
1596 1157 1625 1178 ut
1638 1150 1737 1188 legitur
1757 1150 1784 1179 in

1045 1197 1156 1235 epistola
1170 1197 1209 1224 94
1227 1208 1235 1224 :
1251 1197 1327 1235 cujus
1342 1196 1386 1224 liic
1399 1195 1524 1233 quaedam
1537 1196 1672 1225 afferenda
1686 1196 1785 1225 viden-

1045 1248 1090 1270 tur
1108 1255 1114 1270 :
1134 1255 1148 1269 «
1172 1243 1286 1280 Ecquod
1306 1242 1466 1271 insidiarum
1484 1250 1510 1271 et
1530 1243 1715 1273 machinarum
1736 1255 1784 1284 ge-

1044 1298 1095 1316 nus
1106 1289 1332 1328 praetermiserunt
1343 1289 1386 1317 1³...
1395 1311 1412 1317 ..
1423 1290 1452 1317 In
1468 1289 1556 1318 forum
1567 1297 1601 1325 te,
1616 1300 1675 1328 quae
1688 1298 1786 1330 praeter

1044 1335 1181 1363 ecclesiam
1195 1342 1220 1363 et
1229 1335 1385 1364 cubiculum
1399 1335 1467 1364 nihil
1480 1346 1567 1371 noras,
1582 1344 1781 1376 pertraxerunt;

1043 1393 1058 1410 a
1073 1383 1131 1411 foro
1145 1382 1179 1411 ad
1194 1383 1350 1418 tribunalia,
1367 1394 1381 1411 a
1397 1383 1578 1412 tribunalibus
1591 1384 1626 1413 ad
1641 1395 1783 1415 carcerem.

1041 1429 1182 1457 Falsorum
1200 1429 1306 1457 testium
1319 1430 1426 1468 linguas
1440 1436 1582 1465 acuerunt,
1596 1430 1782 1469 impudentem

1041 1475 1205 1504 calumniam
1229 1476 1437 1512 concinnarunt,
1463 1476 1548 1505 caedes
1573 1484 1780 1516 perpetrarunt,

1040 1523 1142 1550 cruoris
1155 1529 1283 1551 torrentes
1297 1522 1483 1561 profuderunt,
1501 1523 1556 1561 igni
1572 1533 1602 1551 ac
1615 1523 1685 1552 ferro
1696 1524 1781 1563 juve-

1039 1579 1104 1597 num
1121 1580 1231 1607 corpora
1252 1575 1470 1604 consumserunt,
1489 1568 1580 1597 multis
1595 1579 1626 1597 ac
1644 1570 1781 1608 praeclaris

1038 1614 1106 1643 viris
1126 1615 1279 1643 innumeras
1299 1615 1392 1654 plagas
1411 1621 1436 1642 et
1454 1615 1589 1644 cruciatus
1613 1615 1780 1653 intulerunt,

1038 1661 1143 1688 nullum
1161 1660 1277 1699 denique
1296 1660 1415 1700 lapidem
1435 1671 1486 1689 non
1506 1668 1658 1696 moverunt,
1680 1672 1733 1700 quo
1754 1669 1781 1691 te

1038 1714 1111 1735 metu
1125 1709 1292 1746 perterritam
1307 1707 1361 1736 huc
1376 1707 1525 1746 adigerent,
1541 1714 1574 1735 ut
1587 1707 1621 1736 iis
1631 1718 1690 1745 quae
1703 1707 1780 1736 vide-

1038 1764 1080 1781 ras
1094 1755 1225 1782 contraria
1239 1754 1349 1783 diceres.
1365 1758 1398 1782 At
1411 1761 1440 1782 tu
1455 1754 1538 1782 instar
1550 1753 1647 1791 aquilae
1663 1754 1780 1783 sublime

1037 1800 1162 1835 volantis,
1178 1812 1269 1829 eorum
1282 1801 1382 1829 retibus
1393 1799 1491 1835 fractis,
1507 1800 1541 1828 ad
1553 1800 1686 1828 libertatis
1698 1801 1774 1829 fasti-

1037 1847 1112 1885 gium
1126 1847 1219 1875 virtuti
1237 1854 1288 1875 tuae
1303 1854 1506 1875 consentaneum
1520 1846 1661 1875 ascendisti
1679 1857 1686 1874 :
1699 1847 1738 1875 sic
1750 1854 1778 1876 te

1037 1903 1205 1932 comparans,
1220 1899 1249 1921 ut
1262 1893 1296 1920 ab
1306 1893 1371 1931 ipsis
1383 1892 1493 1920 minime
1505 1891 1776 1929 circumscribereris;

1036 1938 1090 1967 imo
1111 1939 1207 1975 etiam,
1231 1946 1360 1977 quantum
1380 1938 1414 1966 ad
1435 1938 1516 1976 hujus
1538 1938 1654 1966 incendii
1677 1940 1777 1967 crimen

1035 1985 1174 2020 attinebat,
1203 1985 1280 2023 cujus
1304 1985 1411 2013 nomine
1437 1983 1526 2012 miseri
1553 1991 1632 2022 atque
1658 1984 1777 2013 infelices

1036 2031 1156 2059 homines
1171 2031 1291 2059 maxime
1303 2031 1496 2069 gloriabantur,
1508 2040 1551 2058 eos
1562 2030 1702 2058 calumniae
1713 2041 1778 2059 con—

1036 2077 1164 2104 vinceres.
1182 2089 1196 2103 »
1206 2077 1251 2105 Sic
1265 2077 1341 2105 illam
1357 2076 1384 2104 in
1397 2083 1452 2104 tota
1466 2075 1577 2114 epistola
1592 2075 1720 2104 laudibus
1733 2087 1777 2104 ce-

1035 2122 1131 2150 lebrat.

1077 2169 1106 2197 In
1117 2168 1199 2196 altera
1210 2179 1326 2206 quoque,
1341 2179 1421 2206 quam
1431 2167 1465 2196 ad
1478 2168 1564 2207 ipsam
1577 2168 1661 2205 misit,
1677 2168 1777 2208 episto-

1036 2215 1062 2243 la
1079 2215 1135 2243 104
1150 2215 1225 2242 illam
1240 2214 1350 2254 perinde
1362 2214 1488 2242 encomiis
1502 2221 1623 2243 exornat.
1638 2215 1776 2251 Quoniam

1035 2271 1099 2289 vero
1114 2260 1235 2289 audierat
1249 2261 1323 2289 illam
1338 2260 1371 2288 de
1385 2260 1503 2288 discessu
1518 2260 1553 2288 ab
1566 2261 1633 2290 urbe
1649 2261 1775 2300 cogitare,

1034 2307 1068 2335 ab
1081 2307 1135 2346 ipsa
1151 2307 1216 2346 petit
1230 2317 1262 2335 ne
1275 2306 1309 2335 de
1323 2317 1351 2335 re
1366 2305 1521 2346 hujusmodi
1537 2307 1653 2345 cogitare
1663 2315 1774 2347 pergat:

1035 2353 1133 2392 primo,
1148 2353 1219 2391 quod
1231 2353 1388 2381 concivibus
1404 2352 1556 2381 subsidium
1570 2360 1637 2382 esset
1647 2361 1672 2382 et
1686 2353 1774 2383 admi-

1035 2399 1155 2427 niculum
1182 2399 1226 2434 iis,
1247 2399 1292 2437 qui
1318 2399 1344 2427 in
1367 2399 1504 2428 laboribus
1524 2400 1713 2436 versabantur5
1733 2411 1774 2429 sc-

1034 2445 1138 2480 cun'do,
1158 2445 1229 2484 quod
1245 2445 1307 2473 anni
1324 2452 1428 2484 tempus
1446 2445 1475 2474 id
1493 2446 1578 2475 facere
1594 2456 1644 2474 non
1662 2446 1775 2485 permit-

1033 2498 1097 2519 teret
1116 2503 1121 2518 ε
1138 2502 1198 2521 cum
1211 2491 1281 2520 enim
1297 2491 1479 2520 imbecillitate
1495 2492 1615 2531 corporis
1627 2492 1772 2529 laboraret,

1032 2537 1136 2576 hyemis
1154 2544 1271 2576 tempore
1284 2544 1308 2565 et
1323 2537 1348 2565 in
1359 2544 1429 2566 tanta
1445 2538 1470 2566 vi
1484 2538 1592 2577 frigoris
1603 2538 1697 2577 pedem
1710 2549 1771 2566 mo-

1031 2596 1092 2614 vere
1110 2596 1160 2613 non
1177 2584 1302 2613 debebat.

1072 2633 1172 2671 llyems
1184 2641 1273 2663 autem
1289 2633 1337 2673 illa·
1353 2633 1474 2672 gravior,
1489 2643 1569 2671 quam
1587 2633 1687 2662 solebat
1701 2633 1750 2662 suit
1761 2657 1769 2671 ‚

1782 2634 1844 2656 Anno
1867 2634 1918 2667 4051
