<?xml version="1.0" encoding="UTF-8"?>
<!DOCTYPE html PUBLIC "-//W3C//DTD XHTML 1.0 Transitional//EN"
    "http://www.w3.org/TR/xhtml1/DTD/xhtml1-transitional.dtd">
<html xmlns="http://www.w3.org/1999/xhtml" xml:lang="en" lang="en">
 <head>
  <title>
</title>
<meta http-equiv="Content-Type" content="text/html;charset=utf-8" />
  <meta name='ocr-system' content='tesseract 3.04.00' />
  <meta name='ocr-capabilities' content='ocr_page ocr_carea ocr_par ocr_line ocrx_word'/>
</head>
<body>
  <div class='ocr_page' id='page_1' title='image "./operaomniaquaeex13johnuoft_0798.png"; bbox 0 0 1884 2922; ppageno 0'>
   <div class='ocr_carea' id='block_1_1' title="bbox 211 170 957 2582">
    <p class='ocr_par' dir='ltr' id='par_1_1' title="bbox 215 170 953 532">
     <span class='ocr_line' id='line_1_1' title="bbox 216 170 284 214; baseline 0 -10"><span class='ocrx_word' id='word_1_1' title='bbox 216 170 284 214; x_wconf 68' lang='lat'>340</span> 
     </span>
     <span class='ocr_line' id='line_1_2' title="bbox 216 239 949 282; baseline -0.007 -11"><span class='ocrx_word' id='word_1_2' title='bbox 216 243 388 282; x_wconf 78' lang='lat' dir='ltr'>apparebant.</span> <span class='ocrx_word' id='word_1_3' title='bbox 415 249 458 270; x_wconf 64' lang='lat' dir='ltr'>IX.</span> <span class='ocrx_word' id='word_1_4' title='bbox 477 247 542 270; x_wconf 83' lang='lat'>673.</span> <span class='ocrx_word' id='word_1_5' title='bbox 566 252 588 269; x_wconf 89' lang='lat' dir='ltr'>c.</span> <span class='ocrx_word' id='word_1_6' title='bbox 610 241 708 269; x_wconf 67' lang='lat' dir='ltr'>Paulus</span> <span class='ocrx_word' id='word_1_7' title='bbox 725 246 813 267; x_wconf 83' lang='lat' dir='ltr'>tantus</span> <span class='ocrx_word' id='word_1_8' title='bbox 828 246 853 267; x_wconf 79' lang='lat' dir='ltr'>et</span> <span class='ocrx_word' id='word_1_9' title='bbox 879 239 949 273; x_wconf 78' lang='lat' dir='ltr'>talis,</span> 
     </span>
     <span class='ocr_line' id='line_1_3' title="bbox 216 283 951 323; baseline -0.005 -9"><span class='ocrx_word' id='word_1_10' title='bbox 216 287 303 315; x_wconf 86' lang='lat' dir='ltr'>anima</span> <span class='ocrx_word' id='word_1_11' title='bbox 320 287 366 315; x_wconf 86' lang='lat' dir='ltr'>illa</span> <span class='ocrx_word' id='word_1_12' title='bbox 383 286 417 314; x_wconf 85' lang='lat' dir='ltr'>ad</span> <span class='ocrx_word' id='word_1_13' title='bbox 432 287 512 314; x_wconf 63' lang='lat' dir='ltr'>coetos</span> <span class='ocrx_word' id='word_1_14' title='bbox 523 295 605 323; x_wconf 86' lang='lat' dir='ltr'>usquc</span> <span class='ocrx_word' id='word_1_15' title='bbox 621 283 754 318; x_wconf 81' lang='lat' dir='ltr'>sublimis,</span> <span class='ocrx_word' id='word_1_16' title='bbox 771 293 881 322; x_wconf 85' lang='lat' dir='ltr'>corpore</span> <span class='ocrx_word' id='word_1_17' title='bbox 896 283 951 310; x_wconf 88' lang='lat' dir='ltr'>cir-</span> 
     </span>
     <span class='ocr_line' id='line_1_4' title="bbox 216 326 950 366; baseline -0.005 -8"><span class='ocrx_word' id='word_1_18' title='bbox 216 329 370 364; x_wconf 83' lang='lat' dir='ltr'>cumdatus,</span> <span class='ocrx_word' id='word_1_19' title='bbox 386 336 410 357; x_wconf 86' lang='lat' dir='ltr'>et</span> <span class='ocrx_word' id='word_1_20' title='bbox 425 340 484 357; x_wconf 88' lang='lat' dir='ltr'>cum</span> <span class='ocrx_word' id='word_1_21' title='bbox 505 328 667 366; x_wconf 80' lang='lat' dir='ltr'>incorporeis</span> <span class='ocrx_word' id='word_1_22' title='bbox 682 327 835 356; x_wconf 75' lang='lat' dir='ltr'>Virtutibus</span> <span class='ocrx_word' id='word_1_23' title='bbox 854 326 950 354; x_wconf 87' lang='lat' dir='ltr'>decer—</span> 
     </span>
     <span class='ocr_line' id='line_1_5' title="bbox 217 370 953 409; baseline -0.007 -7"><span class='ocrx_word' id='word_1_24' title='bbox 217 380 291 409; x_wconf 87' lang='lat' dir='ltr'>tans,</span> <span class='ocrx_word' id='word_1_25' title='bbox 316 374 341 401; x_wconf 93' lang='lat' dir='ltr'>in</span> <span class='ocrx_word' id='word_1_26' title='bbox 359 380 426 401; x_wconf 81' lang='lat' dir='ltr'>terra</span> <span class='ocrx_word' id='word_1_27' title='bbox 446 372 596 407; x_wconf 77' lang='lat' dir='ltr'>ambulans,</span> <span class='ocrx_word' id='word_1_28' title='bbox 612 378 636 399; x_wconf 85' lang='lat' dir='ltr'>et</span> <span class='ocrx_word' id='word_1_29' title='bbox 653 370 736 398; x_wconf 86' lang='lat' dir='ltr'>animi</span> <span class='ocrx_word' id='word_1_30' title='bbox 756 370 845 398; x_wconf 78' lang='lat' dir='ltr'>studio</span> <span class='ocrx_word' id='word_1_31' title='bbox 859 370 953 397; x_wconf 68' lang='lat' dir='ltr'>emtum</span> 
     </span>
     <span class='ocr_line' id='line_1_6' title="bbox 216 414 952 456; baseline -0.004 -13"><span class='ocrx_word' id='word_1_32' title='bbox 216 427 367 456; x_wconf 80' lang='lat' dir='ltr'>peragrans.</span> <span class='ocrx_word' id='word_1_33' title='bbox 387 423 430 443; x_wconf 69' lang='lat' dir='ltr'>tv.</span> <span class='ocrx_word' id='word_1_34' title='bbox 448 420 492 443; x_wconf 85' lang='lat'>34.</span> <span class='ocrx_word' id='word_1_35' title='bbox 512 426 537 443; x_wconf 75' lang='grc' dir='ltr'>ε.</span> <span class='ocrx_word' id='word_1_36' title='bbox 560 426 583 443; x_wconf 83' lang='lat' dir='ltr'>A.</span> <span class='ocrx_word' id='word_1_37' title='bbox 601 414 690 442; x_wconf 82' lang='lat' dir='ltr'>Rebus</span> <span class='ocrx_word' id='word_1_38' title='bbox 706 414 830 442; x_wconf 88' lang='lat' dir='ltr'>omnibus</span> <span class='ocrx_word' id='word_1_39' title='bbox 851 423 952 447; x_wconf 80' lang='lat' dir='ltr'>carens,</span> 
     </span>
     <span class='ocr_line' id='line_1_7' title="bbox 215 457 952 488; baseline -0.005 0"><span class='ocrx_word' id='word_1_40' title='bbox 215 467 308 488; x_wconf 83' lang='lat' dir='ltr'>cuncta</span> <span class='ocrx_word' id='word_1_41' title='bbox 324 459 447 487; x_wconf 81' lang='lat' dir='ltr'>habebat.</span> <span class='ocrx_word' id='word_1_42' title='bbox 468 466 502 487; x_wconf 84' lang='lat' dir='ltr'>X.</span> <span class='ocrx_word' id='word_1_43' title='bbox 519 463 582 486; x_wconf 86' lang='lat'>618.</span> <span class='ocrx_word' id='word_1_44' title='bbox 602 458 701 486; x_wconf 89' lang='lat' dir='ltr'>Paulus</span> <span class='ocrx_word' id='word_1_45' title='bbox 713 457 747 485; x_wconf 89' lang='lat' dir='ltr'>ah</span> <span class='ocrx_word' id='word_1_46' title='bbox 762 458 834 486; x_wconf 90' lang='lat' dir='ltr'>omni</span> <span class='ocrx_word' id='word_1_47' title='bbox 852 457 952 486; x_wconf 87' lang='lat' dir='ltr'>invidia</span> 
     </span>
     <span class='ocr_line' id='line_1_8' title="bbox 215 503 609 532; baseline 0 -2"><span class='ocrx_word' id='word_1_48' title='bbox 215 503 609 532; x_wconf 72' lang='lat' dir='ltr'>Iil›01·.x.213.xr.798.n.</span> 
     </span>
    </p>

    <p class='ocr_par' dir='ltr' id='par_1_2' title="bbox 211 544 955 1062">
     <span class='ocr_line' id='line_1_9' title="bbox 254 544 955 582; baseline -0.001 -9"><span class='ocrx_word' id='word_1_49' title='bbox 254 546 330 574; x_wconf 84' lang='lat' dir='ltr'>Pauli</span> <span class='ocrx_word' id='word_1_50' title='bbox 349 546 445 574; x_wconf 84' lang='lat' dir='ltr'>caritas</span> <span class='ocrx_word' id='word_1_51' title='bbox 458 551 565 582; x_wconf 87' lang='lat' dir='ltr'>quanta.</span> <span class='ocrx_word' id='word_1_52' title='bbox 584 552 617 574; x_wconf 88' lang='lat' dir='ltr'>X.</span> <span class='ocrx_word' id='word_1_53' title='bbox 632 549 695 573; x_wconf 84' lang='lat'>230.</span> <span class='ocrx_word' id='word_1_54' title='bbox 708 557 732 574; x_wconf 87' lang='lat' dir='ltr'>A.</span> <span class='ocrx_word' id='word_1_55' title='bbox 752 548 816 572; x_wconf 87' lang='lat'>655.</span> <span class='ocrx_word' id='word_1_56' title='bbox 831 554 856 571; x_wconf 82' lang='lat' dir='ltr'>A.</span> <span class='ocrx_word' id='word_1_57' title='bbox 870 544 955 572; x_wconf 87' lang='lat' dir='ltr'>Amor</span> 
     </span>
     <span class='ocr_line' id='line_1_10' title="bbox 214 588 953 627; baseline -0.001 -11"><span class='ocrx_word' id='word_1_58' title='bbox 214 590 269 627; x_wconf 78' lang='lat' dir='ltr'>ejus</span> <span class='ocrx_word' id='word_1_59' title='bbox 285 600 406 617; x_wconf 91' lang='lat' dir='ltr'>summus</span> <span class='ocrx_word' id='word_1_60' title='bbox 420 596 483 617; x_wconf 78' lang='lat' dir='ltr'>erat.</span> <span class='ocrx_word' id='word_1_61' title='bbox 502 596 523 617; x_wconf 92' lang='lat'>1.</span> <span class='ocrx_word' id='word_1_62' title='bbox 541 593 604 617; x_wconf 74' lang='lat'>567.</span> <span class='ocrx_word' id='word_1_63' title='bbox 620 600 643 617; x_wconf 89' lang='lat' dir='ltr'>n.</span> <span class='ocrx_word' id='word_1_64' title='bbox 661 589 799 623; x_wconf 86' lang='lat' dir='ltr'>Quantum</span> <span class='ocrx_word' id='word_1_65' title='bbox 822 588 953 622; x_wconf 83' lang='lat' dir='ltr'>fervebat,</span> 
     </span>
     <span class='ocr_line' id='line_1_11' title="bbox 213 632 953 670; baseline 0 -10"><span class='ocrx_word' id='word_1_66' title='bbox 213 639 342 670; x_wconf 81' lang='lat' dir='ltr'>quantum</span> <span class='ocrx_word' id='word_1_67' title='bbox 357 640 412 660; x_wconf 90' lang='lat' dir='ltr'>erat</span> <span class='ocrx_word' id='word_1_68' title='bbox 437 632 538 670; x_wconf 85' lang='lat' dir='ltr'>ignitus</span> <span class='ocrx_word' id='word_1_69' title='bbox 562 633 671 660; x_wconf 85' lang='lat' dir='ltr'>caritate</span> <span class='ocrx_word' id='word_1_70' title='bbox 697 633 756 660; x_wconf 88' lang='lat' dir='ltr'>Dei.</span> <span class='ocrx_word' id='word_1_71' title='bbox 782 639 826 660; x_wconf 67' lang='grc' dir='ltr'>Π.</span> <span class='ocrx_word' id='word_1_72' title='bbox 847 636 910 660; x_wconf 78' lang='grc'>617.</span> <span class='ocrx_word' id='word_1_73' title='bbox 927 644 953 660; x_wconf 83' lang='lat' dir='ltr'>A.</span> 
     </span>
     <span class='ocr_line' id='line_1_12' title="bbox 216 675 954 705; baseline -0.001 -1"><span class='ocrx_word' id='word_1_74' title='bbox 216 684 258 704; x_wconf 84' lang='lat' dir='ltr'>XI.</span> <span class='ocrx_word' id='word_1_75' title='bbox 273 681 318 704; x_wconf 84' lang='lat'>68.</span> <span class='ocrx_word' id='word_1_76' title='bbox 337 678 405 705; x_wconf 86' lang='lat' dir='ltr'>Cum</span> <span class='ocrx_word' id='word_1_77' title='bbox 420 676 560 704; x_wconf 79' lang='lat' dir='ltr'>excelleret</span> <span class='ocrx_word' id='word_1_78' title='bbox 577 676 602 704; x_wconf 90' lang='lat' dir='ltr'>in</span> <span class='ocrx_word' id='word_1_79' title='bbox 615 687 719 704; x_wconf 86' lang='lat' dir='ltr'>summa</span> <span class='ocrx_word' id='word_1_80' title='bbox 731 676 852 704; x_wconf 89' lang='lat' dir='ltr'>omnium</span> <span class='ocrx_word' id='word_1_81' title='bbox 868 675 954 704; x_wconf 90' lang='lat' dir='ltr'>virtu-</span> 
     </span>
     <span class='ocr_line' id='line_1_13' title="bbox 213 720 954 755; baseline 0.001 -9"><span class='ocrx_word' id='word_1_82' title='bbox 213 726 281 753; x_wconf 87' lang='lat' dir='ltr'>tum,</span> <span class='ocrx_word' id='word_1_83' title='bbox 299 720 425 755; x_wconf 85' lang='lat' dir='ltr'>caritate,</span> <span class='ocrx_word' id='word_1_84' title='bbox 448 720 618 748; x_wconf 75' lang='lat' dir='ltr'>flammarum</span> <span class='ocrx_word' id='word_1_85' title='bbox 640 720 695 748; x_wconf 85' lang='lat' dir='ltr'>vim</span> <span class='ocrx_word' id='word_1_86' title='bbox 720 720 886 749; x_wconf 77' lang='lat' dir='ltr'><strong>vehementia</strong></span> <span class='ocrx_word' id='word_1_87' title='bbox 907 729 954 747; x_wconf 90' lang='lat' dir='ltr'>su-</span> 
     </span>
     <span class='ocr_line' id='line_1_14' title="bbox 212 763 952 802; baseline 0 -12"><span class='ocrx_word' id='word_1_88' title='bbox 212 764 334 802; x_wconf 75' lang='lat' dir='ltr'>perabat.</span> <span class='ocrx_word' id='word_1_89' title='bbox 359 771 391 792; x_wconf 92' lang='lat' dir='ltr'>Il.</span> <span class='ocrx_word' id='word_1_90' title='bbox 418 768 482 792; x_wconf 82' lang='lat'>586.</span> <span class='ocrx_word' id='word_1_91' title='bbox 505 774 529 792; x_wconf 87' lang='lat' dir='ltr'>c.</span> <span class='ocrx_word' id='word_1_92' title='bbox 557 763 656 792; x_wconf 87' lang='lat' dir='ltr'>Paulus</span> <span class='ocrx_word' id='word_1_93' title='bbox 671 763 781 792; x_wconf 86' lang='lat' dir='ltr'>caritate</span> <span class='ocrx_word' id='word_1_94' title='bbox 800 773 952 799; x_wconf 82' lang='lat' dir='ltr'>succensus,</span> 
     </span>
     <span class='ocr_line' id='line_1_15' title="bbox 213 807 953 845; baseline 0.001 -12"><span class='ocrx_word' id='word_1_95' title='bbox 213 814 285 835; x_wconf 81' lang='lat' dir='ltr'>totus</span> <span class='ocrx_word' id='word_1_96' title='bbox 309 807 392 835; x_wconf 83' lang='lat' dir='ltr'>factus</span> <span class='ocrx_word' id='word_1_97' title='bbox 406 814 444 835; x_wconf 91' lang='lat' dir='ltr'>est</span> <span class='ocrx_word' id='word_1_98' title='bbox 459 807 565 835; x_wconf 85' lang='lat' dir='ltr'>caritas.</span> <span class='ocrx_word' id='word_1_99' title='bbox 582 807 626 834; x_wconf 83' lang='lat' dir='ltr'>Ib.</span> <span class='ocrx_word' id='word_1_100' title='bbox 644 807 741 835; x_wconf 83' lang='lat' dir='ltr'>Nullus</span> <span class='ocrx_word' id='word_1_101' title='bbox 756 807 832 835; x_wconf 84' lang='lat' dir='ltr'>miles</span> <span class='ocrx_word' id='word_1_102' title='bbox 847 807 902 845; x_wconf 81' lang='lat' dir='ltr'>regi</span> <span class='ocrx_word' id='word_1_103' title='bbox 918 807 953 835; x_wconf 87' lang='lat' dir='ltr'>ita</span> 
     </span>
     <span class='ocr_line' id='line_1_16' title="bbox 215 850 953 885; baseline 0.001 -8"><span class='ocrx_word' id='word_1_104' title='bbox 215 861 291 878; x_wconf 77' lang='lat' dir='ltr'>carus</span> <span class='ocrx_word' id='word_1_105' title='bbox 306 857 330 878; x_wconf 83' lang='lat' dir='ltr'>et</span> <span class='ocrx_word' id='word_1_106' title='bbox 343 850 444 878; x_wconf 88' lang='lat' dir='ltr'>amicus</span> <span class='ocrx_word' id='word_1_107' title='bbox 455 850 554 885; x_wconf 81' lang='lat' dir='ltr'>fuit,ut</span> <span class='ocrx_word' id='word_1_108' title='bbox 570 850 670 878; x_wconf 87' lang='lat' dir='ltr'>Paulus</span> <span class='ocrx_word' id='word_1_109' title='bbox 682 851 748 880; x_wconf 85' lang='lat' dir='ltr'>Deo.</span> <span class='ocrx_word' id='word_1_110' title='bbox 768 857 800 879; x_wconf 90' lang='lat' dir='ltr'>II.</span> <span class='ocrx_word' id='word_1_111' title='bbox 816 855 880 878; x_wconf 65' lang='lat'>9⁷⁴3.</span> <span class='ocrx_word' id='word_1_112' title='bbox 897 851 953 879; x_wconf 90' lang='lat' dir='ltr'>Ge-</span> 
     </span>
     <span class='ocr_line' id='line_1_17' title="bbox 213 893 953 933; baseline 0.001 -12"><span class='ocrx_word' id='word_1_113' title='bbox 213 893 328 922; x_wconf 87' lang='lat' dir='ltr'>hennam</span> <span class='ocrx_word' id='word_1_114' title='bbox 350 894 430 922; x_wconf 90' lang='lat' dir='ltr'>etiam</span> <span class='ocrx_word' id='word_1_115' title='bbox 450 894 585 933; x_wconf 76' lang='lat' dir='ltr'><strong>despicere</strong></span> <span class='ocrx_word' id='word_1_116' title='bbox 609 894 754 922; x_wconf 86' lang='lat' dir='ltr'>meditatus</span> <span class='ocrx_word' id='word_1_117' title='bbox 769 900 823 922; x_wconf 86' lang='lat' dir='ltr'>erat</span> <span class='ocrx_word' id='word_1_118' title='bbox 835 916 842 929; x_wconf 88' lang='lat'>‚</span> <span class='ocrx_word' id='word_1_119' title='bbox 856 904 904 933; x_wconf 86' lang='lat' dir='ltr'>pro</span> <span class='ocrx_word' id='word_1_120' title='bbox 920 893 953 922; x_wconf 85' lang='lat' dir='ltr'>iis</span> 
     </span>
     <span class='ocr_line' id='line_1_18' title="bbox 211 937 953 975; baseline 0.003 -11"><span class='ocrx_word' id='word_1_121' title='bbox 211 948 269 975; x_wconf 78' lang='lat' dir='ltr'>qua:</span> <span class='ocrx_word' id='word_1_122' title='bbox 286 938 341 965; x_wconf 84' lang='lat' dir='ltr'>Deo</span> <span class='ocrx_word' id='word_1_123' title='bbox 362 937 475 975; x_wconf 81' lang='lat' dir='ltr'>placent.</span> <span class='ocrx_word' id='word_1_124' title='bbox 492 944 536 966; x_wconf 85' lang='lat' dir='ltr'>XI.</span> <span class='ocrx_word' id='word_1_125' title='bbox 556 942 619 965; x_wconf 84' lang='lat'>602.</span> <span class='ocrx_word' id='word_1_126' title='bbox 639 948 664 965; x_wconf 93' lang='lat' dir='ltr'>c.</span> <span class='ocrx_word' id='word_1_127' title='bbox 689 949 716 966; x_wconf 83' lang='lat' dir='ltr'>n.</span> <span class='ocrx_word' id='word_1_128' title='bbox 735 939 872 972; x_wconf 89' lang='lat' dir='ltr'>Quantum</span> <span class='ocrx_word' id='word_1_129' title='bbox 887 938 953 966; x_wconf 88' lang='lat' dir='ltr'>cari-</span> 
     </span>
     <span class='ocr_line' id='line_1_19' title="bbox 213 980 953 1019; baseline 0 -11"><span class='ocrx_word' id='word_1_130' title='bbox 213 988 292 1008; x_wconf 85' lang='lat' dir='ltr'>tatem</span> <span class='ocrx_word' id='word_1_131' title='bbox 316 980 481 1008; x_wconf 86' lang='lat' dir='ltr'>commendet</span> <span class='ocrx_word' id='word_1_132' title='bbox 511 991 572 1019; x_wconf 82' lang='lat' dir='ltr'>erga</span> <span class='ocrx_word' id='word_1_133' title='bbox 593 981 688 1012; x_wconf 79' lang='lat' dir='ltr'>Deum.</span> <span class='ocrx_word' id='word_1_134' title='bbox 717 989 762 1011; x_wconf 91' lang='lat' dir='ltr'>III.</span> <span class='ocrx_word' id='word_1_135' title='bbox 792 986 857 1010; x_wconf 87' lang='lat'>600.</span> <span class='ocrx_word' id='word_1_136' title='bbox 875 981 953 1009; x_wconf 89' lang='lat' dir='ltr'>Pauli</span> 
     </span>
     <span class='ocr_line' id='line_1_20' title="bbox 211 1028 654 1062; baseline 0 -11"><span class='ocrx_word' id='word_1_137' title='bbox 211 1034 272 1062; x_wconf 85' lang='lat' dir='ltr'>spes</span> <span class='ocrx_word' id='word_1_138' title='bbox 288 1033 420 1060; x_wconf 63' lang='lat' dir='ltr'>quaenam.</span> <span class='ocrx_word' id='word_1_139' title='bbox 440 1030 485 1051; x_wconf 91' lang='lat' dir='ltr'>XI.</span> <span class='ocrx_word' id='word_1_140' title='bbox 504 1028 568 1051; x_wconf 82' lang='lat'>244.</span> <span class='ocrx_word' id='word_1_141' title='bbox 587 1034 610 1053; x_wconf 82' lang='grc' dir='ltr'>Β.</span> <span class='ocrx_word' id='word_1_142' title='bbox 628 1034 654 1053; x_wconf 92' lang='lat' dir='ltr'>c.</span> 
     </span>
    </p>

    <p class='ocr_par' dir='ltr' id='par_1_3' title="bbox 211 1067 956 1976">
     <span class='ocr_line' id='line_1_21' title="bbox 254 1067 952 1103; baseline 0.003 -9"><span class='ocrx_word' id='word_1_143' title='bbox 254 1067 332 1094; x_wconf 87' lang='lat' dir='ltr'>Pauli</span> <span class='ocrx_word' id='word_1_144' title='bbox 347 1077 422 1094; x_wconf 86' lang='lat' dir='ltr'>arnor</span> <span class='ocrx_word' id='word_1_145' title='bbox 437 1076 498 1103; x_wconf 79' lang='lat' dir='ltr'>erga</span> <span class='ocrx_word' id='word_1_146' title='bbox 520 1067 667 1095; x_wconf 85' lang='lat' dir='ltr'>Christum.</span> <span class='ocrx_word' id='word_1_147' title='bbox 685 1075 704 1096; x_wconf 92' lang='lat' dir='ltr'>I.</span> <span class='ocrx_word' id='word_1_148' title='bbox 722 1073 783 1096; x_wconf 87' lang='lat'>165.</span> <span class='ocrx_word' id='word_1_149' title='bbox 808 1073 866 1096; x_wconf 88' lang='lat'>166.</span> <span class='ocrx_word' id='word_1_150' title='bbox 888 1073 952 1096; x_wconf 85' lang='lat'>730.</span> 
     </span>
     <span class='ocr_line' id='line_1_22' title="bbox 220 1111 955 1139; baseline 0.004 -3"><span class='ocrx_word' id='word_1_151' title='bbox 220 1121 241 1137; x_wconf 78' lang='grc'>1.</span> <span class='ocrx_word' id='word_1_152' title='bbox 259 1115 323 1138; x_wconf 81' lang='lat'>731.</span> <span class='ocrx_word' id='word_1_153' title='bbox 340 1116 386 1138; x_wconf 83' lang='lat' dir='ltr'>IX.</span> <span class='ocrx_word' id='word_1_154' title='bbox 405 1113 468 1137; x_wconf 81' lang='lat'>663.</span> <span class='ocrx_word' id='word_1_155' title='bbox 494 1120 519 1137; x_wconf 71' lang='lat' dir='ltr'>e.</span> <span class='ocrx_word' id='word_1_156' title='bbox 540 1117 573 1137; x_wconf 96' lang='lat' dir='ltr'>X.</span> <span class='ocrx_word' id='word_1_157' title='bbox 595 1115 639 1139; x_wconf 82' lang='grc'>19.</span> <span class='ocrx_word' id='word_1_158' title='bbox 658 1121 683 1139; x_wconf 78' lang='grc' dir='ltr'>Β.</span> <span class='ocrx_word' id='word_1_159' title='bbox 717 1111 834 1139; x_wconf 72' lang='lat' dir='ltr'>Caritate</span> <span class='ocrx_word' id='word_1_160' title='bbox 856 1111 955 1139; x_wconf 80' lang='lat' dir='ltr'>Christi</span> 
     </span>
     <span class='ocr_line' id='line_1_23' title="bbox 212 1152 953 1192; baseline 0.005 -13"><span class='ocrx_word' id='word_1_161' title='bbox 212 1153 324 1192; x_wconf 83' lang='lat' dir='ltr'>perfrui,</span> <span class='ocrx_word' id='word_1_162' title='bbox 339 1153 390 1180; x_wconf 87' lang='lat' dir='ltr'>hoc</span> <span class='ocrx_word' id='word_1_163' title='bbox 412 1152 454 1180; x_wconf 84' lang='lat' dir='ltr'>illi</span> <span class='ocrx_word' id='word_1_164' title='bbox 471 1152 553 1180; x_wconf 85' lang='lat' dir='ltr'>instar</span> <span class='ocrx_word' id='word_1_165' title='bbox 575 1154 695 1181; x_wconf 90' lang='lat' dir='ltr'>omnium</span> <span class='ocrx_word' id='word_1_166' title='bbox 711 1161 776 1182; x_wconf 78' lang='lat' dir='ltr'>erat.</span> <span class='ocrx_word' id='word_1_167' title='bbox 794 1162 826 1182; x_wconf 89' lang='lat' dir='ltr'>II.</span> <span class='ocrx_word' id='word_1_168' title='bbox 845 1159 909 1182; x_wconf 81' lang='lat'>577.</span> <span class='ocrx_word' id='word_1_169' title='bbox 926 1165 953 1184; x_wconf 90' lang='lat' dir='ltr'>c.</span> 
     </span>
     <span class='ocr_line' id='line_1_24' title="bbox 211 1195 954 1235; baseline 0.004 -11"><span class='ocrx_word' id='word_1_170' title='bbox 211 1197 253 1224; x_wconf 82' lang='lat' dir='ltr'>Ab</span> <span class='ocrx_word' id='word_1_171' title='bbox 269 1197 315 1224; x_wconf 82' lang='lat' dir='ltr'>illa</span> <span class='ocrx_word' id='word_1_172' title='bbox 327 1195 473 1232; x_wconf 81' lang='lat' dir='ltr'>discedere,</span> <span class='ocrx_word' id='word_1_173' title='bbox 486 1195 543 1224; x_wconf 75' lang='lat' dir='ltr'>haec</span> <span class='ocrx_word' id='word_1_174' title='bbox 557 1196 579 1224; x_wconf 89' lang='lat' dir='ltr'>ei</span> <span class='ocrx_word' id='word_1_175' title='bbox 593 1197 788 1235; x_wconf 74' lang='lat' dir='ltr'>eratgehenna.</span> <span class='ocrx_word' id='word_1_176' title='bbox 802 1200 845 1226; x_wconf 70' lang='lat' dir='ltr'>II).</span> <span class='ocrx_word' id='word_1_177' title='bbox 856 1198 954 1227; x_wconf 91' lang='lat' dir='ltr'>Nullus</span> 
     </span>
     <span class='ocr_line' id='line_1_25' title="bbox 211 1239 950 1278; baseline 0.001 -10"><span class='ocrx_word' id='word_1_178' title='bbox 211 1240 351 1268; x_wconf 89' lang='lat' dir='ltr'>hominum</span> <span class='ocrx_word' id='word_1_179' title='bbox 373 1240 450 1268; x_wconf 87' lang='lat' dir='ltr'>talem</span> <span class='ocrx_word' id='word_1_180' title='bbox 467 1250 515 1278; x_wconf 85' lang='lat' dir='ltr'>pro</span> <span class='ocrx_word' id='word_1_181' title='bbox 530 1239 640 1269; x_wconf 87' lang='lat' dir='ltr'>Christo</span> <span class='ocrx_word' id='word_1_182' title='bbox 660 1241 786 1269; x_wconf 79' lang='lat' dir='ltr'>affectum</span> <span class='ocrx_word' id='word_1_183' title='bbox 812 1241 950 1276; x_wconf 80' lang='lat' dir='ltr'>exhibuit,</span> 
     </span>
     <span class='ocr_line' id='line_1_26' title="bbox 211 1285 956 1324; baseline 0.001 -10"><span class='ocrx_word' id='word_1_184' title='bbox 211 1286 319 1324; x_wconf 84' lang='lat' dir='ltr'>qualem</span> <span class='ocrx_word' id='word_1_185' title='bbox 336 1285 381 1313; x_wconf 89' lang='lat' dir='ltr'>illa</span> <span class='ocrx_word' id='word_1_186' title='bbox 394 1292 484 1313; x_wconf 84' lang='lat' dir='ltr'>sancta</span> <span class='ocrx_word' id='word_1_187' title='bbox 496 1285 594 1313; x_wconf 83' lang='lat' dir='ltr'>anima.</span> <span class='ocrx_word' id='word_1_188' title='bbox 610 1293 629 1314; x_wconf 87' lang='grc' dir='ltr'>Ι.</span> <span class='ocrx_word' id='word_1_189' title='bbox 645 1291 707 1315; x_wconf 82' lang='lat'>471.</span> <span class='ocrx_word' id='word_1_190' title='bbox 724 1292 789 1315; x_wconf 85' lang='lat'>850.</span> <span class='ocrx_word' id='word_1_191' title='bbox 808 1297 836 1318; x_wconf 83' lang='grc'>1).</span> <span class='ocrx_word' id='word_1_192' title='bbox 851 1297 876 1316; x_wconf 68' lang='grc' dir='ltr'>Β.</span> <span class='ocrx_word' id='word_1_193' title='bbox 889 1287 956 1315; x_wconf 88' lang='lat' dir='ltr'>Fer-</span> 
     </span>
     <span class='ocr_line' id='line_1_27' title="bbox 213 1329 955 1369; baseline 0 -11"><span class='ocrx_word' id='word_1_194' title='bbox 213 1329 292 1358; x_wconf 77' lang='lat' dir='ltr'>vidus</span> <span class='ocrx_word' id='word_1_195' title='bbox 315 1329 417 1357; x_wconf 88' lang='lat' dir='ltr'>Christi</span> <span class='ocrx_word' id='word_1_196' title='bbox 443 1335 546 1357; x_wconf 85' lang='lat' dir='ltr'>amator</span> <span class='ocrx_word' id='word_1_197' title='bbox 573 1336 638 1358; x_wconf 85' lang='lat' dir='ltr'>erat.</span> <span class='ocrx_word' id='word_1_198' title='bbox 661 1337 706 1359; x_wconf 88' lang='lat' dir='ltr'>lv.</span> <span class='ocrx_word' id='word_1_199' title='bbox 727 1335 791 1359; x_wconf 79' lang='lat'>402.</span> <span class='ocrx_word' id='word_1_200' title='bbox 811 1341 838 1358; x_wconf 77' lang='lat' dir='ltr'>A.</span> <span class='ocrx_word' id='word_1_201' title='bbox 867 1331 955 1369; x_wconf 82' lang='lat' dir='ltr'>Supra</span> 
     </span>
     <span class='ocr_line' id='line_1_28' title="bbox 215 1373 955 1413; baseline 0.001 -12"><span class='ocrx_word' id='word_1_202' title='bbox 215 1373 324 1401; x_wconf 89' lang='lat' dir='ltr'>modum</span> <span class='ocrx_word' id='word_1_203' title='bbox 340 1373 450 1400; x_wconf 74' lang='lat' dir='ltr'>amavit.</span> <span class='ocrx_word' id='word_1_204' title='bbox 466 1380 487 1400; x_wconf 95' lang='lat' dir='ltr'>I.</span> <span class='ocrx_word' id='word_1_205' title='bbox 504 1377 569 1402; x_wconf 82' lang='grc'>503.</span> <span class='ocrx_word' id='word_1_206' title='bbox 587 1384 613 1402; x_wconf 75' lang='grc' dir='ltr'>Ε.</span> <span class='ocrx_word' id='word_1_207' title='bbox 633 1376 716 1402; x_wconf 83' lang='lat' dir='ltr'>Amor</span> <span class='ocrx_word' id='word_1_208' title='bbox 730 1375 787 1413; x_wconf 82' lang='lat' dir='ltr'>ejus</span> <span class='ocrx_word' id='word_1_209' title='bbox 802 1385 864 1412; x_wconf 76' lang='lat' dir='ltr'>erga</span> <span class='ocrx_word' id='word_1_210' title='bbox 878 1374 955 1403; x_wconf 88' lang='lat' dir='ltr'>Chri-</span> 
     </span>
     <span class='ocr_line' id='line_1_29' title="bbox 213 1416 955 1446; baseline 0.001 -2"><span class='ocrx_word' id='word_1_211' title='bbox 213 1423 283 1444; x_wconf 87' lang='lat' dir='ltr'>stum</span> <span class='ocrx_word' id='word_1_212' title='bbox 300 1426 389 1444; x_wconf 89' lang='lat' dir='ltr'>omnes</span> <span class='ocrx_word' id='word_1_213' title='bbox 402 1416 479 1444; x_wconf 81' lang='lat' dir='ltr'>caelos</span> <span class='ocrx_word' id='word_1_214' title='bbox 491 1417 664 1446; x_wconf 77' lang='lat' dir='ltr'>transcendit.</span> <span class='ocrx_word' id='word_1_215' title='bbox 682 1424 699 1445; x_wconf 95' lang='lat' dir='ltr'>I.</span> <span class='ocrx_word' id='word_1_216' title='bbox 717 1423 778 1445; x_wconf 80' lang='lat'>175.</span> <span class='ocrx_word' id='word_1_217' title='bbox 794 1429 808 1446; x_wconf 71' lang='lat' dir='ltr'>rs</span> <span class='ocrx_word' id='word_1_218' title='bbox 828 1418 955 1445; x_wconf 81' lang='lat' dir='ltr'>Flammae</span> 
     </span>
     <span class='ocr_line' id='line_1_30' title="bbox 212 1459 955 1498; baseline 0.001 -10"><span class='ocrx_word' id='word_1_219' title='bbox 212 1460 312 1498; x_wconf 79' lang='lat' dir='ltr'>ingenti</span> <span class='ocrx_word' id='word_1_220' title='bbox 335 1459 430 1487; x_wconf 85' lang='lat' dir='ltr'>similis</span> <span class='ocrx_word' id='word_1_221' title='bbox 452 1466 518 1487; x_wconf 85' lang='lat' dir='ltr'>crat.</span> <span class='ocrx_word' id='word_1_222' title='bbox 537 1467 558 1488; x_wconf 90' lang='lat' dir='ltr'>I.</span> <span class='ocrx_word' id='word_1_223' title='bbox 583 1465 644 1488; x_wconf 87' lang='lat'>175.</span> <span class='ocrx_word' id='word_1_224' title='bbox 661 1471 684 1488; x_wconf 81' lang='lat'>13.</span> <span class='ocrx_word' id='word_1_225' title='bbox 703 1471 729 1488; x_wconf 83' lang='lat' dir='ltr'>c.</span> <span class='ocrx_word' id='word_1_226' title='bbox 745 1462 832 1489; x_wconf 74' lang='lat' dir='ltr'>Tanto</span> <span class='ocrx_word' id='word_1_227' title='bbox 854 1461 955 1490; x_wconf 83' lang='lat' dir='ltr'>Christi</span> 
     </span>
     <span class='ocr_line' id='line_1_31' title="bbox 211 1504 955 1542; baseline 0.004 -12"><span class='ocrx_word' id='word_1_228' title='bbox 211 1504 342 1540; x_wconf 80' lang='lat' dir='ltr'>flagrabat</span> <span class='ocrx_word' id='word_1_229' title='bbox 354 1513 454 1538; x_wconf 85' lang='lat' dir='ltr'>amore,</span> <span class='ocrx_word' id='word_1_230' title='bbox 470 1510 497 1531; x_wconf 88' lang='lat' dir='ltr'>ut</span> <span class='ocrx_word' id='word_1_231' title='bbox 509 1514 557 1542; x_wconf 87' lang='lat' dir='ltr'>pro</span> <span class='ocrx_word' id='word_1_232' title='bbox 572 1504 619 1532; x_wconf 88' lang='lat' dir='ltr'>illo</span> <span class='ocrx_word' id='word_1_233' title='bbox 635 1505 798 1533; x_wconf 61' lang='lat' dir='ltr'>immortales</span> <span class='ocrx_word' id='word_1_234' title='bbox 821 1505 955 1534; x_wconf 83' lang='lat' dir='ltr'>cruciatus</span> 
     </span>
     <span class='ocr_line' id='line_1_32' title="bbox 213 1547 954 1586; baseline 0.004 -12"><span class='ocrx_word' id='word_1_235' title='bbox 213 1547 349 1574; x_wconf 82' lang='lat' dir='ltr'>subiisset.</span> <span class='ocrx_word' id='word_1_236' title='bbox 368 1553 385 1574; x_wconf 90' lang='lat'>1.</span> <span class='ocrx_word' id='word_1_237' title='bbox 402 1551 464 1574; x_wconf 84' lang='lat'>165.</span> <span class='ocrx_word' id='word_1_238' title='bbox 479 1557 502 1573; x_wconf 77' lang='grc' dir='ltr'>Ε.</span> <span class='ocrx_word' id='word_1_239' title='bbox 521 1547 586 1585; x_wconf 88' lang='lat' dir='ltr'>Ejus</span> <span class='ocrx_word' id='word_1_240' title='bbox 609 1558 658 1586; x_wconf 86' lang='lat' dir='ltr'>pro</span> <span class='ocrx_word' id='word_1_241' title='bbox 681 1548 787 1576; x_wconf 85' lang='lat' dir='ltr'>Christo</span> <span class='ocrx_word' id='word_1_242' title='bbox 802 1549 915 1577; x_wconf 78' lang='lat' dir='ltr'>labores.</span> <span class='ocrx_word' id='word_1_243' title='bbox 935 1556 954 1577; x_wconf 95' lang='lat' dir='ltr'>I.</span> 
     </span>
     <span class='ocr_line' id='line_1_33' title="bbox 214 1590 954 1620; baseline 0.003 -2"><span class='ocrx_word' id='word_1_244' title='bbox 214 1595 278 1618; x_wconf 86' lang='grc'>165.</span> <span class='ocrx_word' id='word_1_245' title='bbox 304 1594 363 1618; x_wconf 86' lang='grc'>166.</span> <span class='ocrx_word' id='word_1_246' title='bbox 379 1590 480 1617; x_wconf 87' lang='lat' dir='ltr'>lntenta</span> <span class='ocrx_word' id='word_1_247' title='bbox 506 1597 593 1618; x_wconf 86' lang='lat' dir='ltr'>mente</span> <span class='ocrx_word' id='word_1_248' title='bbox 616 1591 722 1619; x_wconf 85' lang='lat' dir='ltr'>Christo</span> <span class='ocrx_word' id='word_1_249' title='bbox 749 1591 875 1620; x_wconf 73' lang='lat' dir='ltr'>haerehat.</span> <span class='ocrx_word' id='word_1_250' title='bbox 896 1599 954 1620; x_wconf 68' lang='lat' dir='ltr'>VII.</span> 
     </span>
     <span class='ocr_line' id='line_1_34' title="bbox 214 1632 956 1672; baseline 0.004 -11"><span class='ocrx_word' id='word_1_251' title='bbox 214 1638 278 1662; x_wconf 82' lang='lat'>622.</span> <span class='ocrx_word' id='word_1_252' title='bbox 296 1645 322 1660; x_wconf 94' lang='lat' dir='ltr'>A.</span> <span class='ocrx_word' id='word_1_253' title='bbox 337 1633 443 1661; x_wconf 81' lang='lat' dir='ltr'>Sciebat</span> <span class='ocrx_word' id='word_1_254' title='bbox 459 1632 582 1661; x_wconf 82' lang='lat' dir='ltr'>excidere</span> <span class='ocrx_word' id='word_1_255' title='bbox 593 1645 606 1662; x_wconf 89' lang='lat' dir='ltr'>e</span> <span class='ocrx_word' id='word_1_256' title='bbox 616 1635 700 1672; x_wconf 78' lang='lat' dir='ltr'>gratia</span> <span class='ocrx_word' id='word_1_257' title='bbox 715 1635 814 1663; x_wconf 83' lang='lat' dir='ltr'>Christi</span> <span class='ocrx_word' id='word_1_258' title='bbox 833 1646 888 1664; x_wconf 84' lang='lat' dir='ltr'>rem</span> <span class='ocrx_word' id='word_1_259' title='bbox 901 1646 956 1664; x_wconf 85' lang='lat' dir='ltr'>esse</span> 
     </span>
     <span class='ocr_line' id='line_1_35' title="bbox 215 1677 956 1715; baseline 0.005 -11"><span class='ocrx_word' id='word_1_260' title='bbox 215 1677 337 1705; x_wconf 81' lang='lat' dir='ltr'>oninium</span> <span class='ocrx_word' id='word_1_261' title='bbox 351 1677 548 1715; x_wconf 78' lang='lat' dir='ltr'>gravissimam.</span> <span class='ocrx_word' id='word_1_262' title='bbox 564 1685 621 1706; x_wconf 73' lang='lat' dir='ltr'>vlt.</span> <span class='ocrx_word' id='word_1_263' title='bbox 640 1683 704 1707; x_wconf 81' lang='lat'>334.</span> <span class='ocrx_word' id='word_1_264' title='bbox 724 1690 749 1706; x_wconf 88' lang='grc'>,1.</span> <span class='ocrx_word' id='word_1_265' title='bbox 768 1679 867 1708; x_wconf 77' lang='lat' dir='ltr'>Paulus</span> <span class='ocrx_word' id='word_1_266' title='bbox 880 1680 956 1708; x_wconf 84' lang='lat' dir='ltr'>Chri-</span> 
     </span>
     <span class='ocr_line' id='line_1_36' title="bbox 215 1721 953 1761; baseline 0.004 -12"><span class='ocrx_word' id='word_1_267' title='bbox 215 1721 248 1749; x_wconf 77' lang='lat' dir='ltr'>sti</span> <span class='ocrx_word' id='word_1_268' title='bbox 264 1721 478 1759; x_wconf 81' lang='lat' dir='ltr'>paranymphus.</span> <span class='ocrx_word' id='word_1_269' title='bbox 494 1728 538 1749; x_wconf 92' lang='lat'>111.</span> <span class='ocrx_word' id='word_1_270' title='bbox 561 1727 622 1750; x_wconf 90' lang='lat'>161.</span> <span class='ocrx_word' id='word_1_271' title='bbox 640 1733 664 1750; x_wconf 86' lang='lat' dir='ltr'>c.</span> <span class='ocrx_word' id='word_1_272' title='bbox 679 1723 828 1761; x_wconf 87' lang='lat' dir='ltr'>pronubus.</span> <span class='ocrx_word' id='word_1_273' title='bbox 846 1730 877 1752; x_wconf 69' lang='lat' dir='ltr'>V.</span> <span class='ocrx_word' id='word_1_274' title='bbox 892 1728 953 1752; x_wconf 83' lang='grc'>323.</span> 
     </span>
     <span class='ocr_line' id='line_1_37' title="bbox 214 1764 953 1803; baseline 0.005 -12"><span class='ocrx_word' id='word_1_275' title='bbox 214 1775 239 1792; x_wconf 85' lang='lat' dir='ltr'>c.</span> <span class='ocrx_word' id='word_1_276' title='bbox 258 1766 314 1791; x_wconf 81' lang='lat' dir='ltr'>Cur</span> <span class='ocrx_word' id='word_1_277' title='bbox 335 1774 467 1802; x_wconf 78' lang='lat' dir='ltr'>nusquam</span> <span class='ocrx_word' id='word_1_278' title='bbox 486 1774 513 1792; x_wconf 87' lang='lat' dir='ltr'>se</span> <span class='ocrx_word' id='word_1_279' title='bbox 533 1764 619 1792; x_wconf 81' lang='lat' dir='ltr'>Patris</span> <span class='ocrx_word' id='word_1_280' title='bbox 639 1765 792 1803; x_wconf 87' lang='lat' dir='ltr'>apostolum</span> <span class='ocrx_word' id='word_1_281' title='bbox 807 1765 889 1802; x_wconf 83' lang='lat' dir='ltr'>dicat,</span> <span class='ocrx_word' id='word_1_282' title='bbox 906 1766 953 1795; x_wconf 88' lang='lat' dir='ltr'>sed</span> 
     </span>
     <span class='ocr_line' id='line_1_38' title="bbox 213 1808 955 1839; baseline 0.003 -2"><span class='ocrx_word' id='word_1_283' title='bbox 213 1808 323 1837; x_wconf 84' lang='lat' dir='ltr'>Christi.</span> <span class='ocrx_word' id='word_1_284' title='bbox 345 1815 392 1836; x_wconf 91' lang='lat' dir='ltr'>XI.</span> <span class='ocrx_word' id='word_1_285' title='bbox 412 1811 475 1836; x_wconf 83' lang='lat'>636.</span> <span class='ocrx_word' id='word_1_286' title='bbox 492 1817 517 1835; x_wconf 74' lang='lat' dir='ltr'>E.</span> <span class='ocrx_word' id='word_1_287' title='bbox 539 1808 592 1835; x_wconf 89' lang='lat' dir='ltr'>Cor</span> <span class='ocrx_word' id='word_1_288' title='bbox 607 1808 707 1836; x_wconf 86' lang='lat' dir='ltr'>Christi</span> <span class='ocrx_word' id='word_1_289' title='bbox 720 1816 775 1837; x_wconf 88' lang='lat' dir='ltr'>erat</span> <span class='ocrx_word' id='word_1_290' title='bbox 801 1820 845 1837; x_wconf 82' lang='lat' dir='ltr'>cor</span> <span class='ocrx_word' id='word_1_291' title='bbox 866 1811 955 1839; x_wconf 85' lang='lat' dir='ltr'>Pauli.</span> 
     </span>
     <span class='ocr_line' id='line_1_39' title="bbox 215 1851 955 1891; baseline 0.001 -11"><span class='ocrx_word' id='word_1_292' title='bbox 215 1860 260 1881; x_wconf 92' lang='lat' dir='ltr'>IX.</span> <span class='ocrx_word' id='word_1_293' title='bbox 286 1857 348 1880; x_wconf 85' lang='lat'>836.</span> <span class='ocrx_word' id='word_1_294' title='bbox 372 1862 399 1880; x_wconf 79' lang='lat' dir='ltr'>E.</span> <span class='ocrx_word' id='word_1_295' title='bbox 419 1851 560 1879; x_wconf 86' lang='lat' dir='ltr'>Gradatim</span> <span class='ocrx_word' id='word_1_296' title='bbox 577 1851 611 1879; x_wconf 89' lang='lat' dir='ltr'>de</span> <span class='ocrx_word' id='word_1_297' title='bbox 631 1851 738 1880; x_wconf 89' lang='lat' dir='ltr'>Christo</span> <span class='ocrx_word' id='word_1_298' title='bbox 752 1853 878 1891; x_wconf 83' lang='lat' dir='ltr'>loquitur.</span> <span class='ocrx_word' id='word_1_299' title='bbox 896 1861 955 1883; x_wconf 84' lang='lat' dir='ltr'>XII.</span> 
     </span>
     <span class='ocr_line' id='line_1_40' title="bbox 215 1894 953 1926; baseline 0.003 -2"><span class='ocrx_word' id='word_1_300' title='bbox 215 1901 258 1924; x_wconf 87' lang='lat'>11.</span> <span class='ocrx_word' id='word_1_301' title='bbox 274 1906 297 1923; x_wconf 77' lang='lat'>13.</span> <span class='ocrx_word' id='word_1_302' title='bbox 312 1906 338 1923; x_wconf 80' lang='lat' dir='ltr'>c.</span> <span class='ocrx_word' id='word_1_303' title='bbox 357 1894 457 1922; x_wconf 84' lang='lat' dir='ltr'>Paulus</span> <span class='ocrx_word' id='word_1_304' title='bbox 473 1894 573 1923; x_wconf 76' lang='lat' dir='ltr'>Christi</span> <span class='ocrx_word' id='word_1_305' title='bbox 598 1895 647 1923; x_wconf 84' lang='lat' dir='ltr'>fuit</span> <span class='ocrx_word' id='word_1_306' title='bbox 666 1896 794 1924; x_wconf 84' lang='lat' dir='ltr'>imitator.</span> <span class='ocrx_word' id='word_1_307' title='bbox 814 1904 871 1925; x_wconf 69' lang='lat' dir='ltr'>XII.</span> <span class='ocrx_word' id='word_1_308' title='bbox 889 1903 953 1926; x_wconf 85' lang='lat'>835.</span> 
     </span>
     <span class='ocr_line' id='line_1_41' title="bbox 214 1939 794 1976; baseline 0.003 -10"><span class='ocrx_word' id='word_1_309' title='bbox 214 1950 242 1967; x_wconf 79' lang='lat'>1).</span> <span class='ocrx_word' id='word_1_310' title='bbox 260 1939 404 1976; x_wconf 87' lang='lat' dir='ltr'>quomodo.</span> <span class='ocrx_word' id='word_1_311' title='bbox 419 1945 464 1966; x_wconf 90' lang='lat' dir='ltr'>III.</span> <span class='ocrx_word' id='word_1_312' title='bbox 484 1943 546 1966; x_wconf 87' lang='grc'>105.</span> <span class='ocrx_word' id='word_1_313' title='bbox 563 1950 588 1967; x_wconf 85' lang='lat' dir='ltr'>C.</span> <span class='ocrx_word' id='word_1_314' title='bbox 603 1946 635 1968; x_wconf 94' lang='lat' dir='ltr'>X.</span> <span class='ocrx_word' id='word_1_315' title='bbox 651 1944 713 1968; x_wconf 85' lang='lat'>131.</span> <span class='ocrx_word' id='word_1_316' title='bbox 730 1952 756 1968; x_wconf 91' lang='lat' dir='ltr'>A.</span> <span class='ocrx_word' id='word_1_317' title='bbox 771 1951 794 1969; x_wconf 76' lang='lat' dir='ltr'>n.</span> 
     </span>
    </p>

    <p class='ocr_par' dir='ltr' id='par_1_4' title="bbox 212 1982 957 2582">
     <span class='ocr_line' id='line_1_42' title="bbox 253 1982 953 2021; baseline 0.006 -12"><span class='ocrx_word' id='word_1_318' title='bbox 253 1982 331 2010; x_wconf 82' lang='lat' dir='ltr'>Pauli</span> <span class='ocrx_word' id='word_1_319' title='bbox 351 1992 425 2010; x_wconf 86' lang='lat' dir='ltr'>amor</span> <span class='ocrx_word' id='word_1_320' title='bbox 442 1988 467 2010; x_wconf 89' lang='lat' dir='ltr'>et</span> <span class='ocrx_word' id='word_1_321' title='bbox 487 1983 583 2010; x_wconf 84' lang='lat' dir='ltr'>caritas</span> <span class='ocrx_word' id='word_1_322' title='bbox 600 1993 661 2021; x_wconf 79' lang='lat' dir='ltr'>erga</span> <span class='ocrx_word' id='word_1_323' title='bbox 679 1994 770 2011; x_wconf 88' lang='lat' dir='ltr'>omnes</span> <span class='ocrx_word' id='word_1_324' title='bbox 783 1991 891 2021; x_wconf 85' lang='lat' dir='ltr'>quanta.</span> <span class='ocrx_word' id='word_1_325' title='bbox 921 1992 953 2014; x_wconf 94' lang='lat' dir='ltr'>II.</span> 
     </span>
     <span class='ocr_line' id='line_1_43' title="bbox 213 2029 956 2066; baseline 0.003 -12"><span class='ocrx_word' id='word_1_326' title='bbox 213 2031 277 2054; x_wconf 81' lang='lat'>782.</span> <span class='ocrx_word' id='word_1_327' title='bbox 296 2037 324 2054; x_wconf 88' lang='lat' dir='ltr'>D.</span> <span class='ocrx_word' id='word_1_328' title='bbox 344 2033 399 2054; x_wconf 89' lang='lat' dir='ltr'>VII.</span> <span class='ocrx_word' id='word_1_329' title='bbox 415 2031 479 2053; x_wconf 86' lang='lat'>686.</span> <span class='ocrx_word' id='word_1_330' title='bbox 493 2037 519 2054; x_wconf 87' lang='lat' dir='ltr'>c.</span> <span class='ocrx_word' id='word_1_331' title='bbox 538 2034 572 2057; x_wconf 79' lang='lat' dir='ltr'>X.</span> <span class='ocrx_word' id='word_1_332' title='bbox 586 2031 649 2055; x_wconf 82' lang='lat'>624.</span> <span class='ocrx_word' id='word_1_333' title='bbox 669 2039 693 2056; x_wconf 80' lang='lat' dir='ltr'>B.</span> <span class='ocrx_word' id='word_1_334' title='bbox 711 2038 737 2058; x_wconf 81' lang='lat' dir='ltr'>c,</span> <span class='ocrx_word' id='word_1_335' title='bbox 753 2029 881 2056; x_wconf 80' lang='lat' dir='ltr'>Paternus</span> <span class='ocrx_word' id='word_1_336' title='bbox 900 2029 956 2066; x_wconf 83' lang='lat' dir='ltr'>ejus</span> 
     </span>
     <span class='ocr_line' id='line_1_44' title="bbox 213 2070 957 2100; baseline 0.005 -4"><span class='ocrx_word' id='word_1_337' title='bbox 213 2070 333 2097; x_wconf 75' lang='lat' dir='ltr'>affectus.</span> <span class='ocrx_word' id='word_1_338' title='bbox 352 2077 385 2098; x_wconf 91' lang='lat' dir='ltr'>X.</span> <span class='ocrx_word' id='word_1_339' title='bbox 409 2074 472 2097; x_wconf 73' lang='lat'>759.</span> <span class='ocrx_word' id='word_1_340' title='bbox 489 2080 513 2097; x_wconf 84' lang='lat' dir='ltr'>c.</span> <span class='ocrx_word' id='word_1_341' title='bbox 530 2071 630 2098; x_wconf 84' lang='lat' dir='ltr'>Omnes</span> <span class='ocrx_word' id='word_1_342' title='bbox 648 2072 673 2098; x_wconf 91' lang='lat' dir='ltr'>in</span> <span class='ocrx_word' id='word_1_343' title='bbox 691 2071 772 2099; x_wconf 87' lang='lat' dir='ltr'>eorde</span> <span class='ocrx_word' id='word_1_344' title='bbox 786 2072 957 2100; x_wconf 84' lang='lat' dir='ltr'>circumfere-</span> 
     </span>
     <span class='ocr_line' id='line_1_45' title="bbox 213 2113 953 2154; baseline 0.003 -14"><span class='ocrx_word' id='word_1_345' title='bbox 213 2113 268 2140; x_wconf 80' lang='lat' dir='ltr'>bat.</span> <span class='ocrx_word' id='word_1_346' title='bbox 282 2120 315 2141; x_wconf 88' lang='lat' dir='ltr'>X.</span> <span class='ocrx_word' id='word_1_347' title='bbox 331 2117 394 2140; x_wconf 86' lang='lat'>464.</span> <span class='ocrx_word' id='word_1_348' title='bbox 406 2124 432 2142; x_wconf 86' lang='lat' dir='ltr'>c.</span> <span class='ocrx_word' id='word_1_349' title='bbox 451 2113 588 2147; x_wconf 77' lang='lat' dir='ltr'>Quantum</span> <span class='ocrx_word' id='word_1_350' title='bbox 604 2124 665 2142; x_wconf 81' lang='lat' dir='ltr'>suos</span> <span class='ocrx_word' id='word_1_351' title='bbox 680 2122 784 2143; x_wconf 81' lang='lat' dir='ltr'>curaret</span> <span class='ocrx_word' id='word_1_352' title='bbox 795 2114 953 2154; x_wconf 86' lang='lat' dir='ltr'>discipulos.</span> 
     </span>
     <span class='ocr_line' id='line_1_46' title="bbox 214 2157 952 2197; baseline 0.005 -13"><span class='ocrx_word' id='word_1_353' title='bbox 214 2164 258 2185; x_wconf 91' lang='grc'>111.</span> <span class='ocrx_word' id='word_1_354' title='bbox 280 2161 325 2184; x_wconf 85' lang='grc'>56.</span> <span class='ocrx_word' id='word_1_355' title='bbox 344 2157 446 2195; x_wconf 77' lang='lat' dir='ltr'>Ingenti</span> <span class='ocrx_word' id='word_1_356' title='bbox 476 2157 585 2185; x_wconf 73' lang='lat' dir='ltr'>caritate</span> <span class='ocrx_word' id='word_1_357' title='bbox 610 2158 669 2186; x_wconf 82' lang='lat' dir='ltr'>illos</span> <span class='ocrx_word' id='word_1_358' title='bbox 684 2159 902 2197; x_wconf 86' lang='lat' dir='ltr'>prosequebatur.</span> <span class='ocrx_word' id='word_1_359' title='bbox 920 2167 952 2188; x_wconf 92' lang='lat' dir='ltr'>X.</span> 
     </span>
     <span class='ocr_line' id='line_1_47' title="bbox 214 2203 951 2241; baseline 0.005 -13"><span class='ocrx_word' id='word_1_360' title='bbox 214 2206 276 2229; x_wconf 83' lang='lat'>130.</span> <span class='ocrx_word' id='word_1_361' title='bbox 300 2206 359 2228; x_wconf 82' lang='lat'>131.</span> <span class='ocrx_word' id='word_1_362' title='bbox 381 2205 442 2229; x_wconf 86' lang='grc'>500.</span> <span class='ocrx_word' id='word_1_363' title='bbox 465 2212 489 2229; x_wconf 86' lang='lat' dir='ltr'>c.</span> <span class='ocrx_word' id='word_1_364' title='bbox 507 2206 569 2229; x_wconf 88' lang='grc'>533.</span> <span class='ocrx_word' id='word_1_365' title='bbox 588 2203 697 2230; x_wconf 81' lang='lat' dir='ltr'>Viscera</span> <span class='ocrx_word' id='word_1_366' title='bbox 721 2204 778 2241; x_wconf 80' lang='lat' dir='ltr'>ejus</span> <span class='ocrx_word' id='word_1_367' title='bbox 802 2210 888 2232; x_wconf 86' lang='lat' dir='ltr'>erant.</span> <span class='ocrx_word' id='word_1_368' title='bbox 906 2211 951 2233; x_wconf 92' lang='lat' dir='ltr'>III.</span> 
     </span>
     <span class='ocr_line' id='line_1_48' title="bbox 212 2244 954 2283; baseline 0.005 -12"><span class='ocrx_word' id='word_1_369' title='bbox 212 2249 276 2272; x_wconf 83' lang='lat'>364.</span> <span class='ocrx_word' id='word_1_370' title='bbox 295 2255 321 2272; x_wconf 87' lang='lat' dir='ltr'>D.</span> <span class='ocrx_word' id='word_1_371' title='bbox 338 2244 413 2272; x_wconf 84' lang='lat' dir='ltr'>Nihil</span> <span class='ocrx_word' id='word_1_372' title='bbox 437 2255 484 2283; x_wconf 88' lang='lat' dir='ltr'>par</span> <span class='ocrx_word' id='word_1_373' title='bbox 499 2244 566 2273; x_wconf 88' lang='lat' dir='ltr'>huie</span> <span class='ocrx_word' id='word_1_374' title='bbox 591 2245 740 2275; x_wconf 84' lang='lat' dir='ltr'>dilectioni.</span> <span class='ocrx_word' id='word_1_375' title='bbox 766 2254 810 2275; x_wconf 83' lang='lat' dir='ltr'>IX.</span> <span class='ocrx_word' id='word_1_376' title='bbox 839 2252 902 2275; x_wconf 83' lang='lat'>808.</span> <span class='ocrx_word' id='word_1_377' title='bbox 930 2258 954 2276; x_wconf 91' lang='lat' dir='ltr'>c.</span> 
     </span>
     <span class='ocr_line' id='line_1_49' title="bbox 212 2287 950 2328; baseline 0.004 -12"><span class='ocrx_word' id='word_1_378' title='bbox 212 2288 278 2326; x_wconf 85' lang='lat' dir='ltr'>Ejus</span> <span class='ocrx_word' id='word_1_379' title='bbox 304 2287 453 2315; x_wconf 86' lang='lat' dir='ltr'>dilectionis</span> <span class='ocrx_word' id='word_1_380' title='bbox 475 2288 516 2317; x_wconf 78' lang='lat' dir='ltr'>vis</span> <span class='ocrx_word' id='word_1_381' title='bbox 538 2299 571 2317; x_wconf 75' lang='lat' dir='ltr'>ex</span> <span class='ocrx_word' id='word_1_382' title='bbox 588 2289 676 2317; x_wconf 78' lang='lat' dir='ltr'>verbis</span> <span class='ocrx_word' id='word_1_383' title='bbox 702 2289 785 2328; x_wconf 85' lang='lat' dir='ltr'>ipsius</span> <span class='ocrx_word' id='word_1_384' title='bbox 809 2291 950 2328; x_wconf 84' lang='lat' dir='ltr'>probatur.</span> 
     </span>
     <span class='ocr_line' id='line_1_50' title="bbox 214 2331 953 2362; baseline 0.005 -4"><span class='ocrx_word' id='word_1_385' title='bbox 214 2338 257 2359; x_wconf 92' lang='lat' dir='ltr'>XI.</span> <span class='ocrx_word' id='word_1_386' title='bbox 275 2335 339 2359; x_wconf 83' lang='lat'>527.</span> <span class='ocrx_word' id='word_1_387' title='bbox 360 2341 386 2358; x_wconf 84' lang='lat' dir='ltr'>n.</span> <span class='ocrx_word' id='word_1_388' title='bbox 401 2331 431 2358; x_wconf 88' lang='lat' dir='ltr'>In</span> <span class='ocrx_word' id='word_1_389' title='bbox 451 2341 556 2360; x_wconf 87' lang='lat' dir='ltr'>carcere</span> <span class='ocrx_word' id='word_1_390' title='bbox 573 2332 726 2360; x_wconf 84' lang='lat' dir='ltr'>memoriam</span> <span class='ocrx_word' id='word_1_391' title='bbox 740 2333 852 2361; x_wconf 81' lang='lat' dir='ltr'>fratrum</span> <span class='ocrx_word' id='word_1_392' title='bbox 868 2334 953 2362; x_wconf 85' lang='lat' dir='ltr'>habe-</span> 
     </span>
     <span class='ocr_line' id='line_1_51' title="bbox 212 2374 953 2414; baseline 0.007 -13"><span class='ocrx_word' id='word_1_393' title='bbox 212 2374 266 2402; x_wconf 88' lang='lat' dir='ltr'>hat.</span> <span class='ocrx_word' id='word_1_394' title='bbox 287 2382 320 2402; x_wconf 88' lang='lat' dir='ltr'>II.</span> <span class='ocrx_word' id='word_1_395' title='bbox 336 2379 398 2402; x_wconf 85' lang='grc'>329.</span> <span class='ocrx_word' id='word_1_396' title='bbox 416 2386 442 2402; x_wconf 88' lang='lat' dir='ltr'>A.</span> <span class='ocrx_word' id='word_1_397' title='bbox 462 2375 521 2402; x_wconf 90' lang='lat' dir='ltr'>Non</span> <span class='ocrx_word' id='word_1_398' title='bbox 536 2376 645 2403; x_wconf 80' lang='lat' dir='ltr'>curabat</span> <span class='ocrx_word' id='word_1_399' title='bbox 658 2376 777 2414; x_wconf 87' lang='lat' dir='ltr'>pericula</span> <span class='ocrx_word' id='word_1_400' title='bbox 794 2384 818 2405; x_wconf 89' lang='lat' dir='ltr'>et</span> <span class='ocrx_word' id='word_1_401' title='bbox 835 2377 901 2406; x_wconf 86' lang='lat' dir='ltr'>alias</span> <span class='ocrx_word' id='word_1_402' title='bbox 914 2379 953 2406; x_wconf 86' lang='lat' dir='ltr'>as-</span> 
     </span>
     <span class='ocr_line' id='line_1_52' title="bbox 212 2418 951 2459; baseline 0.008 -15"><span class='ocrx_word' id='word_1_403' title='bbox 212 2418 349 2452; x_wconf 83' lang='lat' dir='ltr'>ssictioncs‚</span> <span class='ocrx_word' id='word_1_404' title='bbox 370 2418 414 2446; x_wconf 74' lang='lat' dir='ltr'>sed</span> <span class='ocrx_word' id='word_1_405' title='bbox 430 2418 585 2457; x_wconf 86' lang='lat' dir='ltr'>discipulos.</span> <span class='ocrx_word' id='word_1_406' title='bbox 606 2427 649 2448; x_wconf 92' lang='lat' dir='ltr'>XI.</span> <span class='ocrx_word' id='word_1_407' title='bbox 667 2424 729 2448; x_wconf 80' lang='lat'>524.</span> <span class='ocrx_word' id='word_1_408' title='bbox 749 2432 773 2449; x_wconf 73' lang='lat' dir='ltr'>r.</span> <span class='ocrx_word' id='word_1_409' title='bbox 792 2421 891 2449; x_wconf 84' lang='lat' dir='ltr'>Paulus</span> <span class='ocrx_word' id='word_1_410' title='bbox 907 2423 951 2459; x_wconf 90' lang='lat' dir='ltr'>qui</span> 
     </span>
     <span class='ocr_line' id='line_1_53' title="bbox 212 2462 948 2499; baseline 0.008 -12"><span class='ocrx_word' id='word_1_411' title='bbox 212 2466 299 2488; x_wconf 76' lang='lat' dir='ltr'>tantus</span> <span class='ocrx_word' id='word_1_412' title='bbox 314 2468 386 2497; x_wconf 77' lang='lat' dir='ltr'>erat,</span> <span class='ocrx_word' id='word_1_413' title='bbox 397 2462 430 2489; x_wconf 84' lang='lat' dir='ltr'>al)</span> <span class='ocrx_word' id='word_1_414' title='bbox 446 2473 497 2490; x_wconf 90' lang='lat' dir='ltr'>uno</span> <span class='ocrx_word' id='word_1_415' title='bbox 519 2463 626 2491; x_wconf 88' lang='lat' dir='ltr'>homine</span> <span class='ocrx_word' id='word_1_416' title='bbox 637 2474 651 2491; x_wconf 92' lang='lat' dir='ltr'>a</span> <span class='ocrx_word' id='word_1_417' title='bbox 666 2474 693 2491; x_wconf 91' lang='lat' dir='ltr'>se</span> <span class='ocrx_word' id='word_1_418' title='bbox 704 2463 800 2492; x_wconf 88' lang='lat' dir='ltr'>dilecto</span> <span class='ocrx_word' id='word_1_419' title='bbox 822 2472 948 2499; x_wconf 82' lang='lat' dir='ltr'>semotus,</span> 
     </span>
     <span class='ocr_line' id='line_1_54' title="bbox 212 2505 951 2544; baseline 0.008 -14"><span class='ocrx_word' id='word_1_420' title='bbox 212 2510 280 2531; x_wconf 69' lang='lat' dir='ltr'>tanta</span> <span class='ocrx_word' id='word_1_421' title='bbox 292 2505 490 2543; x_wconf 79' lang='lat' dir='ltr'>perturbatione</span> <span class='ocrx_word' id='word_1_422' title='bbox 497 2507 661 2544; x_wconf 81' lang='lat' dir='ltr'>estasfectus‚</span> <span class='ocrx_word' id='word_1_423' title='bbox 673 2515 700 2535; x_wconf 87' lang='lat' dir='ltr'>ut</span> <span class='ocrx_word' id='word_1_424' title='bbox 710 2508 798 2536; x_wconf 80' lang='lat' dir='ltr'>statim</span> <span class='ocrx_word' id='word_1_425' title='bbox 806 2519 838 2536; x_wconf 75' lang='lat' dir='ltr'>ex</span> <span class='ocrx_word' id='word_1_426' title='bbox 847 2519 875 2536; x_wconf 87' lang='lat' dir='ltr'>ca</span> <span class='ocrx_word' id='word_1_427' title='bbox 886 2509 951 2537; x_wconf 80' lang='lat' dir='ltr'>urhe</span> 
     </span>
     <span class='ocr_line' id='line_1_55' title="bbox 213 2548 949 2582; baseline 0.012 -9"><span class='ocrx_word' id='word_1_428' title='bbox 213 2548 358 2581; x_wconf 70' lang='lat' dir='ltr'>excederet,</span> <span class='ocrx_word' id='word_1_429' title='bbox 378 2549 423 2576; x_wconf 69' lang='lat' dir='ltr'>ulii</span> <span class='ocrx_word' id='word_1_430' title='bbox 434 2549 512 2577; x_wconf 85' lang='lat' dir='ltr'>illum</span> <span class='ocrx_word' id='word_1_431' title='bbox 528 2551 637 2579; x_wconf 80' lang='lat' dir='ltr'>mininie</span> <span class='ocrx_word' id='word_1_432' title='bbox 653 2552 949 2582; x_wconf 59' lang='lat' dir='ltr'>invenerat.III.659.A.</span> 
     </span>
    </p>
   </div>
   <div class='ocr_carea' id='block_1_2' title="bbox 846 178 1103 201">
    <p class='ocr_par' dir='ltr' id='par_1_5' title="bbox 846 178 1103 201">
     <span class='ocr_line' id='line_1_56' title="bbox 846 178 1103 201; baseline -0.004 -1"><span class='ocrx_word' id='word_1_433' title='bbox 846 179 875 200; x_wconf 73' lang='lat' dir='ltr'>IN</span> <span class='ocrx_word' id='word_1_434' title='bbox 885 178 951 201; x_wconf 78' lang='lat' dir='ltr'>DEX</span> <span class='ocrx_word' id='word_1_435' title='bbox 979 178 1103 200; x_wconf 75' lang='lat' dir='ltr'>RERUM.</span> 
     </span>
    </p>
   </div>
   <div class='ocr_carea' id='block_1_3' title="bbox 1006 235 1753 2543">
    <p class='ocr_par' dir='ltr' id='par_1_6' title="bbox 1006 235 1751 1064">
     <span class='ocr_line' id='line_1_57' title="bbox 1008 235 1748 274; baseline -0.005 -7"><span class='ocrx_word' id='word_1_436' title='bbox 1008 238 1151 274; x_wconf 87' lang='lat' dir='ltr'>Quomodo</span> <span class='ocrx_word' id='word_1_437' title='bbox 1168 237 1237 266; x_wconf 83' lang='lat' dir='ltr'>filios</span> <span class='ocrx_word' id='word_1_438' title='bbox 1260 236 1356 264; x_wconf 87' lang='lat' dir='ltr'>iterum</span> <span class='ocrx_word' id='word_1_439' title='bbox 1377 235 1552 274; x_wconf 84' lang='lat' dir='ltr'>parturiebat.</span> <span class='ocrx_word' id='word_1_440' title='bbox 1578 243 1610 264; x_wconf 91' lang='lat' dir='ltr'>II.</span> <span class='ocrx_word' id='word_1_441' title='bbox 1639 239 1703 263; x_wconf 84' lang='grc'>329.</span> <span class='ocrx_word' id='word_1_442' title='bbox 1723 246 1748 264; x_wconf 89' lang='lat' dir='ltr'>c.</span> 
     </span>
     <span class='ocr_line' id='line_1_58' title="bbox 1007 279 1746 317; baseline -0.007 -6"><span class='ocrx_word' id='word_1_443' title='bbox 1007 283 1081 317; x_wconf 85' lang='lat' dir='ltr'>Quos</span> <span class='ocrx_word' id='word_1_444' title='bbox 1104 281 1219 316; x_wconf 86' lang='lat' dir='ltr'>amabat,</span> <span class='ocrx_word' id='word_1_445' title='bbox 1240 280 1266 308; x_wconf 93' lang='lat' dir='ltr'>in</span> <span class='ocrx_word' id='word_1_446' title='bbox 1292 279 1400 308; x_wconf 90' lang='lat' dir='ltr'>Christo</span> <span class='ocrx_word' id='word_1_447' title='bbox 1414 279 1531 307; x_wconf 86' lang='lat' dir='ltr'>amabat.</span> <span class='ocrx_word' id='word_1_448' title='bbox 1559 287 1616 308; x_wconf 85' lang='lat' dir='ltr'>VII.</span> <span class='ocrx_word' id='word_1_449' title='bbox 1637 283 1703 306; x_wconf 85' lang='grc'>686.</span> <span class='ocrx_word' id='word_1_450' title='bbox 1719 289 1746 309; x_wconf 85' lang='lat' dir='ltr'>c.</span> 
     </span>
     <span class='ocr_line' id='line_1_59' title="bbox 1007 323 1744 364; baseline -0.007 -9"><span class='ocrx_word' id='word_1_451' title='bbox 1007 327 1144 361; x_wconf 83' lang='lat' dir='ltr'>Quantum</span> <span class='ocrx_word' id='word_1_452' title='bbox 1165 326 1254 364; x_wconf 84' lang='lat' dir='ltr'>ipsum</span> <span class='ocrx_word' id='word_1_453' title='bbox 1268 323 1393 352; x_wconf 87' lang='lat' dir='ltr'>amabant</span> <span class='ocrx_word' id='word_1_454' title='bbox 1406 323 1446 351; x_wconf 86' lang='lat' dir='ltr'>sui</span> <span class='ocrx_word' id='word_1_455' title='bbox 1463 323 1599 361; x_wconf 84' lang='lat' dir='ltr'>discipuli.</span> <span class='ocrx_word' id='word_1_456' title='bbox 1617 330 1662 352; x_wconf 88' lang='lat' dir='ltr'>III.</span> <span class='ocrx_word' id='word_1_457' title='bbox 1681 327 1744 351; x_wconf 84' lang='lat'>363.</span> 
     </span>
     <span class='ocr_line' id='line_1_60' title="bbox 1008 366 1747 404; baseline -0.007 -5"><span class='ocrx_word' id='word_1_458' title='bbox 1008 383 1031 398; x_wconf 87' lang='lat' dir='ltr'>A.</span> <span class='ocrx_word' id='word_1_459' title='bbox 1045 375 1109 399; x_wconf 89' lang='lat'>364.</span> <span class='ocrx_word' id='word_1_460' title='bbox 1129 371 1171 398; x_wconf 82' lang='lat' dir='ltr'>Ex</span> <span class='ocrx_word' id='word_1_461' title='bbox 1186 369 1262 398; x_wconf 80' lang='lat' dir='ltr'>Pauli</span> <span class='ocrx_word' id='word_1_462' title='bbox 1275 366 1448 396; x_wconf 87' lang='lat' dir='ltr'>contubernio</span> <span class='ocrx_word' id='word_1_463' title='bbox 1462 373 1562 404; x_wconf 85' lang='lat' dir='ltr'>quanta</span> <span class='ocrx_word' id='word_1_464' title='bbox 1576 366 1685 395; x_wconf 88' lang='lat' dir='ltr'>utilitas.</span> <span class='ocrx_word' id='word_1_465' title='bbox 1702 373 1747 395; x_wconf 89' lang='lat'>111.</span> 
     </span>
     <span class='ocr_line' id='line_1_61' title="bbox 1008 409 1748 450; baseline -0.007 -8"><span class='ocrx_word' id='word_1_466' title='bbox 1008 419 1074 442; x_wconf 82' lang='lat'>211.</span> <span class='ocrx_word' id='word_1_467' title='bbox 1096 425 1121 442; x_wconf 79' lang='lat' dir='ltr'>E.</span> <span class='ocrx_word' id='word_1_468' title='bbox 1140 425 1165 442; x_wconf 72' lang='lat' dir='ltr'>A,</span> <span class='ocrx_word' id='word_1_469' title='bbox 1189 417 1254 441; x_wconf 85' lang='lat'>212.</span> <span class='ocrx_word' id='word_1_470' title='bbox 1269 411 1335 450; x_wconf 87' lang='lat' dir='ltr'>Ejus</span> <span class='ocrx_word' id='word_1_471' title='bbox 1350 410 1470 439; x_wconf 87' lang='lat' dir='ltr'>comitas.</span> <span class='ocrx_word' id='word_1_472' title='bbox 1490 417 1533 439; x_wconf 92' lang='lat' dir='ltr'>III.</span> <span class='ocrx_word' id='word_1_473' title='bbox 1549 414 1612 438; x_wconf 80' lang='lat'>439.</span> <span class='ocrx_word' id='word_1_474' title='bbox 1630 420 1653 437; x_wconf 84' lang='lat' dir='ltr'>A.</span> <span class='ocrx_word' id='word_1_475' title='bbox 1670 409 1748 438; x_wconf 87' lang='lat' dir='ltr'>Pauli</span> 
     </span>
     <span class='ocr_line' id='line_1_62' title="bbox 1007 453 1743 496; baseline -0.008 -10"><span class='ocrx_word' id='word_1_476' title='bbox 1007 457 1199 496; x_wconf 82' lang='lat' dir='ltr'>attemperatio.</span> <span class='ocrx_word' id='word_1_477' title='bbox 1213 464 1258 485; x_wconf 86' lang='lat' dir='ltr'>XI.</span> <span class='ocrx_word' id='word_1_478' title='bbox 1271 460 1335 484; x_wconf 90' lang='lat'>815.</span> <span class='ocrx_word' id='word_1_479' title='bbox 1349 465 1375 482; x_wconf 78' lang='lat' dir='ltr'>c.</span> <span class='ocrx_word' id='word_1_480' title='bbox 1387 453 1530 489; x_wconf 89' lang='lat' dir='ltr'>Quomodo</span> <span class='ocrx_word' id='word_1_481' title='bbox 1539 464 1566 482; x_wconf 84' lang='lat' dir='ltr'>se</span> <span class='ocrx_word' id='word_1_482' title='bbox 1582 459 1743 491; x_wconf 85' lang='lat' dir='ltr'>attemperet.</span> 
     </span>
     <span class='ocr_line' id='line_1_63' title="bbox 1008 496 1747 530; baseline -0.008 0"><span class='ocrx_word' id='word_1_483' title='bbox 1008 509 1042 530; x_wconf 86' lang='lat' dir='ltr'>X.</span> <span class='ocrx_word' id='word_1_484' title='bbox 1066 506 1130 530; x_wconf 84' lang='grc'>257.</span> <span class='ocrx_word' id='word_1_485' title='bbox 1151 511 1175 529; x_wconf 83' lang='lat' dir='ltr'>c.</span> <span class='ocrx_word' id='word_1_486' title='bbox 1191 505 1255 529; x_wconf 81' lang='lat'>258.</span> <span class='ocrx_word' id='word_1_487' title='bbox 1280 500 1342 527; x_wconf 91' lang='lat' dir='ltr'>Sese</span> <span class='ocrx_word' id='word_1_488' title='bbox 1365 497 1491 526; x_wconf 88' lang='lat' dir='ltr'>omnibus</span> <span class='ocrx_word' id='word_1_489' title='bbox 1518 496 1747 525; x_wconf 81' lang='lat' dir='ltr'>accommodabat.</span> 
     </span>
     <span class='ocr_line' id='line_1_64' title="bbox 1008 540 1748 574; baseline -0.009 0"><span class='ocrx_word' id='word_1_490' title='bbox 1008 552 1040 574; x_wconf 90' lang='lat' dir='ltr'>II.</span> <span class='ocrx_word' id='word_1_491' title='bbox 1058 550 1120 573; x_wconf 88' lang='lat'>600.</span> <span class='ocrx_word' id='word_1_492' title='bbox 1135 555 1159 572; x_wconf 82' lang='lat' dir='ltr'>B.</span> <span class='ocrx_word' id='word_1_493' title='bbox 1174 554 1200 573; x_wconf 83' lang='lat' dir='ltr'>e.</span> <span class='ocrx_word' id='word_1_494' title='bbox 1219 554 1247 571; x_wconf 91' lang='lat' dir='ltr'>D.</span> <span class='ocrx_word' id='word_1_495' title='bbox 1264 547 1328 570; x_wconf 90' lang='lat'>601.</span> <span class='ocrx_word' id='word_1_496' title='bbox 1349 552 1373 569; x_wconf 85' lang='lat' dir='ltr'>A.</span> <span class='ocrx_word' id='word_1_497' title='bbox 1386 541 1462 569; x_wconf 87' lang='lat' dir='ltr'>Nihil</span> <span class='ocrx_word' id='word_1_498' title='bbox 1477 540 1528 568; x_wconf 80' lang='lat' dir='ltr'>fuit</span> <span class='ocrx_word' id='word_1_499' title='bbox 1540 540 1626 568; x_wconf 86' lang='lat' dir='ltr'>simile</span> <span class='ocrx_word' id='word_1_500' title='bbox 1638 540 1748 568; x_wconf 89' lang='lat' dir='ltr'>commi-</span> 
     </span>
     <span class='ocr_line' id='line_1_65' title="bbox 1006 583 1748 621; baseline -0.008 -5"><span class='ocrx_word' id='word_1_501' title='bbox 1006 588 1128 617; x_wconf 85' lang='lat' dir='ltr'>serationi</span> <span class='ocrx_word' id='word_1_502' title='bbox 1143 594 1167 615; x_wconf 92' lang='lat' dir='ltr'>et</span> <span class='ocrx_word' id='word_1_503' title='bbox 1176 585 1367 615; x_wconf 61' lang='lat' dir='ltr'>benevolentiae</span> <span class='ocrx_word' id='word_1_504' title='bbox 1383 585 1471 613; x_wconf 86' lang='lat' dir='ltr'>Pauli.</span> <span class='ocrx_word' id='word_1_505' title='bbox 1483 591 1529 613; x_wconf 88' lang='lat' dir='ltr'>XI.</span> <span class='ocrx_word' id='word_1_506' title='bbox 1543 583 1690 621; x_wconf 80' lang='lat' dir='ltr'>18.c.Ejus</span> <span class='ocrx_word' id='word_1_507' title='bbox 1703 583 1748 611; x_wconf 89' lang='lat' dir='ltr'>in—</span> 
     </span>
     <span class='ocr_line' id='line_1_66' title="bbox 1007 626 1748 670; baseline -0.008 -10"><span class='ocrx_word' id='word_1_508' title='bbox 1007 632 1145 670; x_wconf 80' lang='lat' dir='ltr'>dulgentia</span> <span class='ocrx_word' id='word_1_509' title='bbox 1160 641 1222 669; x_wconf 84' lang='lat' dir='ltr'>erga</span> <span class='ocrx_word' id='word_1_510' title='bbox 1250 629 1407 658; x_wconf 79' lang='lat' dir='ltr'>imbecilles.</span> <span class='ocrx_word' id='word_1_511' title='bbox 1433 635 1451 657; x_wconf 91' lang='lat' dir='ltr'>I.</span> <span class='ocrx_word' id='word_1_512' title='bbox 1473 632 1538 656; x_wconf 86' lang='lat'>404.</span> <span class='ocrx_word' id='word_1_513' title='bbox 1566 626 1748 655; x_wconf 76' lang='lat' dir='ltr'>Mansuetudo</span> 
     </span>
     <span class='ocr_line' id='line_1_67' title="bbox 1008 672 1746 715; baseline -0.007 -11"><span class='ocrx_word' id='word_1_514' title='bbox 1008 677 1074 715; x_wconf 86' lang='lat' dir='ltr'>ejus.</span> <span class='ocrx_word' id='word_1_515' title='bbox 1098 683 1128 704; x_wconf 95' lang='lat' dir='ltr'>II.</span> <span class='ocrx_word' id='word_1_516' title='bbox 1152 680 1215 703; x_wconf 78' lang='lat'>583.</span> <span class='ocrx_word' id='word_1_517' title='bbox 1234 681 1266 702; x_wconf 89' lang='lat' dir='ltr'>X.</span> <span class='ocrx_word' id='word_1_518' title='bbox 1285 678 1350 701; x_wconf 87' lang='lat'>837.</span> <span class='ocrx_word' id='word_1_519' title='bbox 1372 672 1490 700; x_wconf 78' lang='lat' dir='ltr'>maxime</span> <span class='ocrx_word' id='word_1_520' title='bbox 1504 681 1565 709; x_wconf 77' lang='lat' dir='ltr'>erga</span> <span class='ocrx_word' id='word_1_521' title='bbox 1587 677 1746 709; x_wconf 78' lang='lat' dir='ltr'>peccatores.</span> 
     </span>
     <span class='ocr_line' id='line_1_68' title="bbox 1010 715 1746 755; baseline -0.008 -7"><span class='ocrx_word' id='word_1_522' title='bbox 1010 728 1041 748; x_wconf 87' lang='lat' dir='ltr'>II.</span> <span class='ocrx_word' id='word_1_523' title='bbox 1059 724 1121 750; x_wconf 76' lang='lat'>584.</span> <span class='ocrx_word' id='word_1_524' title='bbox 1136 730 1161 747; x_wconf 84' lang='grc'>1).</span> <span class='ocrx_word' id='word_1_525' title='bbox 1184 729 1209 746; x_wconf 80' lang='lat' dir='ltr'>E.</span> <span class='ocrx_word' id='word_1_526' title='bbox 1227 729 1250 745; x_wconf 87' lang='lat' dir='ltr'>A.</span> <span class='ocrx_word' id='word_1_527' title='bbox 1269 724 1293 746; x_wconf 88' lang='lat' dir='ltr'>et</span> <span class='ocrx_word' id='word_1_528' title='bbox 1307 716 1413 755; x_wconf 89' lang='lat' dir='ltr'>quando</span> <span class='ocrx_word' id='word_1_529' title='bbox 1427 716 1528 744; x_wconf 85' lang='lat' dir='ltr'>monita</span> <span class='ocrx_word' id='word_1_530' title='bbox 1540 715 1632 743; x_wconf 87' lang='lat' dir='ltr'>dabat.</span> <span class='ocrx_word' id='word_1_531' title='bbox 1647 722 1665 743; x_wconf 93' lang='grc'>1.</span> <span class='ocrx_word' id='word_1_532' title='bbox 1681 719 1746 743; x_wconf 85' lang='grc'>850.</span> 
     </span>
     <span class='ocr_line' id='line_1_69' title="bbox 1009 758 1750 799; baseline -0.009 -7"><span class='ocrx_word' id='word_1_533' title='bbox 1009 774 1034 792; x_wconf 84' lang='lat' dir='ltr'>A.</span> <span class='ocrx_word' id='word_1_534' title='bbox 1047 768 1110 792; x_wconf 83' lang='lat'>851.</span> <span class='ocrx_word' id='word_1_535' title='bbox 1128 762 1219 791; x_wconf 86' lang='lat' dir='ltr'>Falsas</span> <span class='ocrx_word' id='word_1_536' title='bbox 1232 761 1311 790; x_wconf 86' lang='lat' dir='ltr'>etiam</span> <span class='ocrx_word' id='word_1_537' title='bbox 1329 760 1493 799; x_wconf 81' lang='lat' dir='ltr'>suspiciones</span> <span class='ocrx_word' id='word_1_538' title='bbox 1507 758 1540 786; x_wconf 88' lang='lat' dir='ltr'>de</span> <span class='ocrx_word' id='word_1_539' title='bbox 1556 758 1645 787; x_wconf 88' lang='lat' dir='ltr'>medio</span> <span class='ocrx_word' id='word_1_540' title='bbox 1658 758 1750 786; x_wconf 88' lang='lat' dir='ltr'>tollere</span> 
     </span>
     <span class='ocr_line' id='line_1_70' title="bbox 1007 802 1751 846; baseline -0.007 -11"><span class='ocrx_word' id='word_1_541' title='bbox 1007 808 1153 846; x_wconf 82' lang='lat' dir='ltr'>satagebat.</span> <span class='ocrx_word' id='word_1_542' title='bbox 1180 814 1199 834; x_wconf 92' lang='grc'>1.</span> <span class='ocrx_word' id='word_1_543' title='bbox 1220 810 1284 834; x_wconf 83' lang='lat'>524.</span> <span class='ocrx_word' id='word_1_544' title='bbox 1313 817 1339 834; x_wconf 85' lang='lat' dir='ltr'>A.</span> <span class='ocrx_word' id='word_1_545' title='bbox 1364 809 1426 833; x_wconf 82' lang='lat'>525.</span> <span class='ocrx_word' id='word_1_546' title='bbox 1450 805 1604 841; x_wconf 86' lang='lat' dir='ltr'>Numquam</span> <span class='ocrx_word' id='word_1_547' title='bbox 1626 802 1751 830; x_wconf 84' lang='lat' dir='ltr'>adulatus</span> 
     </span>
     <span class='ocr_line' id='line_1_71' title="bbox 1007 847 1751 880; baseline -0.008 -1"><span class='ocrx_word' id='word_1_548' title='bbox 1007 858 1054 879; x_wconf 85' lang='lat' dir='ltr'>est.</span> <span class='ocrx_word' id='word_1_549' title='bbox 1081 858 1126 880; x_wconf 92' lang='lat' dir='ltr'>XI.</span> <span class='ocrx_word' id='word_1_550' title='bbox 1146 854 1208 878; x_wconf 85' lang='lat'>503.</span> <span class='ocrx_word' id='word_1_551' title='bbox 1230 861 1256 879; x_wconf 85' lang='lat' dir='ltr'>B.</span> <span class='ocrx_word' id='word_1_552' title='bbox 1275 860 1300 878; x_wconf 91' lang='lat' dir='ltr'>c.</span> <span class='ocrx_word' id='word_1_553' title='bbox 1326 849 1404 876; x_wconf 82' lang='lat' dir='ltr'>Prius</span> <span class='ocrx_word' id='word_1_554' title='bbox 1420 847 1534 876; x_wconf 86' lang='lat' dir='ltr'>habebat</span> <span class='ocrx_word' id='word_1_555' title='bbox 1550 847 1690 875; x_wconf 89' lang='lat' dir='ltr'>hominum</span> <span class='ocrx_word' id='word_1_556' title='bbox 1709 856 1751 874; x_wconf 87' lang='lat' dir='ltr'>sa-</span> 
     </span>
     <span class='ocr_line' id='line_1_72' title="bbox 1007 891 1750 932; baseline -0.007 -9"><span class='ocrx_word' id='word_1_557' title='bbox 1007 895 1107 929; x_wconf 77' lang='lat' dir='ltr'>lutem,</span> <span class='ocrx_word' id='word_1_558' title='bbox 1131 904 1211 932; x_wconf 88' lang='lat' dir='ltr'>quam</span> <span class='ocrx_word' id='word_1_559' title='bbox 1237 893 1375 921; x_wconf 84' lang='lat' dir='ltr'>Christum</span> <span class='ocrx_word' id='word_1_560' title='bbox 1393 892 1494 920; x_wconf 86' lang='lat' dir='ltr'>videre.</span> <span class='ocrx_word' id='word_1_561' title='bbox 1514 898 1558 920; x_wconf 75' lang='lat' dir='ltr'>VI.</span> <span class='ocrx_word' id='word_1_562' title='bbox 1578 895 1604 920; x_wconf 90' lang='lat'>3.</span> <span class='ocrx_word' id='word_1_563' title='bbox 1623 901 1650 919; x_wconf 76' lang='grc' dir='ltr'>ε.</span> <span class='ocrx_word' id='word_1_564' title='bbox 1665 891 1750 918; x_wconf 89' lang='lat' dir='ltr'>Nemo</span> 
     </span>
     <span class='ocr_line' id='line_1_73' title="bbox 1008 934 1750 973; baseline -0.007 -7"><span class='ocrx_word' id='word_1_565' title='bbox 1008 939 1044 966; x_wconf 88' lang='lat' dir='ltr'>ita</span> <span class='ocrx_word' id='word_1_566' title='bbox 1063 938 1160 966; x_wconf 86' lang='lat' dir='ltr'>dilexit</span> <span class='ocrx_word' id='word_1_567' title='bbox 1180 937 1319 972; x_wconf 86' lang='lat' dir='ltr'>inimicos⁷</span> <span class='ocrx_word' id='word_1_568' title='bbox 1334 947 1411 964; x_wconf 86' lang='lat' dir='ltr'>nemo</span> <span class='ocrx_word' id='word_1_569' title='bbox 1429 946 1490 973; x_wconf 84' lang='lat' dir='ltr'>erga</span> <span class='ocrx_word' id='word_1_570' title='bbox 1507 934 1676 963; x_wconf 85' lang='lat' dir='ltr'>insidiatores</span> <span class='ocrx_word' id='word_1_571' title='bbox 1695 941 1750 962; x_wconf 85' lang='lat' dir='ltr'>tam</span> 
     </span>
     <span class='ocr_line' id='line_1_74' title="bbox 1006 978 1749 1018; baseline -0.007 -8"><span class='ocrx_word' id='word_1_572' title='bbox 1006 982 1140 1010; x_wconf 80' lang='lat' dir='ltr'>beneficus</span> <span class='ocrx_word' id='word_1_573' title='bbox 1154 981 1222 1017; x_wconf 79' lang='lat' dir='ltr'>fuit,</span> <span class='ocrx_word' id='word_1_574' title='bbox 1238 980 1330 1008; x_wconf 85' lang='lat' dir='ltr'>nullus</span> <span class='ocrx_word' id='word_1_575' title='bbox 1348 990 1399 1018; x_wconf 89' lang='lat' dir='ltr'>pro</span> <span class='ocrx_word' id='word_1_576' title='bbox 1414 978 1593 1008; x_wconf 77' lang='lat' dir='ltr'>afflictoribus</span> <span class='ocrx_word' id='word_1_577' title='bbox 1608 979 1663 1006; x_wconf 86' lang='lat' dir='ltr'>suis</span> <span class='ocrx_word' id='word_1_578' title='bbox 1678 984 1749 1006; x_wconf 87' lang='lat' dir='ltr'>tanta</span> 
     </span>
     <span class='ocr_line' id='line_1_75' title="bbox 1010 1028 1382 1064; baseline -0.008 -11"><span class='ocrx_word' id='word_1_579' title='bbox 1010 1036 1149 1064; x_wconf 82' lang='lat' dir='ltr'>perpessus</span> <span class='ocrx_word' id='word_1_580' title='bbox 1161 1032 1210 1054; x_wconf 84' lang='lat' dir='ltr'>est.</span> <span class='ocrx_word' id='word_1_581' title='bbox 1228 1031 1262 1052; x_wconf 86' lang='lat' dir='ltr'>II.</span> <span class='ocrx_word' id='word_1_582' title='bbox 1281 1028 1344 1051; x_wconf 87' lang='lat'>582.</span> <span class='ocrx_word' id='word_1_583' title='bbox 1357 1035 1382 1051; x_wconf 77' lang='grc'>11.</span> 
     </span>
    </p>

    <p class='ocr_par' dir='ltr' id='par_1_7' title="bbox 1008 1065 1753 2187">
     <span class='ocr_line' id='line_1_76' title="bbox 1051 1065 1749 1106; baseline -0.007 -9"><span class='ocrx_word' id='word_1_584' title='bbox 1051 1069 1148 1098; x_wconf 84' lang='lat' dir='ltr'>Paulus</span> <span class='ocrx_word' id='word_1_585' title='bbox 1168 1075 1266 1106; x_wconf 82' lang='lat' dir='ltr'>quanta</span> <span class='ocrx_word' id='word_1_586' title='bbox 1286 1067 1375 1095; x_wconf 83' lang='lat' dir='ltr'>fecerit</span> <span class='ocrx_word' id='word_1_587' title='bbox 1393 1076 1440 1105; x_wconf 89' lang='lat' dir='ltr'>pro</span> <span class='ocrx_word' id='word_1_588' title='bbox 1463 1065 1579 1093; x_wconf 84' lang='lat' dir='ltr'>aliorum</span> <span class='ocrx_word' id='word_1_589' title='bbox 1603 1065 1698 1093; x_wconf 84' lang='lat' dir='ltr'>salute.</span> <span class='ocrx_word' id='word_1_590' title='bbox 1715 1071 1749 1093; x_wconf 89' lang='lat' dir='ltr'>x.</span> 
     </span>
     <span class='ocr_line' id='line_1_77' title="bbox 1010 1109 1748 1142; baseline -0.008 -1"><span class='ocrx_word' id='word_1_591' title='bbox 1010 1118 1072 1142; x_wconf 82' lang='grc'>228.</span> <span class='ocrx_word' id='word_1_592' title='bbox 1088 1112 1209 1141; x_wconf 78' lang='lat' dir='ltr'>Proximi</span> <span class='ocrx_word' id='word_1_593' title='bbox 1222 1111 1332 1139; x_wconf 86' lang='lat' dir='ltr'>salutem</span> <span class='ocrx_word' id='word_1_594' title='bbox 1344 1109 1516 1138; x_wconf 82' lang='lat' dir='ltr'>existimabat</span> <span class='ocrx_word' id='word_1_595' title='bbox 1530 1119 1605 1137; x_wconf 88' lang='lat' dir='ltr'>suam</span> <span class='ocrx_word' id='word_1_596' title='bbox 1620 1118 1685 1137; x_wconf 87' lang='lat' dir='ltr'>esse.</span> <span class='ocrx_word' id='word_1_597' title='bbox 1701 1115 1748 1137; x_wconf 84' lang='lat' dir='ltr'>XI.</span> 
     </span>
     <span class='ocr_line' id='line_1_78' title="bbox 1011 1153 1751 1184; baseline -0.007 0"><span class='ocrx_word' id='word_1_598' title='bbox 1011 1161 1074 1184; x_wconf 84' lang='lat'>525.</span> <span class='ocrx_word' id='word_1_599' title='bbox 1098 1167 1122 1184; x_wconf 83' lang='lat' dir='ltr'>F.</span> <span class='ocrx_word' id='word_1_600' title='bbox 1146 1155 1329 1184; x_wconf 81' lang='lat' dir='ltr'>Sufficientem</span> <span class='ocrx_word' id='word_1_601' title='bbox 1351 1154 1377 1181; x_wconf 91' lang='lat' dir='ltr'>in</span> <span class='ocrx_word' id='word_1_602' title='bbox 1393 1153 1518 1181; x_wconf 85' lang='lat' dir='ltr'>omnibus</span> <span class='ocrx_word' id='word_1_603' title='bbox 1544 1153 1659 1180; x_wconf 82' lang='lat' dir='ltr'>habebat</span> <span class='ocrx_word' id='word_1_604' title='bbox 1683 1162 1751 1180; x_wconf 88' lang='lat' dir='ltr'>con-</span> 
     </span>
     <span class='ocr_line' id='line_1_79' title="bbox 1009 1196 1751 1233; baseline -0.005 -6"><span class='ocrx_word' id='word_1_605' title='bbox 1009 1199 1164 1227; x_wconf 76' lang='lat' dir='ltr'>solationem</span> <span class='ocrx_word' id='word_1_606' title='bbox 1190 1198 1349 1226; x_wconf 84' lang='lat' dir='ltr'>dilectornm</span> <span class='ocrx_word' id='word_1_607' title='bbox 1377 1196 1489 1224; x_wconf 84' lang='lat' dir='ltr'>salutem</span> <span class='ocrx_word' id='word_1_608' title='bbox 1519 1206 1667 1233; x_wconf 87' lang='lat' dir='ltr'>eorumque</span> <span class='ocrx_word' id='word_1_609' title='bbox 1693 1205 1751 1224; x_wconf 87' lang='lat' dir='ltr'>me—</span> 
     </span>
     <span class='ocr_line' id='line_1_80' title="bbox 1010 1238 1749 1277; baseline -0.004 -7"><span class='ocrx_word' id='word_1_610' title='bbox 1010 1243 1132 1271; x_wconf 85' lang='lat' dir='ltr'>moriam.</span> <span class='ocrx_word' id='word_1_611' title='bbox 1149 1249 1206 1271; x_wconf 87' lang='lat' dir='ltr'>XII.</span> <span class='ocrx_word' id='word_1_612' title='bbox 1221 1246 1285 1271; x_wconf 89' lang='grc'>505.</span> <span class='ocrx_word' id='word_1_613' title='bbox 1301 1251 1326 1269; x_wconf 77' lang='lat' dir='ltr'>E.</span> <span class='ocrx_word' id='word_1_614' title='bbox 1340 1240 1420 1269; x_wconf 87' lang='lat' dir='ltr'>Zelus</span> <span class='ocrx_word' id='word_1_615' title='bbox 1436 1239 1510 1267; x_wconf 90' lang='lat' dir='ltr'>illius</span> <span class='ocrx_word' id='word_1_616' title='bbox 1525 1240 1588 1277; x_wconf 79' lang='lat' dir='ltr'>igne</span> <span class='ocrx_word' id='word_1_617' title='bbox 1601 1238 1749 1268; x_wconf 81' lang='lat' dir='ltr'>ardentior.</span> 
     </span>
     <span class='ocr_line' id='line_1_81' title="bbox 1010 1282 1752 1323; baseline -0.009 -7"><span class='ocrx_word' id='word_1_618' title='bbox 1010 1294 1041 1316; x_wconf 73' lang='grc' dir='ltr'>Χ.</span> <span class='ocrx_word' id='word_1_619' title='bbox 1060 1291 1122 1315; x_wconf 87' lang='grc'>137.</span> <span class='ocrx_word' id='word_1_620' title='bbox 1138 1298 1162 1314; x_wconf 84' lang='lat' dir='ltr'>A.</span> <span class='ocrx_word' id='word_1_621' title='bbox 1175 1285 1270 1314; x_wconf 83' lang='lat' dir='ltr'>Anima</span> <span class='ocrx_word' id='word_1_622' title='bbox 1285 1284 1342 1323; x_wconf 88' lang='lat' dir='ltr'>ejus</span> <span class='ocrx_word' id='word_1_623' title='bbox 1357 1291 1441 1312; x_wconf 87' lang='lat' dir='ltr'>totum</span> <span class='ocrx_word' id='word_1_624' title='bbox 1461 1282 1690 1321; x_wconf 85' lang='lat' dir='ltr'>complectebatur</span> <span class='ocrx_word' id='word_1_625' title='bbox 1704 1292 1752 1310; x_wconf 91' lang='lat' dir='ltr'>or—</span> 
     </span>
     <span class='ocr_line' id='line_1_82' title="bbox 1008 1326 1753 1365; baseline -0.007 -7"><span class='ocrx_word' id='word_1_626' title='bbox 1008 1331 1080 1359; x_wconf 87' lang='lat' dir='ltr'>bem.</span> <span class='ocrx_word' id='word_1_627' title='bbox 1110 1337 1156 1358; x_wconf 89' lang='lat' dir='ltr'>IX.</span> <span class='ocrx_word' id='word_1_628' title='bbox 1180 1334 1243 1358; x_wconf 87' lang='lat'>464.</span> <span class='ocrx_word' id='word_1_629' title='bbox 1259 1339 1285 1359; x_wconf 89' lang='lat' dir='ltr'>c.</span> <span class='ocrx_word' id='word_1_630' title='bbox 1305 1328 1406 1356; x_wconf 85' lang='lat' dir='ltr'>Paulus</span> <span class='ocrx_word' id='word_1_631' title='bbox 1419 1326 1526 1355; x_wconf 85' lang='lat' dir='ltr'>creditae</span> <span class='ocrx_word' id='word_1_632' title='bbox 1544 1326 1595 1354; x_wconf 88' lang='lat' dir='ltr'>sibi</span> <span class='ocrx_word' id='word_1_633' title='bbox 1611 1326 1753 1365; x_wconf 82' lang='lat' dir='ltr'>dispensa-</span> 
     </span>
     <span class='ocr_line' id='line_1_83' title="bbox 1010 1371 1752 1411; baseline -0.007 -9"><span class='ocrx_word' id='word_1_634' title='bbox 1010 1375 1089 1402; x_wconf 84' lang='lat' dir='ltr'>tionis</span> <span class='ocrx_word' id='word_1_635' title='bbox 1110 1372 1219 1402; x_wconf 87' lang='lat' dir='ltr'>modum</span> <span class='ocrx_word' id='word_1_636' title='bbox 1235 1383 1305 1411; x_wconf 78' lang='lat' dir='ltr'>saepe</span> <span class='ocrx_word' id='word_1_637' title='bbox 1318 1371 1450 1400; x_wconf 80' lang='lat' dir='ltr'>variabat.</span> <span class='ocrx_word' id='word_1_638' title='bbox 1468 1378 1499 1399; x_wconf 92' lang='lat' dir='ltr'>II.</span> <span class='ocrx_word' id='word_1_639' title='bbox 1515 1374 1577 1399; x_wconf 91' lang='grc'>600.</span> <span class='ocrx_word' id='word_1_640' title='bbox 1600 1381 1625 1398; x_wconf 78' lang='grc' dir='ltr'>Β.</span> <span class='ocrx_word' id='word_1_641' title='bbox 1645 1374 1710 1398; x_wconf 85' lang='grc'>601.</span> <span class='ocrx_word' id='word_1_642' title='bbox 1727 1381 1752 1398; x_wconf 84' lang='lat' dir='ltr'>A.</span> 
     </span>
     <span class='ocr_line' id='line_1_84' title="bbox 1010 1413 1749 1451; baseline -0.007 -6"><span class='ocrx_word' id='word_1_643' title='bbox 1010 1417 1153 1451; x_wconf 87' lang='lat' dir='ltr'>Quomodo</span> <span class='ocrx_word' id='word_1_644' title='bbox 1167 1416 1255 1444; x_wconf 87' lang='lat' dir='ltr'>omnia</span> <span class='ocrx_word' id='word_1_645' title='bbox 1272 1416 1397 1443; x_wconf 86' lang='lat' dir='ltr'>omnibus</span> <span class='ocrx_word' id='word_1_646' title='bbox 1413 1413 1524 1442; x_wconf 85' lang='lat' dir='ltr'>faciebat</span> <span class='ocrx_word' id='word_1_647' title='bbox 1542 1424 1577 1441; x_wconf 90' lang='lat' dir='ltr'>se.</span> <span class='ocrx_word' id='word_1_648' title='bbox 1594 1420 1638 1441; x_wconf 92' lang='lat' dir='ltr'>III.</span> <span class='ocrx_word' id='word_1_649' title='bbox 1658 1418 1704 1443; x_wconf 85' lang='grc'>67,</span> <span class='ocrx_word' id='word_1_650' title='bbox 1722 1424 1749 1442; x_wconf 79' lang='grc'>1).</span> 
     </span>
     <span class='ocr_line' id='line_1_85' title="bbox 1009 1457 1752 1499; baseline -0.005 -10"><span class='ocrx_word' id='word_1_651' title='bbox 1009 1462 1117 1490; x_wconf 86' lang='lat' dir='ltr'>Christo</span> <span class='ocrx_word' id='word_1_652' title='bbox 1142 1460 1311 1499; x_wconf 82' lang='lat' dir='ltr'>permittente</span> <span class='ocrx_word' id='word_1_653' title='bbox 1335 1470 1348 1487; x_wconf 87' lang='lat' dir='ltr'>a</span> <span class='ocrx_word' id='word_1_654' title='bbox 1373 1458 1516 1497; x_wconf 82' lang='lat' dir='ltr'>discipulis</span> <span class='ocrx_word' id='word_1_655' title='bbox 1540 1457 1675 1495; x_wconf 83' lang='lat' dir='ltr'>accipere,</span> <span class='ocrx_word' id='word_1_656' title='bbox 1700 1467 1752 1485; x_wconf 85' lang='lat' dir='ltr'>non</span> 
     </span>
     <span class='ocr_line' id='line_1_86' title="bbox 1009 1501 1752 1543; baseline -0.007 -10"><span class='ocrx_word' id='word_1_657' title='bbox 1009 1505 1111 1543; x_wconf 80' lang='lat' dir='ltr'>accepit</span> <span class='ocrx_word' id='word_1_658' title='bbox 1139 1504 1251 1532; x_wconf 81' lang='lat' dir='ltr'>Paulus.</span> <span class='ocrx_word' id='word_1_659' title='bbox 1269 1511 1301 1531; x_wconf 87' lang='lat' dir='ltr'>X.</span> <span class='ocrx_word' id='word_1_660' title='bbox 1321 1508 1386 1531; x_wconf 85' lang='lat'>217.</span> <span class='ocrx_word' id='word_1_661' title='bbox 1401 1514 1426 1531; x_wconf 84' lang='lat' dir='ltr'>A.</span> <span class='ocrx_word' id='word_1_662' title='bbox 1466 1501 1539 1535; x_wconf 86' lang='lat' dir='ltr'>Quid</span> <span class='ocrx_word' id='word_1_663' title='bbox 1569 1511 1617 1539; x_wconf 87' lang='lat' dir='ltr'>pro</span> <span class='ocrx_word' id='word_1_664' title='bbox 1640 1501 1752 1539; x_wconf 84' lang='lat' dir='ltr'>pecunia</span> 
     </span>
     <span class='ocr_line' id='line_1_87' title="bbox 1009 1544 1749 1586; baseline -0.005 -9"><span class='ocrx_word' id='word_1_665' title='bbox 1009 1549 1124 1586; x_wconf 85' lang='lat' dir='ltr'>petebat.</span> <span class='ocrx_word' id='word_1_666' title='bbox 1149 1555 1193 1576; x_wconf 79' lang='lat' dir='ltr'>XI.</span> <span class='ocrx_word' id='word_1_667' title='bbox 1212 1551 1276 1574; x_wconf 86' lang='lat'>834.</span> <span class='ocrx_word' id='word_1_668' title='bbox 1302 1547 1391 1582; x_wconf 88' lang='lat' dir='ltr'>Quam</span> <span class='ocrx_word' id='word_1_669' title='bbox 1417 1544 1520 1584; x_wconf 87' lang='lat' dir='ltr'>placide</span> <span class='ocrx_word' id='word_1_670' title='bbox 1544 1544 1676 1573; x_wconf 85' lang='lat' dir='ltr'>hortetur.</span> <span class='ocrx_word' id='word_1_671' title='bbox 1702 1551 1749 1575; x_wconf 83' lang='lat' dir='ltr'>IX.</span> 
     </span>
     <span class='ocr_line' id='line_1_88' title="bbox 1009 1588 1751 1627; baseline -0.005 -8"><span class='ocrx_word' id='word_1_672' title='bbox 1009 1596 1072 1620; x_wconf 84' lang='lat'>831.</span> <span class='ocrx_word' id='word_1_673' title='bbox 1086 1602 1108 1618; x_wconf 67' lang='grc'>11,</span> <span class='ocrx_word' id='word_1_674' title='bbox 1126 1590 1268 1627; x_wconf 81' lang='lat' dir='ltr'>Quomodo</span> <span class='ocrx_word' id='word_1_675' title='bbox 1284 1590 1326 1618; x_wconf 90' lang='lat' dir='ltr'>vel</span> <span class='ocrx_word' id='word_1_676' title='bbox 1348 1588 1440 1617; x_wconf 88' lang='lat' dir='ltr'>laudet</span> <span class='ocrx_word' id='word_1_677' title='bbox 1461 1588 1502 1616; x_wconf 77' lang='lat' dir='ltr'>vel</span> <span class='ocrx_word' id='word_1_678' title='bbox 1520 1588 1689 1616; x_wconf 82' lang='lat' dir='ltr'>criminetur.</span> <span class='ocrx_word' id='word_1_679' title='bbox 1705 1595 1751 1616; x_wconf 82' lang='lat' dir='ltr'>XI.</span> 
     </span>
     <span class='ocr_line' id='line_1_89' title="bbox 1010 1631 1753 1673; baseline -0.007 -9"><span class='ocrx_word' id='word_1_680' title='bbox 1010 1640 1073 1665; x_wconf 75' lang='lat'>384.</span> <span class='ocrx_word' id='word_1_681' title='bbox 1094 1634 1226 1673; x_wconf 78' lang='lat' dir='ltr'>Exemplo</span> <span class='ocrx_word' id='word_1_682' title='bbox 1242 1633 1363 1672; x_wconf 73' lang='lat' dir='ltr'>magistri</span> <span class='ocrx_word' id='word_1_683' title='bbox 1383 1633 1441 1669; x_wconf 80' lang='lat' dir='ltr'>sui,</span> <span class='ocrx_word' id='word_1_684' title='bbox 1457 1643 1508 1661; x_wconf 91' lang='lat' dir='ltr'>non</span> <span class='ocrx_word' id='word_1_685' title='bbox 1527 1632 1639 1660; x_wconf 85' lang='lat' dir='ltr'>cessavit</span> <span class='ocrx_word' id='word_1_686' title='bbox 1652 1631 1753 1659; x_wconf 85' lang='lat' dir='ltr'>Paulus</span> 
     </span>
     <span class='ocr_line' id='line_1_90' title="bbox 1008 1674 1753 1719; baseline -0.008 -11"><span class='ocrx_word' id='word_1_687' title='bbox 1008 1691 1054 1719; x_wconf 77' lang='lat' dir='ltr'>per</span> <span class='ocrx_word' id='word_1_688' title='bbox 1071 1686 1152 1708; x_wconf 86' lang='lat' dir='ltr'>totam</span> <span class='ocrx_word' id='word_1_689' title='bbox 1171 1680 1254 1707; x_wconf 85' lang='lat' dir='ltr'>vitam</span> <span class='ocrx_word' id='word_1_690' title='bbox 1276 1688 1351 1706; x_wconf 88' lang='lat' dir='ltr'>suam</span> <span class='ocrx_word' id='word_1_691' title='bbox 1374 1687 1453 1716; x_wconf 83' lang='lat' dir='ltr'>super</span> <span class='ocrx_word' id='word_1_692' title='bbox 1472 1687 1515 1705; x_wconf 86' lang='lat' dir='ltr'>eos</span> <span class='ocrx_word' id='word_1_693' title='bbox 1530 1676 1576 1713; x_wconf 89' lang='lat' dir='ltr'>qui</span> <span class='ocrx_word' id='word_1_694' title='bbox 1598 1674 1753 1703; x_wconf 80' lang='lat' dir='ltr'>exciderant</span> 
     </span>
     <span class='ocr_line' id='line_1_91' title="bbox 1008 1719 1749 1761; baseline -0.007 -10"><span class='ocrx_word' id='word_1_695' title='bbox 1008 1724 1093 1761; x_wconf 83' lang='lat' dir='ltr'>etqui</span> <span class='ocrx_word' id='word_1_696' title='bbox 1116 1723 1142 1751; x_wconf 92' lang='lat' dir='ltr'>in</span> <span class='ocrx_word' id='word_1_697' title='bbox 1168 1722 1243 1750; x_wconf 86' lang='lat' dir='ltr'>ruina</span> <span class='ocrx_word' id='word_1_698' title='bbox 1268 1732 1315 1749; x_wconf 87' lang='lat' dir='ltr'>sua</span> <span class='ocrx_word' id='word_1_699' title='bbox 1339 1727 1608 1754; x_wconf 78' lang='lat' dir='ltr'>mansei-ant‚aniai·e</span> <span class='ocrx_word' id='word_1_700' title='bbox 1630 1719 1703 1749; x_wconf 76' lang='lat' dir='ltr'>ssei-e.</span> <span class='ocrx_word' id='word_1_701' title='bbox 1728 1726 1749 1747; x_wconf 93' lang='lat' dir='ltr'>I.</span> 
     </span>
     <span class='ocr_line' id='line_1_92' title="bbox 1010 1762 1752 1804; baseline -0.007 -9"><span class='ocrx_word' id='word_1_702' title='bbox 1010 1772 1073 1795; x_wconf 88' lang='lat'>307.</span> <span class='ocrx_word' id='word_1_703' title='bbox 1089 1778 1116 1796; x_wconf 79' lang='lat'>1).</span> <span class='ocrx_word' id='word_1_704' title='bbox 1134 1767 1192 1794; x_wconf 90' lang='lat' dir='ltr'>Non</span> <span class='ocrx_word' id='word_1_705' title='bbox 1208 1765 1241 1794; x_wconf 88' lang='lat' dir='ltr'>iis</span> <span class='ocrx_word' id='word_1_706' title='bbox 1255 1765 1300 1803; x_wconf 89' lang='lat' dir='ltr'>qui</span> <span class='ocrx_word' id='word_1_707' title='bbox 1317 1771 1506 1804; x_wconf 84' lang='lat' dir='ltr'>peccaverunt,</span> <span class='ocrx_word' id='word_1_708' title='bbox 1522 1763 1567 1791; x_wconf 87' lang='lat' dir='ltr'>sed</span> <span class='ocrx_word' id='word_1_709' title='bbox 1583 1763 1617 1791; x_wconf 88' lang='lat' dir='ltr'>iis</span> <span class='ocrx_word' id='word_1_710' title='bbox 1631 1762 1677 1800; x_wconf 89' lang='lat' dir='ltr'>qui</span> <span class='ocrx_word' id='word_1_711' title='bbox 1699 1773 1752 1791; x_wconf 92' lang='lat' dir='ltr'>non</span> 
     </span>
     <span class='ocr_line' id='line_1_93' title="bbox 1011 1809 1750 1848; baseline -0.005 -10"><span class='ocrx_word' id='word_1_712' title='bbox 1011 1817 1121 1848; x_wconf 76' lang='lat' dir='ltr'>egerunt</span> <span class='ocrx_word' id='word_1_713' title='bbox 1149 1809 1341 1848; x_wconf 74' lang='lat' dir='ltr'>poenitentiam,</span> <span class='ocrx_word' id='word_1_714' title='bbox 1359 1809 1463 1837; x_wconf 73' lang='lat' dir='ltr'>veniam</span> <span class='ocrx_word' id='word_1_715' title='bbox 1489 1814 1574 1845; x_wconf 83' lang='lat' dir='ltr'>negat.</span> <span class='ocrx_word' id='word_1_716' title='bbox 1606 1813 1627 1835; x_wconf 91' lang='lat' dir='ltr'>I.</span> <span class='ocrx_word' id='word_1_717' title='bbox 1654 1811 1698 1835; x_wconf 89' lang='grc'>38.</span> <span class='ocrx_word' id='word_1_718' title='bbox 1720 1817 1750 1834; x_wconf 85' lang='lat' dir='ltr'>n.</span> 
     </span>
     <span class='ocr_line' id='line_1_94' title="bbox 1012 1850 1749 1891; baseline -0.004 -9"><span class='ocrx_word' id='word_1_719' title='bbox 1012 1856 1165 1882; x_wconf 73' lang='lat' dir='ltr'>Peccatores</span> <span class='ocrx_word' id='word_1_720' title='bbox 1177 1862 1284 1880; x_wconf 84' lang='lat' dir='ltr'>monens</span> <span class='ocrx_word' id='word_1_721' title='bbox 1300 1859 1346 1880; x_wconf 86' lang='lat' dir='ltr'>aut</span> <span class='ocrx_word' id='word_1_722' title='bbox 1358 1862 1483 1891; x_wconf 80' lang='lat' dir='ltr'>arguens,</span> <span class='ocrx_word' id='word_1_723' title='bbox 1495 1850 1703 1890; x_wconf 84' lang='lat' dir='ltr'>lacrymabatur.</span> <span class='ocrx_word' id='word_1_724' title='bbox 1716 1856 1749 1879; x_wconf 92' lang='lat'>11.</span> 
     </span>
     <span class='ocr_line' id='line_1_95' title="bbox 1011 1895 1752 1934; baseline -0.005 -9"><span class='ocrx_word' id='word_1_725' title='bbox 1011 1903 1065 1926; x_wconf 70' lang='lat'>782</span> <span class='ocrx_word' id='word_1_726' title='bbox 1088 1908 1114 1925; x_wconf 91' lang='grc'>1).</span> <span class='ocrx_word' id='word_1_727' title='bbox 1128 1907 1156 1928; x_wconf 81' lang='lat' dir='ltr'>E.</span> <span class='ocrx_word' id='word_1_728' title='bbox 1174 1897 1272 1934; x_wconf 81' lang='lat' dir='ltr'>Segnes</span> <span class='ocrx_word' id='word_1_729' title='bbox 1288 1896 1322 1924; x_wconf 86' lang='lat' dir='ltr'>ab</span> <span class='ocrx_word' id='word_1_730' title='bbox 1337 1896 1391 1924; x_wconf 90' lang='lat' dir='ltr'>otio</span> <span class='ocrx_word' id='word_1_731' title='bbox 1406 1895 1557 1924; x_wconf 84' lang='lat' dir='ltr'>revocabat.</span> <span class='ocrx_word' id='word_1_732' title='bbox 1577 1901 1623 1923; x_wconf 90' lang='lat'>111.</span> <span class='ocrx_word' id='word_1_733' title='bbox 1641 1898 1705 1922; x_wconf 88' lang='lat'>331.</span> <span class='ocrx_word' id='word_1_734' title='bbox 1728 1904 1752 1921; x_wconf 77' lang='lat' dir='ltr'>n.</span> 
     </span>
     <span class='ocr_line' id='line_1_96' title="bbox 1012 1937 1749 1979; baseline -0.005 -10"><span class='ocrx_word' id='word_1_735' title='bbox 1012 1944 1080 1969; x_wconf 89' lang='lat' dir='ltr'>Cum</span> <span class='ocrx_word' id='word_1_736' title='bbox 1096 1951 1143 1979; x_wconf 85' lang='lat' dir='ltr'>per</span> <span class='ocrx_word' id='word_1_737' title='bbox 1155 1951 1182 1968; x_wconf 87' lang='lat' dir='ltr'>se</span> <span class='ocrx_word' id='word_1_738' title='bbox 1193 1950 1243 1968; x_wconf 91' lang='lat' dir='ltr'>non</span> <span class='ocrx_word' id='word_1_739' title='bbox 1258 1947 1343 1978; x_wconf 85' lang='lat' dir='ltr'>posset</span> <span class='ocrx_word' id='word_1_740' title='bbox 1356 1951 1434 1968; x_wconf 86' lang='lat' dir='ltr'>sumn</span> <span class='ocrx_word' id='word_1_741' title='bbox 1448 1940 1559 1979; x_wconf 84' lang='lat' dir='ltr'>implere</span> <span class='ocrx_word' id='word_1_742' title='bbox 1572 1937 1749 1972; x_wconf 88' lang='lat' dir='ltr'>desiderium,</span> 
     </span>
     <span class='ocr_line' id='line_1_97' title="bbox 1012 1980 1753 2023; baseline -0.005 -11"><span class='ocrx_word' id='word_1_743' title='bbox 1012 1985 1062 2013; x_wconf 82' lang='lat' dir='ltr'>hoc</span> <span class='ocrx_word' id='word_1_744' title='bbox 1080 1995 1128 2023; x_wconf 90' lang='lat' dir='ltr'>per</span> <span class='ocrx_word' id='word_1_745' title='bbox 1142 1984 1208 2012; x_wconf 82' lang='lat' dir='ltr'>alios</span> <span class='ocrx_word' id='word_1_746' title='bbox 1228 1984 1351 2012; x_wconf 81' lang='lat' dir='ltr'>faciebat.</span> <span class='ocrx_word' id='word_1_747' title='bbox 1370 1991 1415 2012; x_wconf 88' lang='lat' dir='ltr'>XI.</span> <span class='ocrx_word' id='word_1_748' title='bbox 1432 1988 1494 2011; x_wconf 88' lang='grc'>513.</span> <span class='ocrx_word' id='word_1_749' title='bbox 1511 1994 1538 2011; x_wconf 89' lang='grc'>1).</span> <span class='ocrx_word' id='word_1_750' title='bbox 1556 1981 1634 2010; x_wconf 88' lang='lat' dir='ltr'>Pauli</span> <span class='ocrx_word' id='word_1_751' title='bbox 1649 1980 1753 2009; x_wconf 87' lang='lat' dir='ltr'>sollici-</span> 
     </span>
     <span class='ocr_line' id='line_1_98' title="bbox 1011 2024 1751 2066; baseline -0.007 -10"><span class='ocrx_word' id='word_1_752' title='bbox 1011 2029 1075 2057; x_wconf 85' lang='lat' dir='ltr'>tudo</span> <span class='ocrx_word' id='word_1_753' title='bbox 1090 2038 1152 2066; x_wconf 82' lang='lat' dir='ltr'>erga</span> <span class='ocrx_word' id='word_1_754' title='bbox 1175 2038 1274 2056; x_wconf 80' lang='lat' dir='ltr'>omnes.</span> <span class='ocrx_word' id='word_1_755' title='bbox 1295 2035 1341 2056; x_wconf 89' lang='lat'>111.</span> <span class='ocrx_word' id='word_1_756' title='bbox 1360 2032 1423 2056; x_wconf 89' lang='lat'>208.</span> <span class='ocrx_word' id='word_1_757' title='bbox 1439 2038 1466 2055; x_wconf 87' lang='lat' dir='ltr'>D.</span> <span class='ocrx_word' id='word_1_758' title='bbox 1480 2031 1544 2055; x_wconf 82' lang='grc'>209.</span> <span class='ocrx_word' id='word_1_759' title='bbox 1558 2026 1617 2054; x_wconf 90' lang='lat' dir='ltr'>Non</span> <span class='ocrx_word' id='word_1_760' title='bbox 1632 2024 1668 2053; x_wconf 91' lang='lat' dir='ltr'>de</span> <span class='ocrx_word' id='word_1_761' title='bbox 1683 2034 1751 2062; x_wconf 81' lang='lat' dir='ltr'>prae-</span> 
     </span>
     <span class='ocr_line' id='line_1_99' title="bbox 1011 2066 1752 2106; baseline -0.009 -6"><span class='ocrx_word' id='word_1_762' title='bbox 1011 2073 1076 2100; x_wconf 88' lang='lat' dir='ltr'>senti</span> <span class='ocrx_word' id='word_1_763' title='bbox 1094 2073 1191 2105; x_wconf 85' lang='lat' dir='ltr'>solum,</span> <span class='ocrx_word' id='word_1_764' title='bbox 1205 2071 1251 2100; x_wconf 84' lang='lat' dir='ltr'>sed</span> <span class='ocrx_word' id='word_1_765' title='bbox 1267 2071 1346 2099; x_wconf 84' lang='lat' dir='ltr'>etiam</span> <span class='ocrx_word' id='word_1_766' title='bbox 1365 2071 1399 2098; x_wconf 82' lang='lat' dir='ltr'>de</span> <span class='ocrx_word' id='word_1_767' title='bbox 1421 2070 1510 2097; x_wconf 82' lang='lat' dir='ltr'>futuro</span> <span class='ocrx_word' id='word_1_768' title='bbox 1527 2078 1606 2106; x_wconf 80' lang='lat' dir='ltr'>grege</span> <span class='ocrx_word' id='word_1_769' title='bbox 1619 2066 1752 2095; x_wconf 78' lang='lat' dir='ltr'>sollicitus</span> 
     </span>
     <span class='ocr_line' id='line_1_100' title="bbox 1011 2110 1753 2151; baseline -0.009 -7"><span class='ocrx_word' id='word_1_770' title='bbox 1011 2123 1075 2144; x_wconf 80' lang='lat' dir='ltr'>erat.</span> <span class='ocrx_word' id='word_1_771' title='bbox 1101 2123 1146 2145; x_wconf 69' lang='lat' dir='ltr'>VI.</span> <span class='ocrx_word' id='word_1_772' title='bbox 1172 2120 1236 2143; x_wconf 85' lang='lat'>333.</span> <span class='ocrx_word' id='word_1_773' title='bbox 1260 2126 1286 2143; x_wconf 79' lang='lat' dir='ltr'>E.</span> <span class='ocrx_word' id='word_1_774' title='bbox 1303 2115 1408 2148; x_wconf 87' lang='lat' dir='ltr'>Quanta</span> <span class='ocrx_word' id='word_1_775' title='bbox 1427 2113 1460 2141; x_wconf 90' lang='lat' dir='ltr'>de</span> <span class='ocrx_word' id='word_1_776' title='bbox 1477 2119 1644 2151; x_wconf 86' lang='lat' dir='ltr'>posterorum</span> <span class='ocrx_word' id='word_1_777' title='bbox 1666 2110 1753 2138; x_wconf 81' lang='lat' dir='ltr'>salute</span> 
     </span>
     <span class='ocr_line' id='line_1_101' title="bbox 1011 2159 1409 2187; baseline -0.008 0"><span class='ocrx_word' id='word_1_778' title='bbox 1011 2159 1173 2187; x_wconf 83' lang='lat' dir='ltr'>sollicitudo.</span> <span class='ocrx_word' id='word_1_779' title='bbox 1195 2166 1238 2187; x_wconf 85' lang='lat' dir='ltr'>VI.</span> <span class='ocrx_word' id='word_1_780' title='bbox 1255 2162 1320 2186; x_wconf 88' lang='lat'>336.</span> <span class='ocrx_word' id='word_1_781' title='bbox 1338 2168 1364 2187; x_wconf 88' lang='lat' dir='ltr'>C.</span> <span class='ocrx_word' id='word_1_782' title='bbox 1381 2167 1409 2184; x_wconf 88' lang='lat' dir='ltr'>D.</span> 
     </span>
    </p>

    <p class='ocr_par' dir='ltr' id='par_1_8' title="bbox 1008 2203 1751 2406">
     <span class='ocr_line' id='line_1_102' title="bbox 1052 2203 1748 2240; baseline -0.01 -9"><span class='ocrx_word' id='word_1_783' title='bbox 1052 2203 1150 2232; x_wconf 85' lang='lat' dir='ltr'>Paulus</span> <span class='ocrx_word' id='word_1_784' title='bbox 1184 2212 1327 2240; x_wconf 78' lang='lat' dir='ltr'>egenorum</span> <span class='ocrx_word' id='word_1_785' title='bbox 1358 2207 1484 2239; x_wconf 86' lang='lat' dir='ltr'>patronus</span> <span class='ocrx_word' id='word_1_786' title='bbox 1506 2205 1531 2226; x_wconf 83' lang='lat' dir='ltr'>ct</span> <span class='ocrx_word' id='word_1_787' title='bbox 1553 2204 1670 2226; x_wconf 83' lang='lat' dir='ltr'>curator.</span> <span class='ocrx_word' id='word_1_788' title='bbox 1703 2204 1748 2225; x_wconf 89' lang='lat' dir='ltr'>III.</span> 
     </span>
     <span class='ocr_line' id='line_1_103' title="bbox 1010 2240 1751 2284; baseline -0.011 -8"><span class='ocrx_word' id='word_1_789' title='bbox 1010 2252 1075 2276; x_wconf 75' lang='grc'>298.</span> <span class='ocrx_word' id='word_1_790' title='bbox 1091 2258 1117 2275; x_wconf 88' lang='lat' dir='ltr'>c.</span> <span class='ocrx_word' id='word_1_791' title='bbox 1135 2256 1302 2284; x_wconf 84' lang='lat' dir='ltr'>summopere</span> <span class='ocrx_word' id='word_1_792' title='bbox 1314 2244 1424 2273; x_wconf 87' lang='lat' dir='ltr'>curabat</span> <span class='ocrx_word' id='word_1_793' title='bbox 1439 2243 1510 2270; x_wconf 84' lang='lat' dir='ltr'>illos.</span> <span class='ocrx_word' id='word_1_794' title='bbox 1524 2249 1570 2271; x_wconf 82' lang='lat' dir='ltr'>III.</span> <span class='ocrx_word' id='word_1_795' title='bbox 1589 2246 1654 2270; x_wconf 88' lang='grc'>300.</span> <span class='ocrx_word' id='word_1_796' title='bbox 1672 2240 1751 2269; x_wconf 86' lang='lat' dir='ltr'>Elee-</span> 
     </span>
     <span class='ocr_line' id='line_1_104' title="bbox 1009 2288 1747 2330; baseline -0.007 -12"><span class='ocrx_word' id='word_1_797' title='bbox 1009 2301 1148 2330; x_wconf 81' lang='lat' dir='ltr'>rnosynam</span> <span class='ocrx_word' id='word_1_798' title='bbox 1164 2288 1343 2318; x_wconf 83' lang='lat' dir='ltr'>commendat.</span> <span class='ocrx_word' id='word_1_799' title='bbox 1367 2295 1425 2317; x_wconf 74' lang='lat' dir='ltr'>XII.</span> <span class='ocrx_word' id='word_1_800' title='bbox 1443 2291 1507 2316; x_wconf 80' lang='lat'>456.</span> <span class='ocrx_word' id='word_1_801' title='bbox 1527 2296 1554 2314; x_wconf 88' lang='grc' dir='ltr'>ι).</span> <span class='ocrx_word' id='word_1_802' title='bbox 1571 2292 1616 2313; x_wconf 86' lang='lat' dir='ltr'>IX.</span> <span class='ocrx_word' id='word_1_803' title='bbox 1636 2290 1700 2313; x_wconf 88' lang='lat'>813.</span> <span class='ocrx_word' id='word_1_804' title='bbox 1719 2295 1747 2313; x_wconf 76' lang='lat' dir='ltr'>A.</span> 
     </span>
     <span class='ocr_line' id='line_1_105' title="bbox 1009 2328 1747 2370; baseline -0.009 -8"><span class='ocrx_word' id='word_1_805' title='bbox 1009 2340 1073 2362; x_wconf 78' lang='lat'>814.</span> <span class='ocrx_word' id='word_1_806' title='bbox 1093 2342 1136 2363; x_wconf 90' lang='lat' dir='ltr'>XI.</span> <span class='ocrx_word' id='word_1_807' title='bbox 1153 2339 1217 2363; x_wconf 82' lang='lat'>831.</span> <span class='ocrx_word' id='word_1_808' title='bbox 1236 2345 1263 2362; x_wconf 88' lang='grc'>1).</span> <span class='ocrx_word' id='word_1_809' title='bbox 1281 2333 1470 2370; x_wconf 78' lang='lat' dir='ltr'>Eleemosynas</span> <span class='ocrx_word' id='word_1_810' title='bbox 1484 2339 1574 2358; x_wconf 83' lang='lat' dir='ltr'>secum</span> <span class='ocrx_word' id='word_1_811' title='bbox 1588 2328 1683 2359; x_wconf 75' lang='lat' dir='ltr'>defert,</span> <span class='ocrx_word' id='word_1_812' title='bbox 1700 2335 1747 2357; x_wconf 82' lang='lat' dir='ltr'>IX.</span> 
     </span>
     <span class='ocr_line' id='line_1_106' title="bbox 1008 2384 1117 2406; baseline 0 0"><span class='ocrx_word' id='word_1_813' title='bbox 1008 2384 1072 2406; x_wconf 70' lang='lat'>813.</span> <span class='ocrx_word' id='word_1_814' title='bbox 1092 2390 1117 2406; x_wconf 73' lang='lat'>11.</span> 
     </span>
    </p>

    <p class='ocr_par' dir='ltr' id='par_1_9' title="bbox 1008 2419 1748 2543">
     <span class='ocr_line' id='line_1_107' title="bbox 1048 2419 1746 2458; baseline -0.011 -8"><span class='ocrx_word' id='word_1_815' title='bbox 1048 2422 1147 2450; x_wconf 73' lang='lat' dir='ltr'>Paulus</span> <span class='ocrx_word' id='word_1_816' title='bbox 1162 2431 1242 2458; x_wconf 84' lang='lat' dir='ltr'>qnam</span> <span class='ocrx_word' id='word_1_817' title='bbox 1258 2419 1444 2448; x_wconf 81' lang='lat' dir='ltr'>insatiabiliter</span> <span class='ocrx_word' id='word_1_818' title='bbox 1459 2423 1589 2455; x_wconf 78' lang='lat' dir='ltr'>precetur.</span> <span class='ocrx_word' id='word_1_819' title='bbox 1607 2422 1652 2443; x_wconf 85' lang='lat' dir='ltr'>XI.</span> <span class='ocrx_word' id='word_1_820' title='bbox 1667 2419 1746 2443; x_wconf 74' lang='lat' dir='ltr'>54.n.</span> 
     </span>
     <span class='ocr_line' id='line_1_108' title="bbox 1008 2457 1746 2503; baseline -0.008 -10"><span class='ocrx_word' id='word_1_821' title='bbox 1008 2470 1053 2493; x_wconf 78' lang='lat'>55.</span> <span class='ocrx_word' id='word_1_822' title='bbox 1077 2465 1197 2503; x_wconf 76' lang='lat' dir='ltr'>Supinus</span> <span class='ocrx_word' id='word_1_823' title='bbox 1216 2464 1328 2501; x_wconf 83' lang='lat' dir='ltr'>jacens,</span> <span class='ocrx_word' id='word_1_824' title='bbox 1353 2471 1448 2500; x_wconf 85' lang='lat' dir='ltr'>magna</span> <span class='ocrx_word' id='word_1_825' title='bbox 1475 2459 1611 2487; x_wconf 80' lang='lat' dir='ltr'>alacritate</span> <span class='ocrx_word' id='word_1_826' title='bbox 1641 2457 1746 2487; x_wconf 86' lang='lat' dir='ltr'>orabat.</span> 
     </span>
     <span class='ocr_line' id='line_1_109' title="bbox 1009 2501 1748 2543; baseline -0.012 -6"><span class='ocrx_word' id='word_1_827' title='bbox 1009 2516 1052 2537; x_wconf 68' lang='lat' dir='ltr'>tx&#39;.</span> <span class='ocrx_word' id='word_1_828' title='bbox 1080 2513 1142 2536; x_wconf 79' lang='lat'>855.</span> <span class='ocrx_word' id='word_1_829' title='bbox 1163 2519 1187 2536; x_wconf 90' lang='lat' dir='ltr'>n.</span> <span class='ocrx_word' id='word_1_830' title='bbox 1207 2506 1361 2536; x_wconf 83' lang='lat' dir='ltr'>Studiosins</span> <span class='ocrx_word' id='word_1_831' title='bbox 1387 2515 1434 2543; x_wconf 87' lang='lat' dir='ltr'>pro</span> <span class='ocrx_word' id='word_1_832' title='bbox 1458 2502 1584 2535; x_wconf 79' lang='lat' dir='ltr'>inimicis,</span> <span class='ocrx_word' id='word_1_833' title='bbox 1606 2512 1686 2539; x_wconf 88' lang='lat' dir='ltr'>quam</span> <span class='ocrx_word' id='word_1_834' title='bbox 1701 2501 1748 2529; x_wconf 87' lang='lat' dir='ltr'>alii</span> 
     </span>
    </p>
   </div>
   <div class='ocr_carea' id='block_1_4' title="bbox 1005 2548 1744 2588">
    <p class='ocr_par' dir='ltr' id='par_1_10' title="bbox 1005 2548 1744 2588">
     <span class='ocr_line' id='line_1_110' title="bbox 1005 2548 1744 2588; baseline -0.007 -9"><span class='ocrx_word' id='word_1_835' title='bbox 1005 2553 1135 2580; x_wconf 73' lang='lat' dir='ltr'>adversus</span> <span class='ocrx_word' id='word_1_836' title='bbox 1173 2551 1310 2585; x_wconf 78' lang='lat' dir='ltr'>inimicos,</span> <span class='ocrx_word' id='word_1_837' title='bbox 1346 2548 1514 2588; x_wconf 76' lang='lat' dir='ltr'>precabatur.</span> <span class='ocrx_word' id='word_1_838' title='bbox 1546 2553 1578 2574; x_wconf 91' lang='lat' dir='ltr'>Il.</span> <span class='ocrx_word' id='word_1_839' title='bbox 1619 2550 1683 2574; x_wconf 76' lang='lat'>576.</span> <span class='ocrx_word' id='word_1_840' title='bbox 1717 2555 1744 2572; x_wconf 87' lang='lat' dir='ltr'>D-</span> 
     </span>
    </p>
   </div>
  </div>
 </body>
</html>
