1910 2907
321 180 479 204 SYxopsts
506 181 634 212 EORUM,
663 182 735 211 QU.E
764 182 795 204 ΙΝ
824 180 981 203 orssttissus
1009 179 1239 202 Ctim‘sosTom
1267 178 1523 201 ousffltvasuiu.
1630 167 1697 202 215

6 245 146 274 T.2.p.469.
158 241 222 280 quia
235 251 330 282 nempe
343 243 437 271 fideles
454 243 572 282 Spiritus
589 243 673 272 sancti
687 243 826 272 descensui
842 242 901 271 uni-

5 285 16 297 ²
159 299 189 317 cc
199 287 308 323 addicti,
319 296 411 318 caetera
420 289 447 318 in
459 296 564 328 tempus
572 289 648 318 aliud
658 290 809 319 mittebant.
824 291 902 329 Saepe

4 319 222 378 331-9'32²2'vc1'0
237 335 323 374 carpit
337 346 390 371 eos,
407 336 454 374 qui
468 335 634 374 baptismum
646 347 729 374 usque
741 336 775 364 ad
789 343 901 364 mortem

4 379 73 432 {fii-e
82 383 149 403 emh·
158 381 329 416 differebant,
345 393 375 411 ac
389 393 448 420 quae
460 382 522 410 hine
536 383 606 410 mala
621 390 645 411 et
657 383 776 422 pericula
787 393 902 420 sequan-

21 420 36 434 ¹'
158 433 204 454 tur
217 434 343 458 recenset.
362 428 495 467 Baptismi
511 439 573 457 vero
588 429 696 458 nomina
711 429 796 457 multa
815 436 900 466 erant,

5 476 146 506 T.·.·.p.228.
158 472 256 511 inquit,
270 485 366 513 nempe
377 474 515 503 lavacrum
529 475 748 513 regenerationis,
761 475 901 503 illumina-

4 515 24 529 ²'
43 509 65 529 ¹¹·
79 517 98 529 ⁶*
158 519 211 556 ti0;
225 520 372 549 vocabatur
381 521 460 549 etiam
472 521 619 560 sepultura,
632 521 810 555 circumcisio,
823 531 900 555 crux;

158 565 213 595 imo
231 566 283 594 alia
299 577 407 605 quoque
423 568 532 596 nomina
552 578 600 607 pro
623 567 781 607 baptismate
803 567 830 595 in
849 577 901 595 usu

158 620 245 641 erant.

198 659 238 687 De
255 659 432 688 Eucharistiae
445 667 608 688 sacramento
624 660 715 688 nullus
729 666 837 698 patrum
850 669 901 687 ve-

158 711 245 733 terum
267 712 322 741 est,
345 706 393 744 qui
412 705 575 734 luculentius
596 706 678 735 verba
698 705 800 734 fecerit.
820 704 902 732 Libro

158 762 272 789 namque
287 751 363 780 tertio
383 751 417 780 de
431 751 600 787 sacerdotio,
617 758 759 791 postquam
775 749 902 779 sacerdo-

157 803 216 826 tum
226 797 384 836 dignitatem
397 798 539 833 extulerat,
550 799 598 836 qui
614 804 692 833 stant,
706 797 805 835 inquit⁷
820 807 903 835 prope

159 842 236 871 illam
255 843 434 872 immortalem
450 849 590 879 naturam,
608 843 689 883 paulo
702 851 792 882 postea
810 842 876 870 dicit
894 854 901 870 t

6 899 146 928 ‘Rex-333,
160 901 174 916 «
190 890 259 918 Nam
271 890 292 918 si
307 901 359 918 non
375 897 460 929 potest
473 890 533 928 quis
548 890 648 918 intrare
662 889 690 917 in
704 899 816 927 regnum
831 888 904 916 caelo-

5 930 147 961 12.e.p.384.
160 946 237 970 rum,
264 935 315 964 nisi
341 946 388 975 per
410 946 507 973 aquam
533 943 558 964 et
580 935 707 974 spiritum
734 941 903 973 regeneratus

160 982 241 1011 fuerit
251 1004 259 1016 ,
273 981 354 1009 etiam
369 982 415 1019 qui
425 992 483 1009 nou
500 980 644 1009 manducat
659 991 765 1009 carnem
780 979 902 1015 Domini,

160 1038 208 1055 nec
222 1027 292 1055 bibit
305 1028 362 1066 ejus
377 1027 547 1065 sanguinem,
562 1033 658 1055 zeterna
672 1027 727 1054 vita
743 1026 875 1065 privatur.
890 1037 903 1051 n

160 1073 191 1101 In
214 1073 333 1102 Homilia
352 1073 415 1101 item
434 1073 467 1101 de
486 1072 642 1101 Proditione
665 1072 742 1102 Judae
762 1072 829 1101 dicit
850 1072 904 1100 liaec

8 1129 149 1160 T·²·P·3⁸4·
159 1119 252 1153 verba,
273 1120 338 1147 Hoc
354 1125 396 1147 est
414 1129 516 1157 corpus
537 1130 642 1152 meum,
666 1119 856 1147 transformare
875 1129 904 1147 ea

8 1170 28 1183 ⁶·
161 1176 220 1203 quae
234 1165 372 1204 proposita
386 1172 456 1200 sunt,
471 1172 496 1193 et
512 1165 652 1194 diabolum
671 1165 795 1193 insiliisse
810 1164 837 1193 in
852 1165 906 1193 Ju-

161 1210 225 1238 dam
238 1218 377 1250 postquam
390 1221 487 1239 mens-'e
495 1211 595 1240 divinae
605 1211 738 1250 particeps
748 1212 843 1246 fuerat,
853 1221 904 1240 non

162 1267 260 1296 corpus
277 1257 405 1294 Domini,
425 1256 497 1295 quod
513 1257 558 1285 ille
572 1264 725 1296 acceperat,
740 1257 901 1295 despiciens,

161 1302 209 1331 sed
231 1302 316 1342 ipsius
331 1303 409 1333 Judae
425 1302 621 1342 impudentiam
640 1310 819 1331 contemnens.
838 1303 906 1332 Cor-

161 1360 212 1389 pus
227 1357 252 1378 et
262 1351 419 1390 sanguinem
431 1351 534 1379 Christi
549 1361 611 1379 vere
625 1351 652 1379 in
670 1350 839 1379 Eucharistia
850 1343 905 1379 esse

9 1410 148 1441 T‚7.p‚5,f;„
161 1397 205 1425 bis
219 1397 285 1425 dicit
299 1397 379 1425 etiam
399 1397 430 1426 in
450 1397 577 1425 Homiliis
592 1397 619 1425 in
638 1397 807 1426 Matthaeum.
830 1397 906 1426 Com-

9 1443 149 1470 e.etp.7=58.
162 1443 292 1471 mentario
312 1450 402 1471 autem
421 1443 449 1471 in
466 1443 616 1482 Epistolam
634 1443 779 1471 secundam
797 1443 831 1471 ad
852 1444 905 1472 Co-

9 1474 33 1494 1».
162 1488 276 1517 rinthios
289 1488 316 1517 in
331 1488 388 1517 liaec
406 1488 497 1524 verba,
514 1489 602 1517 calix
615 1490 824 1517 benedictionis
835 1511 842 1525 ,
859 1492 906 1518 cui

163 1536 367 1570 benedicimus,
389 1545 485 1563 nonne
508 1537 731 1563 communicatio
753 1537 906 1574 sanguinis

33 1599 62 1620 T.
78 1605 112 1621 ω-
127 1608 150 1622 n.
163 1582 272 1610 Christi
284 1590 326 1610 est
337 1586 350 1610 ?
365 1581 421 1610 haec
436 1582 582 1610 clarissime
596 1582 672 1615 dicit,
693 1584 732 1610 ὅτι
747 1585 824 1611 τοῦτο
837 1582 867 1611 τὸ
880 1584 906 1611 ἐν

12 1637 64 1651 2¹2-
86 1638 106 1651 e.
128 1625 151 1652 'ei
162 1628 280 1667 ποτηρίῳ
294 1628 322 1656 ὂν
335 1628 417 1657 ἐκεῖνό
431 1629 488 1656 ἐστι
502 1628 532 1656 τὸ
543 1628 596 1657 ἀπὸ
610 1631 658 1663 τῆς
670 1629 786 1668 πλευρᾶς
800 1630 906 1667 ῥεῦσαν,

11 1662 66 1684 ²¹3⁷
82 1669 103 1682 ‘³'
162 1675 228 1702 Hoc
240 1675 319 1712 quod
329 1676 359 1702 in
371 1675 462 1703 calice
471 1681 523 1711 est,
537 1675 615 1703 illud
624 1677 717 1714 ipsum
729 1682 771 1704 est
783 1676 863 1714 quod
871 1686 907 1703 ex

163 1719 368 1759 laterefluxit.
390 1720 459 1748 Cum
478 1720 573 1759 majori
596 1720 676 1749 etiam
694 1721 828 1760 ἐνεργείᾳ,
849 1721 906 1749 haec

162 1764 196 1793 de
218 1775 330 1805 corpore
357 1765 457 1794 Christi
480 1766 508 1794 in
535 1766 705 1795 Eucharistia
732 1767 853 1805 loquitur
880 1768 906 1796 in

41 1810 264 1852 T,11,P‚Homil.
285 1811 402 1840 secunda
421 1812 448 1840 in
467 1812 617 1851 Epistolam
638 1813 780 1841 secundam
800 1813 834 1841 ad
850 1814 904 1842 Ti-

11 1852 64 1881 57¹·
80 1862 101 1875 ‘-
164 1857 301 1885 motheum
318 1870 324 1885 ε
343 1870 358 1884 (ι
370 1857 405 1886 Et
428 1858 478 1886 hoc
493 1858 575 1896 igitur
592 1869 688 1898 corpus
707 1859 807 1888 Christi
822 1866 860 1888 est
882 1867 907 1888 et

166 1904 247 1933 illud.
273 1905 327 1939 Qui
352 1915 415 1933 vero
436 1912 513 1944 putat
537 1905 588 1934 hoc
608 1906 697 1934 minus
721 1906 768 1935 illo
790 1917 860 1941 esse,
884 1907 906 1935 is

165 1950 247 1978 nescit
264 1950 402 1979 Christum
418 1951 498 1979 etiam
518 1961 589 1979 nunc
609 1951 699 1980 adesse
717 1959 742 1980 et
761 1953 904 1991 operari.»

164 1995 215 2023 Hie
238 2006 302 2025 vero
322 1996 443 2034 loquitur
459 1996 492 2024 de
508 1995 642 2025 sacerdote
660 1996 823 2026 sacrificium
842 1998 907 2027 offe-

165 2048 249 2071 rente.

206 2088 282 2116 Circa
301 2087 462 2127 poenitentiae
480 2095 674 2116 sacramentum
692 2087 727 2116 de
745 2089 907 2118 confessione

164 2134 290 2171 loquens,
310 2133 437 2172 lucifugis
455 2133 559 2162 errandi
579 2134 738 2171 materiam,
759 2142 828 2163 recte
848 2145 907 2163 sen-

165 2180 294 2208 tientibus
312 2180 470 2219 scrupulum
489 2180 580 2219 injecit
599 2180 824 2220 Chrysostomus‚
846 2191 907 2209 eum

16 2240 154 2270 vsa-9490·
168 2226 294 2254 Oratione
304 2226 397 2264 quinta
410 2225 444 2254 de
452 2226 719 2265 lncomprehensibili
731 2226 814 2256 dicit:
826 2240 839 2253 ιι
848 2230 907 2255 Nox-i

16 2279 36 2293 Ε·
49 2272 73 2294 d·
168 2278 193 2300 te
212 2272 239 2299 in
254 2271 387 2299 theatrum
403 2281 591 2300 conservorum
606 2279 715 2301 tuorum
725 2271 805 2307 duco,
823 2283 909 2310 neque

168 2317 326 2346 hominibus
346 2324 452 2356 peccata
472 2318 590 2346 revelare
612 2328 677 2356 cogo
695 2331 700 2346 ι
718 2318 909 2347 conscientiam

169 2373 242 2394 tuam
263 2364 384 2404 expende
398 2375 488 2394 coram
503 2366 573 2401 Deo,
589 2365 698 2394 ostende
717 2366 768 2404 ipsi
787 2365 909 2401 vulnera,

169 2418 196 2440 et
212 2411 247 2439 ab
262 2421 292 2439 eo
312 2410 504 2439 medicamenta
525 2411 640 2450 postula.
655 2424 669 2438 n
688 2412 742 2440 Hac
761 2411 795 2440 de
813 2423 842 2440 re
860 2422 912 2440 nou

170 2467 269 2496 paucos
283 2456 410 2484 haerentes
422 2455 491 2491 vidi,
507 2457 701 2495 nonnullosque
713 2457 867 2486 dubitantes
879 2468 912 2486 an

170 2503 217 2531 illo
235 2512 292 2531 aevo
309 2502 436 2530 confessio
458 2509 627 2541 peccatorum
647 2502 777 2531 sacerdoti
792 2503 911 2532 facienda

170 2548 199 2577 in
220 2559 269 2576 usu
289 2555 355 2576 esset
377 2547 542 2585 Antiochiae,
563 2548 611 2576 ubi
628 2548 685 2576 liaec
706 2548 780 2577 dicta
801 2549 915 2588 protulit

173 2595 392 2634 Chrysistomus.
423 2594 484 2624 Non
516 2594 684 2624 advertentes
721 2595 810 2634 ipsum
843 2596 914 2625 libro

956 241 1033 271 tertio
1053 241 1087 270 de
1108 241 1262 271 Sacerdotio
1287 240 1391 277 dicere,
1417 240 1567 269 sacerdotes
1587 252 1695 280 prorsus
1709 251 1846 280 1143&-

956 287 1088 327 purgandi
1104 294 1260 325 potestatem
1274 286 1424 326 accepisse,
1441 292 1466 314 et
1481 293 1541 325 post
1555 296 1694 325 regenera-
1707 283 1730 304 ¹¹·
1744 291 1763 303 ι’·

956 335 1053 361 tionem
1069 333 1184 362 admissa
1206 339 1312 372 peccata
1333 331 1483 361 condonare
1504 344 1579 372 posse
1595 346 1600 360 :
1616 339 1695 370 atque

954 380 1029 415 adeo,
1045 390 1106 408 cum
1121 379 1154 408 de
1165 380 1326 408 confessione
1341 386 1510 418 peccatorum
1525 379 1652 417 loquitur,
1668 379 1694 406 id
1708 383 1736 403 T·
1752 390 1769 403 ι.
1783 392 1796 411 p
1810 384 1847 405 2¹3.

955 436 1024 464 saepe
1047 426 1081 454 de
1102 426 1152 454 hoc
1172 425 1340 453 sacerdotum
1370 425 1519 454 ministerio
1542 425 1695 461 intelligon-
1708 414 1851 467 Ξρζιῧὲζὴ

955 472 1021 500 dum
1036 483 1109 509 esse;
1128 479 1156 500 ut
1173 483 1233 500 cum
1248 471 1325 505 dicit,
1342 479 1401 510 post
1421 479 1557 510 peccatum
1577 471 1612 500 ad
1629 482 1695 499 con-
1713 476 1763 511 ¹⁵¹?
1791 484 1810 496 c.
1829 481 1851 496 ci

955 519 1094 546 sessionem
1109 529 1164 546 esse
1179 517 1344 557 pergendum
1355 539 1361 548 ,
1375 524 1400 545 et
1414 518 1604 546 confessionem
1619 528 1695 545 coui-
1708 508 1814 559 {3¹:¹2¹Jdl''

957 564 1078 592 munioni
1089 575 1143 592 esse
1160 564 1381 602 praemittendam.
1399 564 1504 592 Clarius
1519 575 1574 592 rem
1588 564 1696 603 profert,
1710 578 1737 598 T,
1750 584 1802 605 24,-
1813 578 1849 604 '02-

957 621 1020 638 cum
1035 610 1166 638 sacerdoti
1190 610 1276 637 ulcera
1295 620 1351 638 esse
1370 610 1562 638 manifestanda
1581 621 1697 649 pronun-
1711 617 1732 660 ξ
1746 618 1766 637 ι’·
1782 610 1836 636 407·

957 657 1020 691 tiat,
1041 658 1079 695 τῷ
1097 658 1161 694 ἱερεῖ
1181 656 1261 688 δεῖξον
1282 657 1312 684 τὸ
1333 656 1407 688 ἕλκος
1425 667 1431 683 :
1449 667 1496 695 per
1511 656 1701 684 consessionem
1719 649 1735 660 ¹*

958 702 1038 738 euim,
1051 702 1148 739 inquit,
1166 709 1336 739 peccatorum
1348 702 1449 729 sarcina
1460 702 1613 740 deponitur.
1629 702 1703 730 Licet

958 758 1022 776 vero
1041 747 1140 786 passim
1159 747 1231 775 dicat
1251 747 1311 782 ille,
1329 747 1356 775 in
1372 747 1496 786 precibus
1512 748 1702 776 consessionem

958 795 1015 822 Deo
1031 794 1203 822 emittendam
1220 805 1292 830 esse,
1313 794 1340 822 in
1356 794 1508 822 memoratis
1525 794 1590 822 locis
1605 796 1703 823 confes-

959 842 1061 870 sionem
1080 842 1160 870 etiam
1182 842 1311 870 sacerdoti
1331 842 1480 870 faciendam
1500 852 1555 870 esse
1574 841 1700 871 declarat.

999 889 1060 918 Jam
1081 887 1115 916 ad
1130 888 1304 925 quaestionem
1319 889 1473 922 veniamus,
1493 899 1551 926 quae
1569 887 1640 916 haud
1655 888 1704 916 diu

960 941 1019 973 post
1034 933 1138 962 obitum
1155 934 1340 973 Clirysostomi
1356 934 1452 972 agitata
1469 934 1529 969 fuit,
1547 934 1600 962 imo
1615 935 1641 961 iu
1657 944 1704 962 ex-

960 980 1052 1008 tremis
1068 981 1124 1019 ejus
1146 980 1207 1008 vitae
1226 981 1302 1008 annis
1319 980 1426 1008 suborta
1445 988 1499 1020 est;
1521 991 1634 1018 quaeque
1647 991 1704 1008 :evo

960 1034 1049 1055 nostro
1068 1037 1116 1065 per
1130 1027 1264 1064 integrum
1280 1037 1345 1065 pene
1360 1027 1489 1054 saeculum
1503 1027 1650 1054 multorum
1663 1026 1705 1054 in-

959 1073 1036 1111 genia
1054 1073 1193 1108 exercui13
1215 1071 1249 1100 de
1269 1072 1353 1110 gratia
1374 1083 1469 1111 nempe
1484 1079 1510 1100 et
1528 1072 1613 1100 libero
1632 1073 1705 1100 arbi—

960 1119 1022 1147 trio.
1039 1119 1166 1147 Julianus
1181 1118 1252 1146 enim
1267 1125 1291 1146 et
1308 1118 1427 1146 Anianus
1443 1118 1590 1156 Pelagiani,
1610 1119 1702 1157 Chry-

958 1172 1107 1194 sostomum
1124 1165 1174 1193 sibi
1194 1165 1284 1192 favere
1301 1164 1460 1192 dictitabant
1479 1176 1484 1190 2
1504 1171 1527 1192 et
1548 1165 1704 1199 Cassianus,

959 1211 1005 1249 qui
1016 1212 1206 1250 Chrysostomo
1221 1211 1340 1244 haeserat,
1354 1210 1633 1248 Semipelagianorum
1647 1210 1704 1238 baz-

959 1267 1045 1285 reseos
1059 1264 1152 1284 auctor
1168 1256 1289 1284 habetur.
1305 1255 1359 1290 Qui
1373 1263 1462 1284 autem
1477 1256 1637 1294 hujusmodi
1653 1256 1706 1284 ha:-

960 1303 1064 1331 resibus
1080 1313 1175 1330 nomen
1195 1301 1337 1337 dederant,
1352 1309 1454 1330 tantum
1471 1302 1605 1330 doctorem
1626 1309 1705 1341 puta-

960 1349 1024 1377 bant
1046 1349 1072 1377 iu
1095 1349 1213 1376 homiliis
1234 1349 1289 1376 suis
1308 1349 1396 1376 favere
1411 1348 1478 1383 sihi,
1501 1349 1610 1387 ejusque
1628 1349 1705 1377 testi-

961 1395 1057 1423 moniis
1074 1395 1227 1430 utebantur,
1243 1401 1272 1422 ut
1284 1394 1364 1422 dictis
1378 1394 1432 1422 suis
1448 1394 1632 1422 auctoritatem
1645 1404 1705 1422 con-

960 1441 1082 1469 ciliarent
1099 1453 1104 1468 :
1122 1448 1146 1469 ct
1164 1441 1222 1468 loca
1242 1439 1315 1467 haud
1338 1439 1420 1468 dubie
1438 1440 1622 1478 proferebant,
1644 1451 1704 1478 qua?

960 1486 1123 1516 videbantur
1134 1497 1188 1514 suae
1200 1485 1304 1514 tuendae
1315 1485 1451 1514 sententiae
1462 1493 1622 1525 opportuna.
1635 1486 1705 1514 Cum

961 1534 1033 1562 enim
1053 1534 1123 1562 circa
1146 1533 1257 1571 gratiam
1278 1539 1302 1560 et
1322 1532 1438 1560 liberum
1459 1531 1601 1559 arbitrium
1619 1531 1704 1559 nihil-

961 1579 1027 1608 dum
1041 1586 1108 1608 esset
1122 1586 1211 1607 ortum
1230 1577 1273 1607 vel
1290 1577 1411 1616 scrupuli
1431 1577 1475 1605 vel
1491 1577 1702 1616 disceptationis,

961 1637 1046 1664 neque
1061 1632 1128 1654 esset
1146 1635 1187 1653 rcs
1207 1631 1261 1652 tam
1275 1623 1396 1651 difficilis
1417 1623 1494 1651 certis
1515 1634 1613 1651 vocum
1628 1623 1704 1651 limi-

961 1673 1034 1701 tibus
1048 1671 1252 1710 circumscripta
1270 1682 1276 1697 :
1291 1669 1357 1708 quid
1375 1670 1486 1705 mirum,
1502 1669 1523 1698 si
1539 1669 1703 1709 Chrysosto-

961 1729 1021 1747 mus
1038 1718 1064 1746 in
1078 1717 1266 1752 concionibus,
1284 1727 1349 1754 quas
1361 1716 1519 1755 plerumque
1533 1726 1566 1744 ex
1585 1723 1706 1754 tempore

962 1765 1163 1804 pronuntiavit,
1189 1762 1311 1802 quaedam
1334 1762 1476 1802 protulerit
1497 1762 1566 1790 circa
1591 1762 1704 1800 gratiam

962 1813 1024 1848 Dei,
1040 1823 1111 1850 quae,
1126 1811 1147 1839 si
1163 1809 1288 1839 secundis
1303 1809 1373 1837 curis
1390 1815 1414 1837 et
1429 1808 1578 1836 accuratius
1594 1814 1702 1836 tractas-

961 1865 1009 1894 set,
1029 1858 1223 1887 emendavisset
1234 1856 1307 1884 haud
1321 1855 1425 1883 dubie?
1446 1861 1475 1882 ut
1494 1861 1518 1883 et
1533 1854 1702 1892 Augustinus

961 1916 1021 1943 quae
1034 1904 1138 1944 pridem
1147 1904 1180 1931 de
1190 1903 1275 1941 gratia
1287 1902 1335 1930 Dei
1345 1908 1468 1936 senserat,
1479 1900 1576 1939 abjecit
1584 1901 1702 1936 omnino,

962 1961 1022 1979 cum
1039 1961 1067 1978 ea
1090 1949 1123 1977 de
1142 1960 1170 1977 re
1185 1956 1222 1977 tot
1237 1947 1385 1976 scribendis
1400 1946 1477 1975 libris
1493 1957 1601 1985 operam
1615 1946 1700 1975 dedit.

1002 1995 1186 2035 Chrysostomi
1211 1994 1268 2023 loca
1291 1994 1334 2021 hic
1355 1993 1494 2021 referimus
1512 2003 1518 2020 ι
1535 1992 1653 2020 Homilia
1675 1992 1701 2020 in
1715 2002 1854 2032 [3425ss

961 2042 1063 2070 dictum
1086 2041 1155 2069 illud
1177 2039 1270 2073 Pauli,
1290 2040 1439 2067 Habentes
1458 2045 1554 2066 autem
1572 2039 1702 2066 eumdem
1714 2041 1733 2055 ⁶·

961 2088 1097 2127 Spiritum
1114 2087 1187 2125 fidei
1205 2093 1268 2121 etc„
1289 2085 1346 2113 haec
1363 2084 1443 2112 habet
1458 2095 1531 2113 num.
1548 2085 1565 2113 5
1581 2096 1587 2112 ι
1601 2097 1614 2111 (ι
1629 2085 1702 2113 Illud

962 2134 1091 2162 nimirum
1106 2131 1243 2161 ostendere
1256 2131 1360 2165 volens,
1371 2130 1444 2169 quod
1456 2130 1532 2158 initio
1544 2130 1661 2167 credere,
1677 2138 1703 2160 et

962 2189 1054 2218 parere
1067 2178 1183 2212 vocanti,
1202 2183 1298 2205 nostrae
1311 2183 1348 2204 est
1360 2176 1436 2204 bonae
1448 2176 1544 2204 mentis
1561 2188 1567 2203 :
1585 2183 1612 2204 at
1625 2183 1702 2215 post-

963 2236 1043 2262 quam
1061 2225 1129 2263 jacta
1152 2223 1250 2251 fuerint
1269 2222 1332 2250 lidei
1353 2221 1539 2257 fundamenta,
1558 2222 1616 2260 jam
1636 2233 1703 2262 opus

963 2278 1001 2299 est
1015 2270 1119 2298 auxilio
1134 2269 1263 2308 Spiritus,
1279 2275 1308 2296 ut
1324 2268 1350 2297 in
1365 2268 1442 2296 nobis
1457 2275 1585 2307 perpetuo
1599 2276 1704 2298 maneat

964 2317 1119 2344 inconcussa
1135 2323 1161 2344 et
1179 2315 1407 2354 inexpugnabilis.
1422 2315 1514 2352 Neque
1532 2314 1602 2342 euim
1618 2316 1705 2350 Deus,

965 2373 1048 2400 neque
1063 2362 1181 2401 Spiritus
1196 2361 1280 2400 gratia
1297 2368 1417 2390 nostrum
1434 2360 1564 2400 praevenit
1578 2361 1705 2400 proposi-

965 2416 1037 2445 tum,
1052 2408 1097 2436 sed
1109 2408 1211 2436 tametsi
1220 2414 1304 2444 vocet,
1315 2413 1451 2446 exspectat
1461 2413 1558 2441 tamen,
1573 2413 1601 2434 ut
1613 2414 1706 2446 sponte

966 2463 991 2484 et
1006 2454 1114 2494 propria
1127 2455 1266 2483 voluntate
1278 2453 1454 2490 accedamus,
1476 2463 1507 2480 ac
1523 2459 1580 2480 tum
1596 2452 1706 2480 demum

966 2512 1026 2529 cum
1041 2500 1238 2536 accesserimus,
1254 2500 1332 2529 nobis
1345 2510 1423 2528 suum
1438 2506 1523 2528 totum
1538 2499 1647 2527 exhibet
1659 2510 1706 2527 au-

967 2547 1072 2576 xilium.
1085 2547 1205 2576 »Simile
1223 2546 1365 2585 quidpiam
1383 2545 1449 2574 dicit
1465 2545 1565 2574 Homil.
1583 2545 1609 2573 in
1624 2546 1706 2574 Joan-
1720 2553 1764 2576 T.3
1780 2557 1848 2581 p,io7

967 2605 1028 2624 nem
1042 2594 1098 2623 haec
1111 2593 1255 2632 Evangelii
1269 2593 1350 2622 verba
1367 2592 1503 2632 explicans
1517 2604 1523 2619 :
1549 2593 1708 2622 Conversus
1723 2585 1744 2605 ¹¹·
