1950 2922
314 200 383 233 δυο

306 284 338 301 ae
359 272 495 311 quomodo
517 283 563 312 per
587 271 715 300 invidiam
736 271 761 298 in
784 270 909 298 exsilium
928 271 1041 299 Joannes

306 320 405 359 pulsus
422 320 513 348 suerit.
533 319 569 347 Et
588 319 640 346 ulia
656 317 776 355 quaedam
790 328 804 344 a
820 323 908 346 sancto
931 319 990 345 viro
1007 316 1042 344 ad

306 366 386 393 finem
402 375 489 403 usque
506 365 566 393 vitze
581 370 686 402 peraeta
703 372 854 397 recensens,
874 362 974 398 multa,
988 363 1041 391 imo

305 411 434 449 plurima,
449 410 616 438 transcurrit.
632 409 749 445 Sequens
768 408 836 436 liber
851 408 944 436 laudes
958 419 1036 446 quas·

303 456 365 484 dum
383 455 498 484 breviter
517 458 586 490 (nam
602 453 726 482 brevitati
737 453 836 492 studet)
852 454 1020 492 persequitur
1031 476 1038 489 ‚

304 502 342 530 sic
356 501 485 539 incipiens
498 513 504 528 :
518 512 531 526 α
547 501 650 528 Rursus
663 499 739 527 nobis
753 499 862 528 Joannis
872 500 1011 530 memoria,
1025 512 1038 525 υ

304 547 359 582 Qui
375 546 445 573 hune
455 545 576 583 sequitur
590 545 668 573 etiam
681 545 748 573 liber
760 568 767 580 ‚
783 545 964 574 encomiorum
982 556 1038 573 mo-

303 592 368 618 dum
383 597 410 619 et
424 590 508 628 legem
521 589 626 619 excedit
639 612 645 624 ‚
663 590 840 629 praecedentes
856 597 942 619 autem
957 591 1040 619 libros

302 635 434 664 antecellit
445 636 574 674 elegantia
587 635 732 664 verborum
744 643 769 664 et
781 637 979 665 sententiarum.
995 638 1040 666 Sic

301 688 389 710 autem
412 680 541 710 orditur:
559 694 572 708 «
593 683 787 719 Argumentum
808 682 879 720 quod
896 683 1039 721 multiplici

301 737 347 756 ore
361 726 471 766 praedita
482 727 544 755 tuba
560 737 627 765 opus
639 727 748 755 haberet
757 750 763 762 ‚
776 738 846 756 nunc
858 727 935 756 video
948 728 974 756 in
986 728 1039 756 lin-

302 782 353 809 gua
377 773 475 811 puerili
500 772 646 811 periclitari
667 784 673 799 ε
695 779 720 800 et
741 773 845 801 athleue
865 773 945 802 decus
965 774 1040 803 mille

302 817 403 845 artibus
418 817 580 856 descriptum
591 840 598 853 ,
616 827 684 846 nune
700 818 850 847 infirmatur
862 819 929 847 mihi
944 819 1038 848 artifici

302 863 468 902 impositum.
487 875 500 889 n
522 864 578 892 Hoc
591 870 629 891 est
646 864 806 902 prooemium
825 877 831 893 :
848 877 861 891 «
878 865 954 893 Alius
972 865 1038 894 dum

300 909 405 947 rapitur
417 931 423 943 ,
438 909 556 936 illumin
575 909 708 937 auxilium
724 909 850 943 attrahit;
874 910 942 938 alius
955 911 979 939 in
989 913 1038 950 ju-

299 954 401 982 dicium
411 954 506 982 ‹luetus
516 977 522 989 ,
535 961 680 993 patronum
691 954 816 990 advocat3
829 955 898 983 alius
907 956 1036 992 esuriens,

299 999 390 1027 eibum
401 999 532 1038 postulat3
548 999 636 1028 nudus
648 1007 761 1036 vestem3
774 1000 842 1029 alius
856 1001 934 1030 illum
946 1003 1035 1039 exuit;

299 1047 370 1075 alius
385 1047 477 1084 lugens
492 1047 696 1075 consolationem
707 1048 791 1086 petit;
806 1048 874 1076 alius
886 1049 911 1076 in
925 1048 1038 1078 vinculis

299 1093 395 1120 clamat
414 1100 438 1121 et
455 1093 523 1121 solvi
542 1093 667 1131 postulat.
687 1093 803 1122 Attrahit
821 1093 901 1122 illum
922 1095 991 1123 alius
1005 1095 1039 1123 ad

300 1137 454 1165 morborum
463 1138 639 1172 curationem3
649 1138 805 1177 peregrinus
813 1139 961 1178 hospitium
969 1141 1041 1168 effla-

301 1182 384 1220 gitat3
402 1183 471 1210 alius
486 1194 513 1210 se
525 1183 618 1210 sistens
633 1183 666 1211 de
678 1182 769 1211 debito
783 1183 954 1222 lamentatur3
970 1186 1039 1214 alius

299 1227 378 1255 illum
403 1228 535 1256 arbitrum
559 1235 585 1256 et
607 1228 809 1267 pacificatorem
833 1229 1039 1260 domesticarum

299 1272 438 1300 turbarum
453 1274 562 1301 accersit
576 1285 581 1300 ε
596 1283 682 1310 neque
696 1274 730 1302 ad
742 1274 825 1302 alium
840 1285 934 1304 servus
945 1278 1038 1305 eonsu-

299 1317 354 1355 git,
368 1328 486 1346 amaram
498 1318 556 1346 heri
568 1317 781 1357 indignationem
791 1319 934 1359 deplorans
944 1322 1039 1351 :vidua

299 1363 411 1397 clamat,
428 1366 586 1398 ,Illiserere;
609 1365 659 1393 alia
683 1366 717 1394 de
739 1367 851 1395 orbitate
871 1367 1040 1399 lamentatur.

297 1409 449 1438 Innumerae
471 1410 542 1449 patri
563 1411 684 1448 quotidie
702 1411 829 1441 accidunt
842 1423 903 1451 erga
918 1414 1040 1453 singulos

297 1462 323 1483 et
337 1466 386 1494 pro
407 1456 522 1494 singulis
542 1457 709 1485 mutationes.
730 1458 846 1497 Rapitur
861 1459 938 1497 quiS,
955 1467 980 1489 et
992 1471 1039 1499 pa-

296 1508 390 1530 tronus
401 1508 439 1530 est
454 1509 527 1540 pater
546 1514 552 1529 :
570 1502 655 1531 fames
667 1503 801 1532 excruciat
814 1526 822 1541 ,
839 1511 864 1533 et
878 1516 912 1533 ex
927 1513 1038 1544 patrono

296 1547 424 1575 nutritius
435 1547 564 1576 eflicitur:
578 1548 728 1576 infirmatur
739 1549 812 1586 quis,
823 1556 847 1578 et
862 1550 888 1578 in
902 1551 1038 1580 medicum

297 1594 425 1622 nutritius
447 1601 564 1623 mutatur
587 1607 592 1622 :
615 1595 641 1623 in
665 1595 766 1624 luctum
789 1597 849 1635 quis
874 1598 987 1635 incidit,
1013 1608 1038 1630 et

296 1640 440 1668 nosocomii
455 1647 561 1669 curator
584 1641 707 1669 solatium
732 1643 808 1671 affert
826 1655 832 1671 :
849 1645 931 1673 instar
946 1646 1037 1686 hospi-

295 1692 352 1714 tum
364 1696 426 1714 cura
437 1709 445 1720 ,
466 1693 489 1714 et
503 1687 638 1725 hospitum
652 1695 777 1726 exceptor
792 1696 831 1717 est
846 1690 867 1718 is
880 1691 928 1728 qui
942 1693 1034 1720 omnia

295 1731 404 1759 effectus
421 1739 468 1760 cst.
488 1732 521 1760 Et
537 1732 601 1770 quid
616 1733 707 1762 attinet
725 1734 829 1773 singula
845 1735 955 1765 dicere?
971 1746 1035 1776 quot

295 1777 422 1815 temporis
437 1785 567 1805 momenta
578 1778 660 1806 vitam
674 1779 731 1817 ejus
746 1790 849 1809 emensa
869 1789 930 1810 sunt
948 1786 988 1819 (ut
1002 1795 1035 1813 ne

294 1821 381 1849 solum
393 1823 451 1860 ejus
462 1823 722 1862 archiepiscopatum
734 1832 948 1864 commemorem)
958 1851 966 1865 ‚
978 1836 1033 1858 tan·
1042 1845 1064 1863 ῳ

293 1873 319 1894 ta
333 1866 489 1895 salutarium
499 1878 610 1907 operum
622 1869 735 1898 varietas
746 1871 867 1901 homines
878 1873 904 1900 in
919 1873 1034 1904 decursu

294 1922 442 1951 numquam
464 1913 582 1952 reliquit.
605 1915 629 1943 Ο
661 1922 799 1944 strenuum
821 1918 932 1947 militem
953 1921 1034 1950 etiam

293 1966 352 1997 post
362 1958 487 1987 mortem.
497 1970 512 1988 o
523 1967 697 1998 pugnatorem
708 1969 767 2000 post
777 1963 942 2001 sepulturam
953 1966 1034 1995 hosti-

293 2003 344 2032 bus
356 2004 568 2034 formidabilem'
585 2016 600 2033 0
617 2006 704 2045 lyram
723 2008 793 2035 omni
813 2008 950 2038 hannonia
965 2022 1034 2050 prae-

292 2049 393 2084 ditam,
405 2057 489 2078 morte
499 2050 632 2079 solutam!
649 2063 664 2079 0
680 2052 827 2081 tribunalia
843 2061 915 2084 tanto
927 2058 1032 2086 concin-

293 2101 385 2123 natole
399 2095 506 2124 orbata!
527 2106 542 2124 o
562 2097 704 2125 salutarem
729 2098 885 2128 hominihus
910 2111 1031 2140 sagenam

294 2142 320 2169 in
335 2142 430 2170 caelum
447 2142 566 2182 raptam!
582 2155 597 2172 o
612 2145 735 2173 arborem
749 2147 776 2174 in
790 2147 885 2176 caelum
896 2156 920 2177 et
937 2149 962 2178 in
978 2157 1031 2179 ter-

294 2199 350 2216 ram
364 2195 498 2217 extensam
508 2212 516 2226 ,
538 2197 562 2219 et
577 2191 640 2219 huie
655 2203 766 2230 corpus,
785 2193 826 2221 illi
840 2195 955 2224 animam
973 2203 1030 2225 tra·-

294 2233 416 2262 dentem!
427 2235 454 2262 in
471 2236 611 2274 sepulchro
626 2247 654 2265 os
667 2238 794 2267 Ecclesiae
806 2241 960 2271 conclusum
981 2250 1028 2272 est.

294 2278 389 2313 Qualis
405 2279 508 2317 pietatis
522 2290 555 2309 ex
576 2282 729 2310 hominibus
748 2284 841 2313 oculus
862 2293 954 2324 raptus
971 2289 1032 2317 est?

293 2326 352 2354 Non
371 2331 492 2353 mortuus
506 2335 532 2353 es
544 2349 551 2362 ,
576 2335 664 2356 sancte
685 2335 776 2367 pater,
794 2330 840 2358 sed
859 2338 888 2359 ut
905 2333 945 2361 sol
960 2334 1030 2362 ocei-

292 2370 357 2398 disti
378 2381 384 2398 ε
407 2380 459 2398 non
481 2377 510 2398 ut
531 2379 682 2411 mortuum,
703 2374 750 2402 sed
769 2383 798 2404 ut
822 2377 898 2406 nobis
919 2379 1032 2408 abscon-

292 2417 380 2445 ditum
402 2417 550 2455 lugemus:
566 2429 617 2447 non
635 2427 664 2448 ut
677 2429 811 2451 mortuum
828 2431 852 2453 te
869 2427 1029 2464 quaerimus,

292 2463 341 2492 sed
358 2470 386 2491 ut
401 2463 428 2491 in
448 2463 524 2492 caelos
539 2465 733 2495 translatum.»
751 2469 825 2497 Talia
846 2471 922 2500 esselt
937 2473 1030 2502 tertius

292 2509 369 2537 liber.

331 2554 413 2583 Liber
427 2554 505 2582 etiam
516 2561 626 2592 quartus
638 2557 821 2587 encomiorum
837 2561 950 2591 sormam
965 2565 1028 2592 reti·
1047 2573 1063 2596 Β

290 2607 348 2638 net,
368 2599 480 2629 laudum
498 2600 604 2630 initium
619 2601 718 2631 ducens
736 2614 770 2633 ex
793 2605 891 2635 honore
907 2610 1022 2646 parenti-

1056 1455 1074 1478 E

893 208 1060 232 'rESTtMON
1067 209 1073 230 Ι
1080 208 1097 229 A
1127 208 1255 231 VETERU
1261 209 1284 232 M

1100 270 1239 308 ὑπερορίαν
1265 270 1420 309 ἐψηφίσατο.
1446 271 1498 299 Καί
1520 283 1577 301 τινα
1598 275 1648 302 τῶν
1671 274 1751 313 μέχρι
1774 274 1863 306 τέλους

1100 317 1209 354 ἱστορῶν
1224 318 1261 355 τῷ
1277 317 1404 355 θεσπεσίῳ
1416 317 1489 355 ἀνδρὶ
1508 319 1695 356 διηνυσμένων,
1711 320 1743 348 τὰ
1763 320 1861 353 πολλὰ,

1099 362 1198 398 μᾶλλον
1212 361 1238 389 δὲ
1255 361 1287 390 τὰ
1304 363 1426 396 πλεῖστα,
1442 363 1613 402 παρατρέχει.
1628 364 1661 393 Ὁ
1676 365 1703 393 δὲ
1718 364 1807 403 ἐφεξῆς
1821 365 1863 392 λό-

1097 418 1140 444 γος
1155 407 1274 439 ἐπαίνους
1288 407 1360 439 τινὰς
1373 408 1560 447 ὁλιγοστίχους,
1579 410 1624 438 καὶ
1640 411 1715 443 αὐτὸς
1730 410 1862 448 ὀλιγόστι-

1095 462 1140 488 χος
1157 451 1204 486 ὧν,
1216 452 1386 491 διαπεραίνει,
1397 454 1542 492 ἀρχόμενος
1554 450 1617 483 ‹382-
1632 456 1719 484 Πάλιν
1731 457 1795 493 ἡμῖν
1804 455 1862 483 Ἰω-

1097 496 1172 525 άννου
1189 497 1219 525 τὸ
1238 498 1411 535 μνημόσυνον.
1427 498 1460 527 ‘O
1481 499 1507 528 δὲ
1529 500 1596 537 μετὰ
1615 503 1704 529 τοῦτον
1725 500 1863 538 ἐγκωμίων

1098 541 1144 579 μὲν
1157 543 1201 571 καὶ
1215 542 1292 575 αὐτὸς
1306 544 1448 583 ὑπέρχεται
1462 545 1564 582 νόμους,
1576 546 1693 585 διαφέρει
1708 546 1734 574 δὲ
1746 547 1798 574 τῶν
1813 546 1864 584 πρὸ

1097 589 1175 616 αὐτοῦ
1192 590 1225 626 τῇ
1246 590 1425 627 καλλονῇ-τῶν
1444 602 1472 618 τε
1489 591 1613 628 ῥημάτων
1631 591 1675 620 καὶ
1692 594 1743 619 τῶν
1762 591 1862 628 νοημά-

1097 645 1157 662 των,
1172 635 1378 672 Προοιμιάζεται
1396 635 1422 664 δὲ
1442 635 1523 664 οὕτω“
1546 637 1718 674 Πολυστόμου
1736 637 1783 671 τὴν
1806 648 1863 665 πα-

1098 682 1190 718 ροῦσαν
1209 681 1330 709 ὑπόθεσιν
1351 681 1494 720 σάλπιγγος
1509 683 1632 720 δεομένην
1652 684 1678 711 ἐν
1694 684 1802 719 παιδικῇ
1818 685 1862 710 νῦν

1096 727 1148 762 ὁρῶ
1168 726 1363 754 κινδυνεύουσαν
1378 726 1495 766 γλώττῃ,
1510 728 1554 756 καὶ
1575 728 1669 761 κάλλος
1684 730 1796 763 ἀῡλητοῦ
1812 740 1863 765 μυ-

1098 770 1164 809 ρίαις
1181 771 1391 810 συγγραφόμενον
1405 772 1510 811 τέχναις
1525 774 1625 802 ἀσθενεῖ
1643 777 1696 809 νῦν,
1709 775 1745 806 εἷς
1760 773 1862 812 γραφὴν

1096 815 1154 852 ἐμοὶ
1176 816 1281 855 τεχνίτῃ
1303 818 1485 856 προκείμενον.
1502 818 1541 846 Τὸ
1562 818 1608 856 μὲν
1624 819 1760 857 προοίμιον
1777 822 1862 848 τοιοῦ-

1095 873 1138 889 τον
1147 873 1153 880 ·
1167 861 1258 894 Ἄλλος
1277 862 1355 891 αὐτὸν
1370 863 1441 891 ἕλκει
1455 863 1563 901 βοηθὸν,
1579 864 1756 902 ἁρπαζόμενος
1765 887 1772 900 ,
1786 865 1862 896 ἄλλος

1095 908 1169 935 καλεῖ
1185 907 1352 945 δικαζόμενος
1367 908 1485 937 σύνδικον
1499 920 1505 926 ·
1519 910 1595 941 ἄλλος
1608 912 1703 938 πεινῶν
1717 910 1782 948 ὑπὲρ
1797 921 1860 948 τρο-

1096 954 1145 991 φῆς
1161 953 1288 989 ἱκετεύει,
1309 954 1404 992 γυμνὸς
1423 954 1487 992 ὑπὲρ
1510 954 1650 991 ἐνδύματος
1662 965 1668 971 ·
1688 956 1766 988 ἄλλος
1783 955 1860 984 αὐτὸν

1095 998 1210 1027 ἀποδύει·
1223 999 1298 1032 ἄλλος
1312 1001 1413 1027 πενθῶν
1426 1001 1461 1032 εἷς
1473 1000 1638 1038 παράκλησιν
1653 1002 1745 1029 δεῖται·
1759 1002 1862 1039 δεσμῶν

1097 1044 1181 1083 ἕτερος
1201 1045 1361 1079 ἅπολυθῆναι
1384 1048 1444 1084 βοᾷ·
1463 1046 1534 1074 ἕλκει
1554 1058 1592 1078 τις
1607 1046 1684 1075 αὐτὸν
1702 1047 1778 1080 ἄλλος
1797 1048 1862 1086 πρὸς

1095 1090 1176 1118 νόσων
1192 1090 1343 1130 ἐπίσκεψιν·
1359 1091 1426 1124 ξενος
1440 1092 1505 1119 αἰτεῖ
1519 1092 1696 1145 καταγώγιον
1714 1092 1797 1131 ἕτερος
1809 1106 1861 1122 πα-

1099 1135 1194 1172 ραστὰς
1212 1135 1289 1174 χρέος
1310 1136 1445 1173 ὀδύρεται·
1461 1137 1566 1169 ἄλλος
1555 1137 1672 1171 επόπτην
1689 1150 1734 1166 και
1754 1139 1861 1166 διαλλά

1098 1192 1160 1215 κτην
1182 1183 1233 1209 τῶν
1256 1183 1314 1209 κατ’
1339 1192 1408 1209 οικον
1430 1193 1461 1218 ’.ιε
1465 1182 1633 1219 ταπέμπεται
1657 1183 1790 1212 στάσεων·
1803 1183 1860 1213 οὐδὲ

1098 1226 1185 1258 δοῦλος
1201 1226 1263 1265 πρὸς
1278 1227 1356 1255 ἄλλον
1372 1226 1546 1265 καταφεύγει,
1558 1229 1584 1256 6=
1587 1227 1701 1257 σπότουι
1693 1230 1789 1268 πικρὰν
1803 1231 1863 1258 ὄλο-

1098 1271 1239 1309 φυρόμενος
1255 1271 1433 1310 ἀγανάκτησιν
1442 1282 1448 1288 ·
1461 1273 1534 1311 χήρα
1547 1275 1595 1312 βοᾷ·
1608 1273 1647 1309 τὸ,
1662 1274 1778 1308 ἐλέησον·
1792 1275 1859 1310 ἄλλη

1097 1317 1144 1351 τὴν
1159 1317 1284 1356 ὀρφανίαν
1299 1317 1427 1357 ὀδύρεται.
1449 1319 1550 1356 Μυρίαι
1570 1321 1607 1358 τῷ
1624 1320 1706 1359 πατρὶ
1722 1322 1780 1348 καθ’
1795 1322 1861 1350 ἑκά-

1097 1374 1161 1398 στην
1172 1363 1236 1402 πρὸς
1250 1363 1375 1397 ἑκάστους
1387 1364 1451 1403 ὑπὲρ
1466 1365 1575 1393 ἑκάστου
1589 1366 1693 1404 τροπαί.
1704 1365 1860 1405 Ἁρπάζεταί

1097 1420 1146 1443 τις,
1163 1408 1207 1437 καὶ
1216 1409 1355 1447 συνήγορος
1371 1412 1384 1438 6
1398 1410 1486 1450 πατήρ
1497 1421 1502 1426 ·
1515 1410 1592 1448 λιμὸς
1612 1412 1728 1450 ἐνοχλεῖ,
1742 1413 1786 1440 καὶ
1800 1425 1860 1452 τρο-

1097 1453 1156 1492 φεὺς
1171 1456 1199 1483 ἐκ
1221 1455 1362 1495 συνηγόρου
1383 1455 1482 1494 γίνεται
1492 1467 1497 1473 ’
1510 1460 1580 1484 νοσεῖ
1596 1469 1649 1492 τις,
1666 1458 1710 1486 καὶ
1723 1459 1758 1490 εἷς
1773 1459 1860 1497 ἰατρὸν

1096 1502 1109 1528 ὁ
1120 1501 1228 1540 τροφεὺς
1241 1501 1433 1538 μεταέάλλεται
1442 1514 1448 1519 ·
1460 1502 1546 1530 πένθει
1557 1515 1596 1535 τις
1608 1504 1802 1542 περιπέπτωκε,
1815 1505 1859 1533 καὶ

1095 1547 1108 1573 6
1131 1545 1272 1583 νοσοκόμος
1293 1546 1440 1584 εὑρίσκεται
1464 1547 1641 1586 παραμύθιον·
1666 1548 1742 1581 ξένων
1762 1549 1858 1585 ἐπέστη

1095 1591 1206 1629 φροντὶς,
1219 1603 1263 1620 και
1279 1591 1408 1647 ξενοδόχος
1421 1594 1434 1620 6
1446 1593 1532 1621 πάντα
1543 1593 1654 1632 γεγονὼς
1667 1594 1858 1624 ἀναδείκνυται.

1095 1637 1146 1666 Koa
1165 1638 1191 1665 τί
1209 1638 1260 1676 χρὴ
1281 1640 1338 1666 καθ’
1358 1639 1465 1667 ἕκαστον
1487 1640 1516 1668 λ
1505 1651 1586 1677 γειν;
1604 1639 1652 1668 ὅσα
1673 1641 1767 1680 χρόνου
1790 1641 1856 1680 μέρη

1094 1683 1136 1711 τὸν
1151 1695 1193 1711 εκε
1197 1695 1249 1711 ινου
1267 1684 1350 1722 βίον
1337 1685 1424 1722 οιεμέτ
1415 1697 1503 1724 ρησεν
1517 1685 1569 1720 (ι’να
1586 1685 1622 1723 μὴ
1636 1698 1683 1720 την
1697 1687 1858 1725 ἀρχιερωσυ-

1093 1741 1156 1767 νην
1153 1729 1198 1757 ιιόν
1201 1741 1232 1764 rv
1247 1730 1284 1758 λε
1277 1730 1338 1768 γιι,))
1352 1731 1465 1766 τοσαύτη
1479 1743 1535 1763 τους
1549 1732 1699 1771 ἀνθρώπους
1713 1733 1795 1771 ἔργων
1808 1744 1856 1761 σω-

1091 1775 1188 1813 τηρίων
1203 1776 1319 1804 ποικιλία
1332 1779 1458 1815 προϊοῦσα
1473 1779 1500 1805 οὖ
1514 1777 1682 1806 διέλιπεν.’ῼ
1695 1778 1856 1815 στρατιώτου

1092 1820 1136 1848 καὶ
1154 1821 1220 1858 μετὰ
1233 1821 1356 1857 τελευτὴν
1372 1822 1497 1861 ἀριστέως
1506 1833 1511 1837 ”
1529 1823 1550 1850 ὃ)
1561 1823 1678 1861 λυπηροῦ
1692 1827 1743 1855 τοῖς
1755 1824 1857 1863 ἐχθροῖς

1093 1866 1136 1894 καὶ
1154 1866 1221 1905 μετὰ
1235 1867 1314 1906 τάφον
1332 1868 1439 1896 ὁπλίτου
1450 1877 1457 1884 ·
1471 1868 1492 1896 ὣ
1510 1869 1688 1908 παναρμονίας
1704 1868 1793 1909 λύρας,
1812 1882 1856 1898 τε·

1093 1914 1169 1950 λευτῇ
1185 1914 1327 1951 λελυμένης
1339 1923 1344 1928 ·
1365 1914 1386 1941 ὢ
1403 1914 1578 1952 δικαστηρίων
1593 1916 1745 1949 τηλικοῦτον
1764 1917 1855 1954 ῥυθμι-

1092 1957 1154 1992 στῆν
1174 1959 1360 1996 ε’ζημιωμένιιη
1375 1969 1380 1974 ’
1395 1959 1416 1987 ὣ
1437 1959 1566 1998 σωτηρίου
1588 1963 1641 1991 τοῖς
1660 1959 1804 1999 ἀνθρώποις
1819 1962 1855 1994 εἶς

1089 2003 1195 2042 οὐρανὸν
1211 2005 1422 2042 ἀναρπασθείσης
1434 2005 1563 2043 σαγήνης·
1582 2004 1603 2032 ὦ
1618 2005 1720 2042 δένδρου
1736 2006 1800 2043 πρὸς
1813 2008 1855 2034 οὒ-

1091 2049 1164 2087 ρανὸν
1179 2050 1223 2077 καὶ
1237 2052 1285 2088 γῆν
1303 2051 1477 2089 μερισθέντος,
1490 2051 1534 2078 καὶ
1551 2052 1584 2088 τῇ
1601 2050 1646 2087 μὲν
1661 2050 1690 2077 τὸ
1705 2051 1799 2086 σῶμα,
1816 2052 1854 2090 τῷ

1088 2095 1114 2122 δὲ
1130 2094 1176 2129 τὴν
1189 2095 1277 2134 ψυχὴν
1291 2095 1472 2134 παρασχόντος
1482 2107 1488 2113 ·
1500 2097 1525 2123 ἐν
1540 2096 1613 2134 τάφῳ
1630 2096 1659 2124 τὸ
1673 2097 1720 2129 τῆς
1733 2095 1854 2132 Ἐκκλη-

1088 2141 1145 2172 σίας
1167 2141 1365 2178 συγκέκλεισται
1381 2141 1474 2178 στόμα.
1491 2137 1553 2173 Οἶος
1567 2141 1698 2173 εὐσεδείας
1713 2141 1739 2173 ἐξ
1754 2141 1854 2180 ἀνθρώ»

1087 2197 1142 2214 πων
1160 2187 1290 2224 ὀφθαλμὸς
1307 2186 1472 2225 ἀνηρπάσθη.
1486 2188 1525 2215 Οὐ
1539 2187 1680 2222 τέθνηκας,
1702 2186 1723 2214 ὣ
1739 2188 1852 2226 μακάριε

1086 2232 1181 2270 πάτερ,
1198 2233 1255 2260 ἀλλ’
1275 2234 1309 2264 ὡς
1323 2232 1395 2266 ἥλιος
1409 2233 1481 2264 ἔδυς·
1496 2233 1544 2270 οὐχ
1562 2234 1596 2265 ὡς
1613 2232 1786 2264 ἀποθανόντος
1804 2234 1852 2261 ἀλ-

1086 2280 1190 2315 γοῧμεν,
1208 2278 1264 2306 ἀλλ’
1279 2279 1314 2310 ὡς
1330 2280 1392 2315 ἡμῖν
1408 2278 1588 2316 κεκρυμμένου
1600 2290 1606 2295 ·
1619 2279 1668 2316 οὐχ
1676 2280 1710 2310 ὡς
1724 2280 1852 2308 τεθνεῶτα

1087 2325 1226 2361 ζητοῦμεν,
1252 2325 1309 2352 ἀλλ’
1335 2326 1370 2356 ὡς
1397 2325 1432 2355 εἷς
1447 2323 1566 2362 οὐρανοὺς
1582 2323 1757 2362 μεταστάντα.
1774 2324 1852 2354 Ἀλλὰ

1087 2371 1194 2398 τοιαῦτα
1211 2369 1257 2407 μὲν
1273 2369 1317 2397 καὶ
1329 2371 1341 2398 ὁ
1355 2369 1440 2408 τρίτος
1451 2370 1536 2408 λόγος.

1122 2567 1351 2605 Ἔγκωμιαστικοῧ
1363 2567 1389 2596 δὲ
1402 2566 1481 2595 τύπον
1493 2567 1537 2595 καὶ
1554 2569 1566 2594 6
1578 2566 1699 2605 τέταρτος
1712 2566 1845 2603 διασώζει,

1085 2614 1112 2640 ἐκ
1126 2615 1169 2640 τοῦ
1181 2613 1231 2640 δεῖν
1246 2617 1324 2651 τιμξὲν
1337 2612 1451 2651 πατέρας
1466 2614 1517 2639 τῶν
1530 2612 1641 2640 ἐπαίνων
1655 2613 1847 2651 ἀπαρχόμενος
