<?xml version="1.0" encoding="UTF-8"?>
<!DOCTYPE html PUBLIC "-//W3C//DTD XHTML 1.0 Transitional//EN"
    "http://www.w3.org/TR/xhtml1/DTD/xhtml1-transitional.dtd">
<html xmlns="http://www.w3.org/1999/xhtml" xml:lang="en" lang="en">
 <head>
  <title>
</title>
<meta http-equiv="Content-Type" content="text/html;charset=utf-8" />
  <meta name='ocr-system' content='tesseract 3.04.00' />
  <meta name='ocr-capabilities' content='ocr_page ocr_carea ocr_par ocr_line ocrx_word'/>
</head>
<body>
  <div class='ocr_page' id='page_1' title='image "./operaomniaquaeex13johnuoft_0089.png"; bbox 0 0 1910 2907; ppageno 0'>
   <div class='ocr_carea' id='block_1_1' title="bbox 0 1378 37 1402">
    <p class='ocr_par' dir='ltr' id='par_1_1' title="bbox 0 1378 37 1402">
     <span class='ocr_line' id='line_1_1' title="bbox 0 1378 37 1402; baseline 0 0"><span class='ocrx_word' id='word_1_1' title='bbox 0 1378 37 1402; x_wconf 73' lang='lat'>29.</span> 
     </span>
    </p>
   </div>
   <div class='ocr_carea' id='block_1_2' title="bbox 0 2385 37 2410">
    <p class='ocr_par' dir='ltr' id='par_1_2' title="bbox 0 2385 37 2410">
     <span class='ocr_line' id='line_1_2' title="bbox 0 2385 37 2410; baseline 0.027 -1"><span class='ocrx_word' id='word_1_2' title='bbox 0 2385 37 2410; x_wconf 76' lang='lat'>30.</span> 
     </span>
    </p>
   </div>
   <div class='ocr_carea' id='block_1_3' title="bbox 525 209 1172 235">
    <p class='ocr_par' dir='ltr' id='par_1_3' title="bbox 525 209 1172 235">
     <span class='ocr_line' id='line_1_3' title="bbox 525 209 1172 235; baseline -0.003 -1"><span class='ocrx_word' id='word_1_3' title='bbox 525 212 567 234; x_wconf 80' lang='lat' dir='ltr'>DE</span> <span class='ocrx_word' id='word_1_4' title='bbox 593 211 672 234; x_wconf 61' lang='lat' dir='ltr'>Vth</span> <span class='ocrx_word' id='word_1_5' title='bbox 700 212 730 235; x_wconf 84' lang='lat' dir='ltr'>S.</span> <span class='ocrx_word' id='word_1_6' title='bbox 758 209 899 235; x_wconf 63' lang='lat' dir='ltr'>JOANNIS</span> <span class='ocrx_word' id='word_1_7' title='bbox 925 209 1172 233; x_wconf 75' lang='lat' dir='ltr'>cttnYSOS&#39;th.</span> 
     </span>
    </p>
   </div>
   <div class='ocr_carea' id='block_1_4' title="bbox 70 271 836 360">
    <p class='ocr_par' dir='ltr' id='par_1_4' title="bbox 70 271 836 360">
     <span class='ocr_line' id='line_1_4' title="bbox 70 271 835 314; baseline 0 -12"><span class='ocrx_word' id='word_1_8' title='bbox 70 272 237 308; x_wconf 78' lang='grc' dir='ltr'>Ἀντωνίνου,</span> <span class='ocrx_word' id='word_1_9' title='bbox 260 271 390 311; x_wconf 78' lang='grc' dir='ltr'>ἐπιμένων</span> <span class='ocrx_word' id='word_1_10' title='bbox 414 274 448 312; x_wconf 77' lang='grc' dir='ltr'>τῇ</span> <span class='ocrx_word' id='word_1_11' title='bbox 473 274 627 314; x_wconf 70' lang='grc' dir='ltr'>κατηγορία.</span> <span class='ocrx_word' id='word_1_12' title='bbox 645 275 801 313; x_wconf 81' lang='grc' dir='ltr'>Παρακαλεῖ</span> <span class='ocrx_word' id='word_1_13' title='bbox 821 275 835 302; x_wconf 80' lang='grc' dir='ltr'>ὁ</span> 
     </span>
     <span class='ocr_line' id='line_1_5' title="bbox 71 318 836 360; baseline 0 -13"><span class='ocrx_word' id='word_1_14' title='bbox 71 318 194 354; x_wconf 77' lang='grc' dir='ltr'>Ἰωάννης</span> <span class='ocrx_word' id='word_1_15' title='bbox 214 319 320 348; x_wconf 76' lang='grc' dir='ltr'>Παῦλον</span> <span class='ocrx_word' id='word_1_16' title='bbox 334 319 377 348; x_wconf 75' lang='grc' dir='ltr'>τὸν</span> <span class='ocrx_word' id='word_1_17' title='bbox 389 318 549 358; x_wconf 70' lang='grc' dir='ltr'>ἹΙρακλείας</span> <span class='ocrx_word' id='word_1_18' title='bbox 561 321 569 355; x_wconf 83' lang='grc'>(</span> <span class='ocrx_word' id='word_1_19' title='bbox 581 320 665 348; x_wconf 78' lang='grc' dir='ltr'>ἐδόκει</span> <span class='ocrx_word' id='word_1_20' title='bbox 684 320 736 360; x_wconf 78' lang='grc' dir='ltr'>γὰρ</span> <span class='ocrx_word' id='word_1_21' title='bbox 756 332 836 349; x_wconf 85' lang='grc' dir='ltr'>σπου-</span> 
     </span>
    </p>
   </div>
   <div class='ocr_carea' id='block_1_5' title="bbox 35 364 833 405">
    <p class='ocr_par' dir='ltr' id='par_1_5' title="bbox 35 364 833 405">
     <span class='ocr_line' id='line_1_6' title="bbox 35 364 833 405; baseline 0 -12"><span class='ocrx_word' id='word_1_22' title='bbox 35 382 42 388; x_wconf 84' lang='grc'><em>·</em></span> <span class='ocrx_word' id='word_1_23' title='bbox 70 365 155 398; x_wconf 79' lang='grc' dir='ltr'>δοίζειν</span> <span class='ocrx_word' id='word_1_24' title='bbox 178 366 215 403; x_wconf 81' lang='grc' dir='ltr'>τῷ</span> <span class='ocrx_word' id='word_1_25' title='bbox 230 364 405 405; x_wconf 69' lang='grc' dir='ltr'>Ἀντωνίνῳ),</span> <span class='ocrx_word' id='word_1_26' title='bbox 422 365 454 393; x_wconf 72' lang='grc' dir='ltr'>ἵν’</span> <span class='ocrx_word' id='word_1_27' title='bbox 476 367 511 398; x_wconf 82' lang='grc' dir='ltr'>εἷς</span> <span class='ocrx_word' id='word_1_28' title='bbox 531 366 619 404; x_wconf 68' lang='grc' dir='ltr'>φιλίαν</span> <span class='ocrx_word' id='word_1_29' title='bbox 642 366 734 398; x_wconf 70' lang='grc' dir='ltr'>αὐτοὺς</span> <span class='ocrx_word' id='word_1_30' title='bbox 759 378 833 395; x_wconf 87' lang='grc' dir='ltr'>συνε-</span> 
     </span>
    </p>
   </div>
   <div class='ocr_carea' id='block_1_6' title="bbox 68 411 834 497">
    <p class='ocr_par' dir='ltr' id='par_1_6' title="bbox 68 411 834 497">
     <span class='ocr_line' id='line_1_7' title="bbox 69 411 834 450; baseline 0 -11"><span class='ocrx_word' id='word_1_31' title='bbox 69 411 148 450; x_wconf 78' lang='grc' dir='ltr'>λᾶσῃ.</span> <span class='ocrx_word' id='word_1_32' title='bbox 166 412 220 440; x_wconf 80' lang='grc' dir='ltr'>Καὶ</span> <span class='ocrx_word' id='word_1_33' title='bbox 243 411 358 449; x_wconf 71' lang='grc' dir='ltr'>ἀναστὰς</span> <span class='ocrx_word' id='word_1_34' title='bbox 379 412 496 447; x_wconf 68' lang='grc' dir='ltr'>εἰσῆλθεν</span> <span class='ocrx_word' id='word_1_35' title='bbox 516 412 552 445; x_wconf 88' lang='grc' dir='ltr'>εἷς</span> <span class='ocrx_word' id='word_1_36' title='bbox 567 411 614 446; x_wconf 71' lang='grc' dir='ltr'>τὴν</span> <span class='ocrx_word' id='word_1_37' title='bbox 633 412 774 447; x_wconf 72' lang='grc' dir='ltr'>ἐκκλησίαν</span> <span class='ocrx_word' id='word_1_38' title='bbox 790 412 834 441; x_wconf 77' lang='grc' dir='ltr'>σὺν</span> 
     </span>
     <span class='ocr_line' id='line_1_8' title="bbox 68 453 834 497; baseline 0.001 -12"><span class='ocrx_word' id='word_1_39' title='bbox 68 462 122 489; x_wconf 80' lang='grc' dir='ltr'>τοῖς</span> <span class='ocrx_word' id='word_1_40' title='bbox 134 458 296 490; x_wconf 72' lang='grc' dir='ltr'>ἐπισκόποις·</span> <span class='ocrx_word' id='word_1_41' title='bbox 310 453 342 492; x_wconf 62' lang='grc' dir='ltr'>ἦν</span> <span class='ocrx_word' id='word_1_42' title='bbox 355 458 405 497; x_wconf 79' lang='grc' dir='ltr'>γὰρ</span> <span class='ocrx_word' id='word_1_43' title='bbox 419 457 508 496; x_wconf 70' lang='grc' dir='ltr'>καιρὸς</span> <span class='ocrx_word' id='word_1_44' title='bbox 521 460 567 492; x_wconf 72' lang='grc' dir='ltr'>τῆς</span> <span class='ocrx_word' id='word_1_45' title='bbox 579 458 720 497; x_wconf 77' lang='grc' dir='ltr'>ἱερατείας·</span> <span class='ocrx_word' id='word_1_46' title='bbox 734 457 792 490; x_wconf 70' lang='grc' dir='ltr'>δοὺς</span> <span class='ocrx_word' id='word_1_47' title='bbox 808 457 834 486; x_wconf 74' lang='grc' dir='ltr'>δὲ</span> 
     </span>
    </p>
   </div>
   <div class='ocr_carea' id='block_1_7' title="bbox 68 503 846 543">
    <p class='ocr_par' dir='ltr' id='par_1_7' title="bbox 68 503 846 543">
     <span class='ocr_line' id='line_1_9' title="bbox 68 503 846 543; baseline 0.004 -13"><span class='ocrx_word' id='word_1_48' title='bbox 68 505 106 539; x_wconf 71' lang='grc' dir='ltr'>’.ᾧ</span> <span class='ocrx_word' id='word_1_49' title='bbox 120 504 177 543; x_wconf 77' lang='grc' dir='ltr'>λαῷ</span> <span class='ocrx_word' id='word_1_50' title='bbox 196 504 243 538; x_wconf 69' lang='grc' dir='ltr'>τὴν</span> <span class='ocrx_word' id='word_1_51' title='bbox 259 503 356 538; x_wconf 73' lang='grc' dir='ltr'>συνήθη</span> <span class='ocrx_word' id='word_1_52' title='bbox 372 506 419 538; x_wconf 65' lang='grc' dir='ltr'>τῆς</span> <span class='ocrx_word' id='word_1_53' title='bbox 439 503 543 543; x_wconf 72' lang='grc' dir='ltr'>εἰρήνης</span> <span class='ocrx_word' id='word_1_54' title='bbox 563 504 755 543; x_wconf 77' lang='grc' dir='ltr'>προσηγορίαν,</span> <span class='ocrx_word' id='word_1_55' title='bbox 771 504 846 533; x_wconf 51' lang='lat' dir='ltr'>{min</span> 
     </span>
    </p>
   </div>
   <div class='ocr_carea' id='block_1_8' title="bbox 69 549 871 582">
    <p class='ocr_par' dir='ltr' id='par_1_8' title="bbox 69 549 871 582">
     <span class='ocr_line' id='line_1_10' title="bbox 69 549 871 582; baseline 0 -5"><span class='ocrx_word' id='word_1_56' title='bbox 69 552 125 578; x_wconf 84' lang='grc' dir='ltr'>θισε</span> <span class='ocrx_word' id='word_1_57' title='bbox 157 549 202 578; x_wconf 72' lang='grc' dir='ltr'>σὺν</span> <span class='ocrx_word' id='word_1_58' title='bbox 223 555 276 582; x_wconf 86' lang='grc' dir='ltr'>τοῖς</span> <span class='ocrx_word' id='word_1_59' title='bbox 299 551 400 582; x_wconf 79' lang='grc' dir='ltr'>λοιποῖς</span> <span class='ocrx_word' id='word_1_60' title='bbox 421 549 582 582; x_wconf 78' lang='grc' dir='ltr'>ἐπισκόποις.</span> <span class='ocrx_word' id='word_1_61' title='bbox 602 549 780 579; x_wconf 75' lang='grc' dir='ltr'>Ἔπεισελθὼν</span> <span class='ocrx_word' id='word_1_62' title='bbox 808 549 834 578; x_wconf 77' lang='grc' dir='ltr'>’δὲ</span> <span class='ocrx_word' id='word_1_63' title='bbox 852 554 871 577; x_wconf 85' lang='grc' dir='ltr'><strong>Β</strong></span> 
     </span>
    </p>
   </div>
   <div class='ocr_carea' id='block_1_9' title="bbox 63 595 835 2470">
    <p class='ocr_par' dir='ltr' id='par_1_9' title="bbox 63 595 835 2470">
     <span class='ocr_line' id='line_1_11' title="bbox 67 595 834 635; baseline 0 -12"><span class='ocrx_word' id='word_1_64' title='bbox 67 595 214 630; x_wconf 75' lang='grc' dir='ltr'>λεληθότως</span> <span class='ocrx_word' id='word_1_65' title='bbox 225 598 239 624; x_wconf 84' lang='grc' dir='ltr'><strong>ὁ</strong></span> <span class='ocrx_word' id='word_1_66' title='bbox 250 596 394 635; x_wconf 77' lang='grc' dir='ltr'>κατήγορος</span> <span class='ocrx_word' id='word_1_67' title='bbox 410 595 535 628; x_wconf 66' lang='grc' dir='ltr'>Εὖσέὸιος</span> <span class='ocrx_word' id='word_1_68' title='bbox 547 596 590 625; x_wconf 71' lang='grc' dir='ltr'>ἐπὶ</span> <span class='ocrx_word' id='word_1_69' title='bbox 604 596 702 628; x_wconf 67' lang='grc' dir='ltr'>παντὸς</span> <span class='ocrx_word' id='word_1_70' title='bbox 714 599 758 625; x_wconf 74' lang='grc' dir='ltr'>τοῧ</span> <span class='ocrx_word' id='word_1_71' title='bbox 770 597 834 624; x_wconf 73' lang='grc' dir='ltr'>λαοῦ</span> 
     </span>
     <span class='ocr_line' id='line_1_12' title="bbox 68 641 835 680; baseline 0 -11"><span class='ocrx_word' id='word_1_72' title='bbox 68 641 114 669; x_wconf 78' lang='grc' dir='ltr'>καὶ</span> <span class='ocrx_word' id='word_1_73' title='bbox 134 644 186 669; x_wconf 75' lang='grc' dir='ltr'>τῶν</span> <span class='ocrx_word' id='word_1_74' title='bbox 209 642 360 670; x_wconf 75' lang='grc' dir='ltr'>ἐπισκόπων</span> <span class='ocrx_word' id='word_1_75' title='bbox 386 641 535 670; x_wconf 69' lang='grc' dir='ltr'>ἐπιδίδωσιν</span> <span class='ocrx_word' id='word_1_76' title='bbox 558 642 644 680; x_wconf 73' lang='grc' dir='ltr'>ἕτερον</span> <span class='ocrx_word' id='word_1_77' title='bbox 660 642 779 671; x_wconf 66' lang='grc' dir='ltr'>λζ’ὅελλον</span> <span class='ocrx_word' id='word_1_78' title='bbox 800 641 835 670; x_wconf 76' lang='grc' dir='ltr'>τὰ</span> 
     </span>
     <span class='ocr_line' id='line_1_13' title="bbox 69 686 833 726; baseline 0.001 -11"><span class='ocrx_word' id='word_1_79' title='bbox 69 686 134 715; x_wconf 73' lang='grc' dir='ltr'>αὐτὰ</span> <span class='ocrx_word' id='word_1_80' title='bbox 147 687 317 725; x_wconf 79' lang='grc' dir='ltr'>περιέχοντα,</span> <span class='ocrx_word' id='word_1_81' title='bbox 332 687 441 726; x_wconf 78' lang='grc' dir='ltr'>δρκίζων</span> <span class='ocrx_word' id='word_1_82' title='bbox 455 687 498 715; x_wconf 81' lang='grc' dir='ltr'>τὸν</span> <span class='ocrx_word' id='word_1_83' title='bbox 514 687 640 722; x_wconf 65' lang='grc' dir='ltr'>Ἰωάννην</span> <span class='ocrx_word' id='word_1_84' title='bbox 661 688 752 726; x_wconf 80' lang='grc' dir='ltr'>ὅρκους</span> <span class='ocrx_word' id='word_1_85' title='bbox 775 699 833 726; x_wconf 82' lang='grc' dir='ltr'>φρι-</span> 
     </span>
     <span class='ocr_line' id='line_1_14' title="bbox 68 732 834 772; baseline 0.003 -12"><span class='ocrx_word' id='word_1_86' title='bbox 68 732 155 767; x_wconf 79' lang='grc' dir='ltr'>κτοὺς,</span> <span class='ocrx_word' id='word_1_87' title='bbox 167 733 316 770; x_wconf 79' lang='grc' dir='ltr'>συμπλέξας</span> <span class='ocrx_word' id='word_1_88' title='bbox 335 735 422 765; x_wconf 77' lang='grc' dir='ltr'>αὐτοῖς</span> <span class='ocrx_word' id='word_1_89' title='bbox 440 733 484 762; x_wconf 80' lang='grc' dir='ltr'>καὶ</span> <span class='ocrx_word' id='word_1_90' title='bbox 499 733 546 768; x_wconf 64' lang='grc' dir='ltr'>τὴν</span> <span class='ocrx_word' id='word_1_91' title='bbox 561 734 693 772; x_wconf 72' lang='grc' dir='ltr'>σωτηρίαν</span> <span class='ocrx_word' id='word_1_92' title='bbox 711 736 763 762; x_wconf 82' lang='grc' dir='ltr'>τῶν</span> <span class='ocrx_word' id='word_1_93' title='bbox 782 735 834 771; x_wconf 84' lang='grc' dir='ltr'>βα·-</span> 
     </span>
     <span class='ocr_line' id='line_1_15' title="bbox 68 778 834 819; baseline 0.001 -13"><span class='ocrx_word' id='word_1_94' title='bbox 68 778 176 814; x_wconf 80' lang='grc' dir='ltr'>σιλέων,</span> <span class='ocrx_word' id='word_1_95' title='bbox 190 779 257 816; x_wconf 74' lang='grc' dir='ltr'>μετὰ</span> <span class='ocrx_word' id='word_1_96' title='bbox 271 780 370 813; x_wconf 79' lang='grc' dir='ltr'>πολλ’ἧς</span> <span class='ocrx_word' id='word_1_97' title='bbox 385 782 511 819; x_wconf 45' lang='grc' dir='ltr'>ταραχ-’ἧς-</span> <span class='ocrx_word' id='word_1_98' title='bbox 524 781 559 812; x_wconf 84' lang='grc' dir='ltr'>ὡς</span> <span class='ocrx_word' id='word_1_99' title='bbox 569 780 676 817; x_wconf 77' lang='grc' dir='ltr'>νομίσαι</span> <span class='ocrx_word' id='word_1_100' title='bbox 687 779 746 812; x_wconf 83' lang='grc' dir='ltr'>τοὺς</span> <span class='ocrx_word' id='word_1_101' title='bbox 756 778 834 811; x_wconf 66' lang='grc' dir='ltr'>λαοὺς</span> 
     </span>
     <span class='ocr_line' id='line_1_16' title="bbox 67 824 834 865; baseline 0.003 -13"><span class='ocrx_word' id='word_1_102' title='bbox 67 824 271 860; x_wconf 79' lang='grc' dir='ltr'>διαπτοηθέντας</span> <span class='ocrx_word' id='word_1_103' title='bbox 287 825 330 854; x_wconf 79' lang='grc' dir='ltr'>ἐπὶ</span> <span class='ocrx_word' id='word_1_104' title='bbox 342 827 379 864; x_wconf 77' lang='grc' dir='ltr'>τῷ</span> <span class='ocrx_word' id='word_1_105' title='bbox 399 827 498 865; x_wconf 78' lang='grc' dir='ltr'>ἰταμῷ,</span> <span class='ocrx_word' id='word_1_106' title='bbox 513 825 554 854; x_wconf 75' lang='grc' dir='ltr'>ὅτι</span> <span class='ocrx_word' id='word_1_107' title='bbox 567 826 679 854; x_wconf 74' lang='grc' dir='ltr'>θανάτου</span> <span class='ocrx_word' id='word_1_108' title='bbox 691 825 834 865; x_wconf 82' lang='grc' dir='ltr'>συγχώρη-</span> 
     </span>
     <span class='ocr_line' id='line_1_17' title="bbox 67 871 833 909; baseline 0.005 -12"><span class='ocrx_word' id='word_1_109' title='bbox 67 880 109 897; x_wconf 85' lang='grc' dir='ltr'>σιν</span> <span class='ocrx_word' id='word_1_110' title='bbox 125 872 273 909; x_wconf 78' lang='grc' dir='ltr'>παρακαλεῖ</span> <span class='ocrx_word' id='word_1_111' title='bbox 290 873 396 905; x_wconf 63' lang='grc' dir='ltr'>αἰτῆσαι</span> <span class='ocrx_word' id='word_1_112' title='bbox 412 873 455 899; x_wconf 84' lang='grc' dir='ltr'>τὸν</span> <span class='ocrx_word' id='word_1_113' title='bbox 472 872 582 909; x_wconf 77' lang='grc' dir='ltr'>βασιλέα</span> <span class='ocrx_word' id='word_1_114' title='bbox 597 872 641 900; x_wconf 81' lang='grc' dir='ltr'>τὸν</span> <span class='ocrx_word' id='word_1_115' title='bbox 652 871 786 906; x_wconf 66' lang='grc' dir='ltr'>Ἰωάννην.</span> <span class='ocrx_word' id='word_1_116' title='bbox 799 871 833 901; x_wconf 90' lang='grc' dir='ltr'>Ὁ</span> 
     </span>
     <span class='ocr_line' id='line_1_18' title="bbox 67 915 833 955; baseline 0.004 -12"><span class='ocrx_word' id='word_1_117' title='bbox 67 915 94 943; x_wconf 75' lang='grc' dir='ltr'>δὲ</span> <span class='ocrx_word' id='word_1_118' title='bbox 108 915 232 951; x_wconf 77' lang='grc' dir='ltr'>Ἰωάννης</span> <span class='ocrx_word' id='word_1_119' title='bbox 248 917 406 954; x_wconf 64' lang='grc' dir='ltr'>θεασάμενος</span> <span class='ocrx_word' id='word_1_120' title='bbox 421 917 468 951; x_wconf 78' lang='grc' dir='ltr'>τὴν</span> <span class='ocrx_word' id='word_1_121' title='bbox 484 917 604 946; x_wconf 79' lang='grc' dir='ltr'>ἔνστασιν</span> <span class='ocrx_word' id='word_1_122' title='bbox 619 921 664 946; x_wconf 75' lang='grc' dir='ltr'>τοῦ</span> <span class='ocrx_word' id='word_1_123' title='bbox 684 917 788 955; x_wconf 74' lang='grc' dir='ltr'>ἀνδρὸς,</span> <span class='ocrx_word' id='word_1_124' title='bbox 803 917 833 946; x_wconf 84' lang='grc' dir='ltr'>τὸ</span> 
     </span>
     <span class='ocr_line' id='line_1_19' title="bbox 67 961 832 1003; baseline 0.003 -14"><span class='ocrx_word' id='word_1_125' title='bbox 67 961 199 1001; x_wconf 73' lang='grc' dir='ltr'>ἀτάραχον</span> <span class='ocrx_word' id='word_1_126' title='bbox 220 963 353 1000; x_wconf 81' lang='grc' dir='ltr'>μνώμενος</span> <span class='ocrx_word' id='word_1_127' title='bbox 367 965 404 1003; x_wconf 82' lang='grc' dir='ltr'>τῷ</span> <span class='ocrx_word' id='word_1_128' title='bbox 423 964 490 1002; x_wconf 77' lang='grc' dir='ltr'>λαῷ,</span> <span class='ocrx_word' id='word_1_129' title='bbox 502 963 605 996; x_wconf 78' lang='grc' dir='ltr'>ἐδέξατο</span> <span class='ocrx_word' id='word_1_130' title='bbox 618 963 648 991; x_wconf 79' lang='grc' dir='ltr'>τὸ</span> <span class='ocrx_word' id='word_1_131' title='bbox 664 963 775 1001; x_wconf 67' lang='grc' dir='ltr'>βιὸλῖον,</span> <span class='ocrx_word' id='word_1_132' title='bbox 788 963 832 991; x_wconf 79' lang='grc' dir='ltr'>καὶ</span> 
     </span>
     <span class='ocr_line' id='line_1_20' title="bbox 67 1007 833 1048; baseline 0.004 -14"><span class='ocrx_word' id='word_1_133' title='bbox 67 1007 134 1044; x_wconf 74' lang='grc' dir='ltr'>μετὰ</span> <span class='ocrx_word' id='word_1_134' title='bbox 144 1007 177 1035; x_wconf 72' lang='grc' dir='ltr'>τὰ</span> <span class='ocrx_word' id='word_1_135' title='bbox 189 1008 382 1046; x_wconf 73' lang='grc' dir='ltr'>ἀναγνώσματα</span> <span class='ocrx_word' id='word_1_136' title='bbox 392 1010 443 1036; x_wconf 80' lang='grc' dir='ltr'>τῶν</span> <span class='ocrx_word' id='word_1_137' title='bbox 454 1007 529 1037; x_wconf 84' lang='grc' dir='ltr'>θείων</span> <span class='ocrx_word' id='word_1_138' title='bbox 539 1008 634 1046; x_wconf 78' lang='grc' dir='ltr'>λογίων</span> <span class='ocrx_word' id='word_1_139' title='bbox 645 1009 833 1048; x_wconf 80' lang='grc' dir='ltr'>παρακαλέσας</span> 
     </span>
     <span class='ocr_line' id='line_1_21' title="bbox 66 1053 833 1094; baseline 0.003 -13"><span class='ocrx_word' id='word_1_140' title='bbox 66 1053 217 1092; x_wconf 64' lang='grc' dir='ltr'>Πανσόφιον</span> <span class='ocrx_word' id='word_1_141' title='bbox 232 1054 274 1082; x_wconf 87' lang='grc' dir='ltr'>τὸν</span> <span class='ocrx_word' id='word_1_142' title='bbox 293 1054 424 1090; x_wconf 77' lang='grc' dir='ltr'>Πισσίδης</span> <span class='ocrx_word' id='word_1_143' title='bbox 440 1059 600 1094; x_wconf 76' lang='grc' dir='ltr'>προαγαγεῖν</span> <span class='ocrx_word' id='word_1_144' title='bbox 612 1055 645 1083; x_wconf 79' lang='grc' dir='ltr'>τὰ</span> <span class='ocrx_word' id='word_1_145' title='bbox 657 1055 743 1093; x_wconf 74' lang='grc' dir='ltr'>δῶρα,</span> <span class='ocrx_word' id='word_1_146' title='bbox 756 1056 833 1088; x_wconf 75' lang='grc' dir='ltr'>αὐτὸς</span> 
     </span>
     <span class='ocr_line' id='line_1_22' title="bbox 65 1099 832 1140; baseline 0.003 -13"><span class='ocrx_word' id='word_1_147' title='bbox 65 1099 218 1133; x_wconf 70' lang='grc' dir='ltr'>συνεξῆλθεν</span> <span class='ocrx_word' id='word_1_148' title='bbox 240 1105 294 1133; x_wconf 85' lang='grc' dir='ltr'>τοῖς</span> <span class='ocrx_word' id='word_1_149' title='bbox 312 1101 413 1132; x_wconf 84' lang='grc' dir='ltr'>λοιποῖς</span> <span class='ocrx_word' id='word_1_150' title='bbox 435 1101 588 1134; x_wconf 80' lang='grc' dir='ltr'>ἐπισκόποις</span> <span class='ocrx_word' id='word_1_151' title='bbox 599 1113 605 1118; x_wconf 87' lang='grc'><em>“</em></span> <span class='ocrx_word' id='word_1_152' title='bbox 618 1105 762 1139; x_wconf 78' lang='grc' dir='ltr'>παρῃτεῖτο</span> <span class='ocrx_word' id='word_1_153' title='bbox 781 1101 832 1140; x_wconf 75' lang='grc' dir='ltr'>γὰρ</span> 
     </span>
     <span class='ocr_line' id='line_1_23' title="bbox 66 1144 832 1185; baseline 0.004 -13"><span class='ocrx_word' id='word_1_154' title='bbox 66 1144 193 1177; x_wconf 81' lang='grc' dir='ltr'>ἐπιθόλως</span> <span class='ocrx_word' id='word_1_155' title='bbox 213 1146 355 1184; x_wconf 80' lang='grc' dir='ltr'>ἱερατεύειν</span> <span class='ocrx_word' id='word_1_156' title='bbox 365 1170 371 1181; x_wconf 92' lang='grc'>,</span> <span class='ocrx_word' id='word_1_157' title='bbox 386 1147 454 1175; x_wconf 78' lang='grc' dir='ltr'>κατὰ</span> <span class='ocrx_word' id='word_1_158' title='bbox 465 1147 495 1175; x_wconf 79' lang='grc' dir='ltr'>τὸ</span> <span class='ocrx_word' id='word_1_159' title='bbox 515 1147 677 1185; x_wconf 75' lang='grc' dir='ltr'>εὐαγγέλιον,</span> <span class='ocrx_word' id='word_1_160' title='bbox 692 1147 733 1178; x_wconf 77' lang='grc' dir='ltr'>τὸ.</span> <span class='ocrx_word' id='word_1_161' title='bbox 748 1147 832 1176; x_wconf 62' lang='lat' dir='ltr'>“Oraia</span> 
     </span>
     <span class='ocr_line' id='line_1_24' title="bbox 65 1190 833 1233; baseline 0.005 -15"><span class='ocrx_word' id='word_1_162' title='bbox 65 1190 215 1230; x_wconf 62' lang='grc' dir='ltr'>προσφέρῃς</span> <span class='ocrx_word' id='word_1_163' title='bbox 229 1192 258 1221; x_wconf 87' lang='grc' dir='ltr'>τὸ</span> <span class='ocrx_word' id='word_1_164' title='bbox 273 1192 354 1232; x_wconf 79' lang='grc' dir='ltr'>δῶρόν</span> <span class='ocrx_word' id='word_1_165' title='bbox 367 1204 421 1228; x_wconf 90' lang='grc' dir='ltr'>σου,</span> <span class='ocrx_word' id='word_1_166' title='bbox 431 1193 475 1221; x_wconf 79' lang='grc' dir='ltr'>καὶ</span> <span class='ocrx_word' id='word_1_167' title='bbox 488 1193 520 1221; x_wconf 74' lang='grc' dir='ltr'>τὰ</span> <span class='ocrx_word' id='word_1_168' title='bbox 533 1193 601 1228; x_wconf 73' lang='grc' dir='ltr'>ἑξῆς.</span> <span class='ocrx_word' id='word_1_169' title='bbox 617 1193 669 1221; x_wconf 73' lang='grc' dir='ltr'>Καὶ</span> <span class='ocrx_word' id='word_1_170' title='bbox 684 1194 833 1233; x_wconf 71' lang='grc' dir='ltr'>διασκεψά-</span> 
     </span>
     <span class='ocr_line' id='line_1_25' title="bbox 67 1237 833 1279; baseline 0.005 -15"><span class='ocrx_word' id='word_1_171' title='bbox 67 1248 142 1274; x_wconf 85' lang='grc' dir='ltr'>μενος</span> <span class='ocrx_word' id='word_1_172' title='bbox 155 1238 223 1274; x_wconf 74' lang='grc' dir='ltr'>μετὰ</span> <span class='ocrx_word' id='word_1_173' title='bbox 239 1237 286 1273; x_wconf 75' lang='grc' dir='ltr'>τὴν</span> <span class='ocrx_word' id='word_1_174' title='bbox 301 1240 366 1267; x_wconf 76' lang='grc' dir='ltr'>λαοῦ</span> <span class='ocrx_word' id='word_1_175' title='bbox 382 1239 508 1268; x_wconf 80' lang='grc' dir='ltr'>ἀπόλυσιν</span> <span class='ocrx_word' id='word_1_176' title='bbox 519 1262 527 1274; x_wconf 93' lang='grc'>,</span> <span class='ocrx_word' id='word_1_177' title='bbox 538 1240 672 1272; x_wconf 79' lang='grc' dir='ltr'>καθεσθεὶς</span> <span class='ocrx_word' id='word_1_178' title='bbox 688 1240 714 1267; x_wconf 77' lang='grc' dir='ltr'>ἐν</span> <span class='ocrx_word' id='word_1_179' title='bbox 730 1242 767 1278; x_wconf 76' lang='grc' dir='ltr'>τῷ</span> <span class='ocrx_word' id='word_1_180' title='bbox 781 1252 833 1279; x_wconf 61' lang='grc' dir='ltr'>φω-</span> 
     </span>
     <span class='ocr_line' id='line_1_26' title="bbox 65 1283 832 1326; baseline 0.007 -16"><span class='ocrx_word' id='word_1_181' title='bbox 65 1283 192 1322; x_wconf 75' lang='grc' dir='ltr'>τιστηρίῳ</span> <span class='ocrx_word' id='word_1_182' title='bbox 210 1283 254 1313; x_wconf 75' lang='grc' dir='ltr'>σὺν</span> <span class='ocrx_word' id='word_1_183' title='bbox 269 1290 322 1318; x_wconf 83' lang='grc' dir='ltr'>τοῖς</span> <span class='ocrx_word' id='word_1_184' title='bbox 336 1287 436 1318; x_wconf 84' lang='grc' dir='ltr'>λοιποῖς</span> <span class='ocrx_word' id='word_1_185' title='bbox 451 1286 614 1320; x_wconf 73' lang='grc' dir='ltr'>ἐπισκόποις,</span> <span class='ocrx_word' id='word_1_186' title='bbox 626 1286 669 1315; x_wconf 86' lang='grc' dir='ltr'>τὸν</span> <span class='ocrx_word' id='word_1_187' title='bbox 686 1286 832 1326; x_wconf 76' lang='grc' dir='ltr'>κατήγορον</span> 
     </span>
     <span class='ocr_line' id='line_1_27' title="bbox 65 1331 832 1370; baseline 0.004 -13"><span class='ocrx_word' id='word_1_188' title='bbox 65 1331 269 1368; x_wconf 83' lang='grc' dir='ltr'>προσκαλεῖται,</span> <span class='ocrx_word' id='word_1_189' title='bbox 280 1331 366 1370; x_wconf 73' lang='grc' dir='ltr'>φήσας</span> <span class='ocrx_word' id='word_1_190' title='bbox 377 1333 447 1370; x_wconf 74' lang='grc' dir='ltr'>αὑτῷ</span> <span class='ocrx_word' id='word_1_191' title='bbox 459 1332 501 1360; x_wconf 76' lang='grc' dir='ltr'>ἐπὶ</span> <span class='ocrx_word' id='word_1_192' title='bbox 513 1332 628 1360; x_wconf 74' lang='grc' dir='ltr'>πάντων·</span> <span class='ocrx_word' id='word_1_193' title='bbox 642 1332 687 1360; x_wconf 73' lang='grc' dir='ltr'>καὶ</span> <span class='ocrx_word' id='word_1_194' title='bbox 700 1331 779 1360; x_wconf 79' lang='grc' dir='ltr'>πάλιν</span> <span class='ocrx_word' id='word_1_195' title='bbox 792 1345 832 1361; x_wconf 85' lang='grc' dir='ltr'>σοι</span> 
     </span>
     <span class='ocr_line' id='line_1_28' title="bbox 65 1374 832 1416; baseline 0.005 -14"><span class='ocrx_word' id='word_1_196' title='bbox 65 1374 98 1403; x_wconf 79' lang='grc' dir='ltr'>τὰ</span> <span class='ocrx_word' id='word_1_197' title='bbox 113 1375 180 1404; x_wconf 75' lang='grc' dir='ltr'>αὐτὰ</span> <span class='ocrx_word' id='word_1_198' title='bbox 194 1376 279 1415; x_wconf 82' lang='grc' dir='ltr'>λέγω,</span> <span class='ocrx_word' id='word_1_199' title='bbox 291 1376 332 1405; x_wconf 74' lang='grc' dir='ltr'>ὅτι</span> <span class='ocrx_word' id='word_1_200' title='bbox 352 1376 444 1405; x_wconf 75' lang='grc' dir='ltr'>πολλοὶ</span> <span class='ocrx_word' id='word_1_201' title='bbox 460 1377 513 1405; x_wconf 82' lang='grc' dir='ltr'>ἀπὸ</span> <span class='ocrx_word' id='word_1_202' title='bbox 526 1377 612 1412; x_wconf 77' lang='grc' dir='ltr'>λύπης</span> <span class='ocrx_word' id='word_1_203' title='bbox 627 1376 644 1412; x_wconf 84' lang='grc' dir='ltr'>ἢ</span> <span class='ocrx_word' id='word_1_204' title='bbox 657 1379 736 1416; x_wconf 61' lang='grc' dir='ltr'>ὄργῑῆς</span> <span class='ocrx_word' id='word_1_205' title='bbox 747 1378 832 1406; x_wconf 81' lang='grc' dir='ltr'>πολλὰ</span> 
     </span>
     <span class='ocr_line' id='line_1_29' title="bbox 65 1420 833 1462; baseline 0.005 -13"><span class='ocrx_word' id='word_1_206' title='bbox 65 1420 110 1449; x_wconf 81' lang='grc' dir='ltr'>καὶ</span> <span class='ocrx_word' id='word_1_207' title='bbox 121 1420 225 1459; x_wconf 77' lang='grc' dir='ltr'>λέγουσι</span> <span class='ocrx_word' id='word_1_208' title='bbox 237 1422 281 1450; x_wconf 81' lang='grc' dir='ltr'>καὶ</span> <span class='ocrx_word' id='word_1_209' title='bbox 293 1422 435 1462; x_wconf 67' lang='grc' dir='ltr'>γράφουσιν</span> <span class='ocrx_word' id='word_1_210' title='bbox 445 1445 451 1453; x_wconf 81' lang='grc'><em>.</em></span> <span class='ocrx_word' id='word_1_211' title='bbox 465 1425 615 1456; x_wconf 75' lang='grc' dir='ltr'>ἀτονοῦντες</span> <span class='ocrx_word' id='word_1_212' title='bbox 629 1425 689 1462; x_wconf 81' lang='grc' dir='ltr'>περὶ</span> <span class='ocrx_word' id='word_1_213' title='bbox 706 1425 752 1457; x_wconf 83' lang='grc' dir='ltr'>τὰς</span> <span class='ocrx_word' id='word_1_214' title='bbox 765 1427 833 1453; x_wconf 79' lang='grc' dir='ltr'>ἀπο-</span> 
     </span>
     <span class='ocr_line' id='line_1_30' title="bbox 65 1465 832 1508; baseline 0.007 -14"><span class='ocrx_word' id='word_1_215' title='bbox 65 1466 216 1499; x_wconf 56' lang='grc' dir='ltr'>δείξειςκΕἰ</span> <span class='ocrx_word' id='word_1_216' title='bbox 231 1467 316 1496; x_wconf 84' lang='grc' dir='ltr'>τοίνυν</span> <span class='ocrx_word' id='word_1_217' title='bbox 338 1470 426 1507; x_wconf 67' lang='grc' dir='ltr'>σαφῶς</span> <span class='ocrx_word' id='word_1_218' title='bbox 443 1468 598 1504; x_wconf 78' lang='grc' dir='ltr'>ἐπίστασαι,</span> <span class='ocrx_word' id='word_1_219' title='bbox 613 1470 673 1507; x_wconf 70' lang='grc' dir='ltr'>περὶ</span> <span class='ocrx_word' id='word_1_220' title='bbox 687 1465 724 1498; x_wconf 69' lang='grc' dir='ltr'>ὧν</span> <span class='ocrx_word' id='word_1_221' title='bbox 745 1471 832 1508; x_wconf 83' lang='grc' dir='ltr'>βούλει</span> 
     </span>
     <span class='ocr_line' id='line_1_31' title="bbox 64 1514 831 1553; baseline 0.007 -13"><span class='ocrx_word' id='word_1_222' title='bbox 64 1518 221 1551; x_wconf 81' lang='grc' dir='ltr'>κατηγορεῖν</span> <span class='ocrx_word' id='word_1_223' title='bbox 235 1514 308 1549; x_wconf 84' lang='grc' dir='ltr'>(οὔτε</span> <span class='ocrx_word' id='word_1_224' title='bbox 327 1514 378 1553; x_wconf 84' lang='grc' dir='ltr'>γὰρ</span> <span class='ocrx_word' id='word_1_225' title='bbox 400 1515 542 1552; x_wconf 68' lang='grc' dir='ltr'>δυνάμενον</span> <span class='ocrx_word' id='word_1_226' title='bbox 568 1515 756 1553; x_wconf 75' lang='grc' dir='ltr'>ἀπωθούμεθα,</span> <span class='ocrx_word' id='word_1_227' title='bbox 774 1517 831 1546; x_wconf 79' lang='grc' dir='ltr'>οὔτε</span> 
     </span>
     <span class='ocr_line' id='line_1_32' title="bbox 66 1557 833 1599; baseline 0.008 -13"><span class='ocrx_word' id='word_1_228' title='bbox 66 1557 102 1595; x_wconf 83' lang='grc' dir='ltr'>μὴ</span> <span class='ocrx_word' id='word_1_229' title='bbox 119 1559 260 1597; x_wconf 77' lang='grc' dir='ltr'>δυνάμενον</span> <span class='ocrx_word' id='word_1_230' title='bbox 276 1560 418 1598; x_wconf 78' lang='grc' dir='ltr'>ἕλκομεν),</span> <span class='ocrx_word' id='word_1_231' title='bbox 434 1561 494 1599; x_wconf 82' lang='grc' dir='ltr'>πρὶν</span> <span class='ocrx_word' id='word_1_232' title='bbox 517 1562 717 1599; x_wconf 61' lang='grc' dir='ltr'>ἀναγνωσθῆναι</span> <span class='ocrx_word' id='word_1_233' title='bbox 731 1563 775 1591; x_wconf 83' lang='grc' dir='ltr'>τὸν</span> <span class='ocrx_word' id='word_1_234' title='bbox 789 1562 833 1592; x_wconf 73' lang='grc' dir='ltr'>λί-</span> 
     </span>
     <span class='ocr_line' id='line_1_33' title="bbox 65 1605 833 1647; baseline 0.005 -14"><span class='ocrx_word' id='word_1_235' title='bbox 65 1605 157 1634; x_wconf 73' lang='grc' dir='ltr'>ὅελλον</span> <span class='ocrx_word' id='word_1_236' title='bbox 168 1628 176 1643; x_wconf 84' lang='lat'><em>,</em></span> <span class='ocrx_word' id='word_1_237' title='bbox 191 1606 293 1640; x_wconf 82' lang='grc' dir='ltr'>ἔκλεξαι</span> <span class='ocrx_word' id='word_1_238' title='bbox 306 1607 336 1635; x_wconf 82' lang='grc' dir='ltr'>τὸ</span> <span class='ocrx_word' id='word_1_239' title='bbox 357 1606 500 1646; x_wconf 70' lang='grc' dir='ltr'>συμφέρον·</span> <span class='ocrx_word' id='word_1_240' title='bbox 513 1607 579 1645; x_wconf 81' lang='grc' dir='ltr'>μετὰ</span> <span class='ocrx_word' id='word_1_241' title='bbox 593 1607 644 1647; x_wconf 81' lang='grc' dir='ltr'>γὰρ</span> <span class='ocrx_word' id='word_1_242' title='bbox 659 1608 689 1636; x_wconf 81' lang='grc' dir='ltr'>τὸ</span> <span class='ocrx_word' id='word_1_243' title='bbox 711 1610 833 1647; x_wconf 83' lang='grc' dir='ltr'>ἀναγνω-</span> 
     </span>
     <span class='ocr_line' id='line_1_34' title="bbox 65 1652 831 1694; baseline 0.005 -15"><span class='ocrx_word' id='word_1_244' title='bbox 65 1653 158 1686; x_wconf 77' lang='grc' dir='ltr'>σθῆνοιι</span> <span class='ocrx_word' id='word_1_245' title='bbox 181 1652 226 1680; x_wconf 84' lang='grc' dir='ltr'>καὶ</span> <span class='ocrx_word' id='word_1_246' title='bbox 250 1653 286 1685; x_wconf 89' lang='grc' dir='ltr'>εἷς</span> <span class='ocrx_word' id='word_1_247' title='bbox 309 1652 389 1685; x_wconf 81' lang='grc' dir='ltr'>ἀκοὰς</span> <span class='ocrx_word' id='word_1_248' title='bbox 404 1653 509 1681; x_wconf 71' lang='grc' dir='ltr'>πάντων</span> <span class='ocrx_word' id='word_1_249' title='bbox 532 1654 629 1689; x_wconf 76' lang='grc' dir='ltr'>ἐλθεῖν,</span> <span class='ocrx_word' id='word_1_250' title='bbox 644 1654 831 1694; x_wconf 75' lang='grc' dir='ltr'>πραττομένων</span> 
     </span>
     <span class='ocr_line' id='line_1_35' title="bbox 65 1696 830 1738; baseline 0.005 -15"><span class='ocrx_word' id='word_1_251' title='bbox 65 1696 279 1733; x_wconf 75' lang='grc' dir='ltr'>ὑπομνημάτων,</span> <span class='ocrx_word' id='word_1_252' title='bbox 296 1696 383 1725; x_wconf 79' lang='grc' dir='ltr'>οὐκέτι</span> <span class='ocrx_word' id='word_1_253' title='bbox 405 1709 447 1725; x_wconf 86' lang='grc' dir='ltr'>σοι</span> <span class='ocrx_word' id='word_1_254' title='bbox 471 1697 568 1730; x_wconf 80' lang='grc' dir='ltr'>ἔξεστιν</span> <span class='ocrx_word' id='word_1_255' title='bbox 579 1721 586 1733; x_wconf 83' lang='grc'><strong>,</strong></span> <span class='ocrx_word' id='word_1_256' title='bbox 602 1698 739 1738; x_wconf 79' lang='grc' dir='ltr'>ἓπισκόπῳ</span> <span class='ocrx_word' id='word_1_257' title='bbox 757 1699 812 1727; x_wconf 79' lang='grc' dir='ltr'>ὄντι</span> <span class='ocrx_word' id='word_1_258' title='bbox 823 1722 830 1731; x_wconf 83' lang='grc'>,</span> 
     </span>
     <span class='ocr_line' id='line_1_36' title="bbox 66 1741 831 1784; baseline 0.005 -15"><span class='ocrx_word' id='word_1_259' title='bbox 66 1741 151 1775; x_wconf 84' lang='grc' dir='ltr'>ζητεῖν</span> <span class='ocrx_word' id='word_1_260' title='bbox 170 1741 352 1777; x_wconf 71' lang='grc' dir='ltr'>ἀὸουλητίονα.</span> <span class='ocrx_word' id='word_1_261' title='bbox 368 1742 432 1771; x_wconf 77' lang='grc' dir='ltr'>Ἐπὶ</span> <span class='ocrx_word' id='word_1_262' title='bbox 447 1743 545 1776; x_wconf 73' lang='grc' dir='ltr'>τούτοις</span> <span class='ocrx_word' id='word_1_263' title='bbox 567 1744 646 1772; x_wconf 76' lang='grc' dir='ltr'>πάλιν</span> <span class='ocrx_word' id='word_1_264' title='bbox 669 1744 783 1782; x_wconf 78' lang='grc' dir='ltr'>ἐνέμεινε</span> <span class='ocrx_word' id='word_1_265' title='bbox 799 1748 831 1784; x_wconf 70' lang='grc' dir='ltr'>τῇ</span> 
     </span>
     <span class='ocr_line' id='line_1_37' title="bbox 65 1784 831 1829; baseline 0.007 -14"><span class='ocrx_word' id='word_1_266' title='bbox 65 1786 194 1816; x_wconf 71' lang='grc' dir='ltr'>ἔνο-τάσει.</span> <span class='ocrx_word' id='word_1_267' title='bbox 207 1787 278 1826; x_wconf 83' lang='grc' dir='ltr'>Πρὸς</span> <span class='ocrx_word' id='word_1_268' title='bbox 297 1784 334 1820; x_wconf 72' lang='grc' dir='ltr'>οἷς</span> <span class='ocrx_word' id='word_1_269' title='bbox 353 1789 499 1818; x_wconf 71' lang='grc' dir='ltr'>κελεύουσιν</span> <span class='ocrx_word' id='word_1_270' title='bbox 520 1791 718 1829; x_wconf 61' lang='grc' dir='ltr'>ἀναγνωσθῆναι</span> <span class='ocrx_word' id='word_1_271' title='bbox 739 1792 769 1820; x_wconf 75' lang='grc' dir='ltr'>τὸ</span> <span class='ocrx_word' id='word_1_272' title='bbox 792 1794 831 1829; x_wconf 86' lang='grc' dir='ltr'>βι-</span> 
     </span>
     <span class='ocr_line' id='line_1_38' title="bbox 65 1832 832 1876; baseline 0.008 -15"><span class='ocrx_word' id='word_1_273' title='bbox 65 1832 152 1861; x_wconf 77' lang='grc' dir='ltr'>ὅλίον·</span> <span class='ocrx_word' id='word_1_274' title='bbox 167 1834 315 1872; x_wconf 85' lang='grc' dir='ltr'>ἀνεγνώσθη</span> <span class='ocrx_word' id='word_1_275' title='bbox 330 1835 363 1863; x_wconf 85' lang='grc' dir='ltr'>τὰ</span> <span class='ocrx_word' id='word_1_276' title='bbox 379 1836 556 1874; x_wconf 78' lang='grc' dir='ltr'>προειρημένα</span> <span class='ocrx_word' id='word_1_277' title='bbox 571 1838 712 1876; x_wconf 68' lang='grc' dir='ltr'>κεφάλαια.</span> <span class='ocrx_word' id='word_1_278' title='bbox 729 1838 832 1876; x_wconf 69' lang='grc' dir='ltr'>Λέγου-</span> 
     </span>
     <span class='ocr_line' id='line_1_39' title="bbox 65 1879 832 1922; baseline 0.009 -16"><span class='ocrx_word' id='word_1_279' title='bbox 65 1890 106 1906; x_wconf 90' lang='grc' dir='ltr'>σιν</span> <span class='ocrx_word' id='word_1_280' title='bbox 121 1881 144 1907; x_wconf 85' lang='grc' dir='ltr'>οἶ</span> <span class='ocrx_word' id='word_1_281' title='bbox 164 1879 282 1917; x_wconf 78' lang='grc' dir='ltr'>γέροντες</span> <span class='ocrx_word' id='word_1_282' title='bbox 295 1883 346 1909; x_wconf 80' lang='grc' dir='ltr'>τῶν</span> <span class='ocrx_word' id='word_1_283' title='bbox 366 1881 517 1910; x_wconf 75' lang='grc' dir='ltr'>ἐπισκόπων</span> <span class='ocrx_word' id='word_1_284' title='bbox 537 1884 574 1922; x_wconf 82' lang='grc' dir='ltr'>τῷ</span> <span class='ocrx_word' id='word_1_285' title='bbox 590 1881 710 1921; x_wconf 79' lang='grc' dir='ltr'>Ἰωάννῃ,</span> <span class='ocrx_word' id='word_1_286' title='bbox 725 1883 739 1895; x_wconf 85' lang='lat'>*</span> <span class='ocrx_word' id='word_1_287' title='bbox 751 1885 832 1913; x_wconf 77' lang='grc' dir='ltr'>ἀκού-</span> 
     </span>
     <span class='ocr_line' id='line_1_40' title="bbox 66 1925 831 1965; baseline 0.008 -12"><span class='ocrx_word' id='word_1_288' title='bbox 66 1936 157 1958; x_wconf 81' lang='grc' dir='ltr'>σαντες</span> <span class='ocrx_word' id='word_1_289' title='bbox 171 1925 217 1960; x_wconf 62' lang='grc' dir='ltr'>τὴν</span> <span class='ocrx_word' id='word_1_290' title='bbox 231 1925 338 1963; x_wconf 77' lang='grc' dir='ltr'>δύναμιν</span> <span class='ocrx_word' id='word_1_291' title='bbox 351 1930 397 1955; x_wconf 66' lang='grc' dir='ltr'>τοῦ</span> <span class='ocrx_word' id='word_1_292' title='bbox 419 1927 530 1965; x_wconf 68' lang='grc' dir='ltr'>βιὲλίου·</span> <span class='ocrx_word' id='word_1_293' title='bbox 544 1930 566 1956; x_wconf 87' lang='grc' dir='ltr'>εἰ</span> <span class='ocrx_word' id='word_1_294' title='bbox 581 1929 626 1956; x_wconf 82' lang='grc' dir='ltr'>καὶ</span> <span class='ocrx_word' id='word_1_295' title='bbox 641 1930 792 1965; x_wconf 72' lang='grc' dir='ltr'>ταμάλιστα</span> <span class='ocrx_word' id='word_1_296' title='bbox 805 1931 831 1959; x_wconf 80' lang='grc' dir='ltr'>ἒν</span> 
     </span>
     <span class='ocr_line' id='line_1_41' title="bbox 65 1971 833 2013; baseline 0.008 -15"><span class='ocrx_word' id='word_1_297' title='bbox 65 1973 111 1999; x_wconf 69' lang='grc' dir='ltr'>τοῦ</span> <span class='ocrx_word' id='word_1_298' title='bbox 128 1971 183 2003; x_wconf 80' lang='grc' dir='ltr'>ἑνὸς</span> <span class='ocrx_word' id='word_1_299' title='bbox 203 1972 345 2009; x_wconf 68' lang='grc' dir='ltr'>κεφαλαίου</span> <span class='ocrx_word' id='word_1_300' title='bbox 360 1973 484 2005; x_wconf 49' lang='lat' dir='ltr'>›Just-2265,-</span> <span class='ocrx_word' id='word_1_301' title='bbox 498 1975 569 2007; x_wconf 84' lang='grc' dir='ltr'>ε’στι,</span> <span class='ocrx_word' id='word_1_302' title='bbox 585 1974 629 2002; x_wconf 77' lang='grc' dir='ltr'>καὶ</span> <span class='ocrx_word' id='word_1_303' title='bbox 647 1976 833 2013; x_wconf 78' lang='grc' dir='ltr'>ἀπηγορευμέ-</span> 
     </span>
     <span class='ocr_line' id='line_1_42' title="bbox 66 2017 832 2060; baseline 0.008 -16"><span class='ocrx_word' id='word_1_304' title='bbox 66 2027 107 2044; x_wconf 89' lang='grc' dir='ltr'>νον</span> <span class='ocrx_word' id='word_1_305' title='bbox 124 2017 289 2055; x_wconf 71' lang='grc' dir='ltr'>πανταχόθεν</span> <span class='ocrx_word' id='word_1_306' title='bbox 300 2023 352 2050; x_wconf 81' lang='grc' dir='ltr'>τοῖς</span> <span class='ocrx_word' id='word_1_307' title='bbox 366 2020 444 2057; x_wconf 81' lang='grc' dir='ltr'>ἱεροῖς</span> <span class='ocrx_word' id='word_1_308' title='bbox 455 2019 552 2056; x_wconf 74' lang='grc' dir='ltr'>νόμοις,</span> <span class='ocrx_word' id='word_1_309' title='bbox 568 2019 611 2047; x_wconf 80' lang='grc' dir='ltr'>ἵνα</span> <span class='ocrx_word' id='word_1_310' title='bbox 626 2019 651 2048; x_wconf 76' lang='grc' dir='ltr'>δὲ</span> <span class='ocrx_word' id='word_1_311' title='bbox 666 2019 702 2057; x_wconf 77' lang='grc' dir='ltr'>μὴ</span> <span class='ocrx_word' id='word_1_312' title='bbox 718 2021 832 2060; x_wconf 73' lang='grc' dir='ltr'>δόξωμεν</span> 
     </span>
     <span class='ocr_line' id='line_1_43' title="bbox 67 2063 832 2105; baseline 0.008 -15"><span class='ocrx_word' id='word_1_313' title='bbox 67 2063 93 2091; x_wconf 82' lang='grc' dir='ltr'>ἐν</span> <span class='ocrx_word' id='word_1_314' title='bbox 108 2066 161 2094; x_wconf 86' lang='grc' dir='ltr'>τοῖς</span> <span class='ocrx_word' id='word_1_315' title='bbox 175 2063 383 2099; x_wconf 63' lang='grc' dir='ltr'>αιῖοποὸεδληκόσι</span> <span class='ocrx_word' id='word_1_316' title='bbox 397 2065 444 2099; x_wconf 60' lang='grc' dir='ltr'>τὴν</span> <span class='ocrx_word' id='word_1_317' title='bbox 462 2065 566 2094; x_wconf 75' lang='grc' dir='ltr'>ἅπασαν</span> <span class='ocrx_word' id='word_1_318' title='bbox 581 2066 678 2105; x_wconf 69' lang='grc' dir='ltr'>ο-[ρλῆν</span> <span class='ocrx_word' id='word_1_319' title='bbox 691 2070 832 2100; x_wconf 76' lang='grc' dir='ltr'>ποιεῖσθαι,</span> 
     </span>
     <span class='ocr_line' id='line_1_44' title="bbox 66 2108 832 2152; baseline 0.005 -15"><span class='ocrx_word' id='word_1_320' title='bbox 66 2108 119 2137; x_wconf 77' lang='grc' dir='ltr'>ἀπὸ</span> <span class='ocrx_word' id='word_1_321' title='bbox 139 2112 184 2138; x_wconf 78' lang='grc' dir='ltr'>τοῦ</span> <span class='ocrx_word' id='word_1_322' title='bbox 206 2110 413 2148; x_wconf 72' lang='grc' dir='ltr'>φρικωδεστέρου</span> <span class='ocrx_word' id='word_1_323' title='bbox 430 2114 447 2145; x_wconf 74' lang='grc' dir='ltr'>ἦ</span> <span class='ocrx_word' id='word_1_324' title='bbox 462 2111 577 2145; x_wconf 75' lang='grc' dir='ltr'>ἐξέτασις</span> <span class='ocrx_word' id='word_1_325' title='bbox 591 2112 711 2150; x_wconf 79' lang='grc' dir='ltr'>γένηται.</span> <span class='ocrx_word' id='word_1_326' title='bbox 728 2114 761 2141; x_wconf 77' lang='grc' dir='ltr'>Εἰ</span> <span class='ocrx_word' id='word_1_327' title='bbox 781 2114 832 2152; x_wconf 84' lang='grc' dir='ltr'>γὰρ</span> 
     </span>
     <span class='ocr_line' id='line_1_45' title="bbox 64 2155 832 2198; baseline 0.008 -16"><span class='ocrx_word' id='word_1_328' title='bbox 64 2155 148 2184; x_wconf 75' lang='grc' dir='ltr'>ἐκεῖνο</span> <span class='ocrx_word' id='word_1_329' title='bbox 172 2156 266 2190; x_wconf 77' lang='grc' dir='ltr'>ἀληθὲς</span> <span class='ocrx_word' id='word_1_330' title='bbox 288 2156 402 2194; x_wconf 78' lang='grc' dir='ltr'>εὑρεθείη</span> <span class='ocrx_word' id='word_1_331' title='bbox 412 2179 419 2191; x_wconf 90' lang='grc'><strong>,</strong></span> <span class='ocrx_word' id='word_1_332' title='bbox 436 2158 482 2185; x_wconf 75' lang='grc' dir='ltr'>οὐκ</span> <span class='ocrx_word' id='word_1_333' title='bbox 506 2157 576 2185; x_wconf 79' lang='grc' dir='ltr'>ἔστιν</span> <span class='ocrx_word' id='word_1_334' title='bbox 600 2158 751 2197; x_wconf 68' lang='grc' dir='ltr'>ἀντίρρησις</span> <span class='ocrx_word' id='word_1_335' title='bbox 773 2159 832 2198; x_wconf 77' lang='grc' dir='ltr'>περὶ</span> 
     </span>
     <span class='ocr_line' id='line_1_46' title="bbox 63 2202 833 2244; baseline 0.006 -16"><span class='ocrx_word' id='word_1_336' title='bbox 63 2203 116 2229; x_wconf 77' lang='grc' dir='ltr'>τῶν</span> <span class='ocrx_word' id='word_1_337' title='bbox 130 2202 228 2229; x_wconf 75' lang='grc' dir='ltr'>λοιπῶν</span> <span class='ocrx_word' id='word_1_338' title='bbox 249 2202 411 2240; x_wconf 52' lang='grc' dir='ltr'>κεφαλαίων,</span> <span class='ocrx_word' id='word_1_339' title='bbox 427 2205 473 2237; x_wconf 64' lang='grc' dir='ltr'>τῆς</span> <span class='ocrx_word' id='word_1_340' title='bbox 489 2203 559 2241; x_wconf 76' lang='grc' dir='ltr'>ῥίζης</span> <span class='ocrx_word' id='word_1_341' title='bbox 577 2204 673 2233; x_wconf 77' lang='grc' dir='ltr'>ἐκείνου</span> <span class='ocrx_word' id='word_1_342' title='bbox 689 2207 734 2232; x_wconf 76' lang='grc' dir='ltr'>τοῦ</span> <span class='ocrx_word' id='word_1_343' title='bbox 749 2217 833 2244; x_wconf 59' lang='grc' dir='ltr'>κεφα-</span> 
     </span>
     <span class='ocr_line' id='line_1_47' title="bbox 64 2242 832 2288; baseline 0.007 -14"><span class='ocrx_word' id='word_1_344' title='bbox 64 2245 138 2275; x_wconf 85' lang='grc' dir='ltr'>λαίου</span> <span class='ocrx_word' id='word_1_345' title='bbox 152 2251 204 2275; x_wconf 73' lang='grc' dir='ltr'>πᾶν</span> <span class='ocrx_word' id='word_1_346' title='bbox 219 2242 285 2279; x_wconf 68' lang='grc' dir='ltr'>εἶδος</span> <span class='ocrx_word' id='word_1_347' title='bbox 301 2248 394 2281; x_wconf 81' lang='grc' dir='ltr'>κακίας</span> <span class='ocrx_word' id='word_1_348' title='bbox 413 2249 645 2288; x_wconf 68' lang='grc' dir='ltr'>καρποφορούσης,</span> <span class='ocrx_word' id='word_1_349' title='bbox 658 2251 725 2278; x_wconf 87' lang='grc' dir='ltr'>κατὰ</span> <span class='ocrx_word' id='word_1_350' title='bbox 740 2251 783 2279; x_wconf 78' lang='grc' dir='ltr'>τὸν</span> <span class='ocrx_word' id='word_1_351' title='bbox 796 2253 832 2279; x_wconf 84' lang='grc' dir='ltr'>εἰ-</span> 
     </span>
     <span class='ocr_line' id='line_1_48' title="bbox 63 2291 831 2336; baseline 0.009 -17"><span class='ocrx_word' id='word_1_352' title='bbox 63 2292 156 2320; x_wconf 81' lang='grc' dir='ltr'>πόντα·</span> <span class='ocrx_word' id='word_1_353' title='bbox 170 2291 246 2325; x_wconf 58' lang='grc' dir='ltr'>ξΡίζα</span> <span class='ocrx_word' id='word_1_354' title='bbox 263 2293 369 2322; x_wconf 76' lang='grc' dir='ltr'>πάντων</span> <span class='ocrx_word' id='word_1_355' title='bbox 389 2296 478 2322; x_wconf 81' lang='grc' dir='ltr'>κακῶν</span> <span class='ocrx_word' id='word_1_356' title='bbox 497 2296 567 2323; x_wconf 82' lang='grc' dir='ltr'>ἐστιν</span> <span class='ocrx_word' id='word_1_357' title='bbox 580 2299 596 2330; x_wconf 82' lang='grc' dir='ltr'>ἧ</span> <span class='ocrx_word' id='word_1_358' title='bbox 610 2296 782 2336; x_wconf 73' lang='grc' dir='ltr'>φιλαργυρία.</span> <span class='ocrx_word' id='word_1_359' title='bbox 798 2297 831 2325; x_wconf 76' lang='lat'>‘0</span> 
     </span>
     <span class='ocr_line' id='line_1_49' title="bbox 63 2337 832 2379; baseline 0.008 -15"><span class='ocrx_word' id='word_1_360' title='bbox 63 2337 113 2375; x_wconf 73' lang='grc' dir='ltr'>γὰρ</span> <span class='ocrx_word' id='word_1_361' title='bbox 127 2338 167 2365; x_wconf 81' lang='grc' dir='ltr'>ἐπ’</span> <span class='ocrx_word' id='word_1_362' title='bbox 181 2337 274 2376; x_wconf 75' lang='grc' dir='ltr'>ἀθῴοις</span> <span class='ocrx_word' id='word_1_363' title='bbox 288 2340 359 2378; x_wconf 77' lang='grc' dir='ltr'>δῶρα</span> <span class='ocrx_word' id='word_1_364' title='bbox 371 2339 470 2376; x_wconf 65' lang='grc' dir='ltr'>λαὲὼν,</span> <span class='ocrx_word' id='word_1_365' title='bbox 483 2341 527 2368; x_wconf 78' lang='grc' dir='ltr'>καὶ</span> <span class='ocrx_word' id='word_1_366' title='bbox 543 2341 589 2374; x_wconf 72' lang='grc' dir='ltr'>τὴν</span> <span class='ocrx_word' id='word_1_367' title='bbox 603 2344 647 2369; x_wconf 73' lang='grc' dir='ltr'>τοῦ</span> <span class='ocrx_word' id='word_1_368' title='bbox 661 2341 734 2379; x_wconf 79' lang='grc' dir='ltr'>ἁγίου</span> <span class='ocrx_word' id='word_1_369' title='bbox 749 2343 832 2370; x_wconf 78' lang='grc' dir='ltr'>Πνεύ-</span> 
     </span>
     <span class='ocr_line' id='line_1_50' title="bbox 65 2384 832 2425; baseline 0.009 -15"><span class='ocrx_word' id='word_1_370' title='bbox 65 2395 146 2420; x_wconf 85' lang='grc' dir='ltr'>ματος</span> <span class='ocrx_word' id='word_1_371' title='bbox 161 2384 287 2422; x_wconf 79' lang='grc' dir='ltr'>διανομὴν</span> <span class='ocrx_word' id='word_1_372' title='bbox 302 2386 417 2424; x_wconf 64' lang='grc' dir='ltr'>ἀργυρίῳ</span> <span class='ocrx_word' id='word_1_373' title='bbox 435 2388 625 2424; x_wconf 60' lang='grc' dir='ltr'>ἀπεμπολῆσαι</span> <span class='ocrx_word' id='word_1_374' title='bbox 639 2388 765 2425; x_wconf 76' lang='grc' dir='ltr'>νομίσας,</span> <span class='ocrx_word' id='word_1_375' title='bbox 777 2391 832 2421; x_wconf 80' lang='grc' dir='ltr'>πῶς</span> 
     </span>
     <span class='ocr_line' id='line_1_51' title="bbox 63 2427 832 2470; baseline 0.009 -16"><span class='ocrx_word' id='word_1_376' title='bbox 63 2427 181 2466; x_wconf 68' lang='grc' dir='ltr'>φείσεται</span> <span class='ocrx_word' id='word_1_377' title='bbox 192 2427 231 2455; x_wconf 80' lang='grc' dir='ltr'>ἔτι</span> <span class='ocrx_word' id='word_1_378' title='bbox 244 2430 388 2466; x_wconf 77' lang='grc' dir='ltr'>κειμηλίων</span> <span class='ocrx_word' id='word_1_379' title='bbox 404 2430 420 2465; x_wconf 80' lang='grc' dir='ltr'>ἢ</span> <span class='ocrx_word' id='word_1_380' title='bbox 437 2431 516 2459; x_wconf 75' lang='grc' dir='ltr'>λίθων</span> <span class='ocrx_word' id='word_1_381' title='bbox 531 2431 548 2466; x_wconf 68' lang='grc' dir='ltr'>ἢ</span> <span class='ocrx_word' id='word_1_382' title='bbox 561 2432 667 2470; x_wconf 68' lang='grc' dir='ltr'>χωρίων</span> <span class='ocrx_word' id='word_1_383' title='bbox 680 2435 727 2467; x_wconf 75' lang='grc' dir='ltr'>τῆς</span> <span class='ocrx_word' id='word_1_384' title='bbox 739 2434 832 2468; x_wconf 75' lang='grc' dir='ltr'>ἔκκλη-</span> 
     </span>
    </p>
   </div>
   <div class='ocr_carea' id='block_1_10' title="bbox 64 2473 832 2517">
    <p class='ocr_par' dir='ltr' id='par_1_10' title="bbox 64 2473 832 2517">
     <span class='ocr_line' id='line_1_52' title="bbox 64 2473 832 2517; baseline 0.008 -16"><span class='ocrx_word' id='word_1_385' title='bbox 64 2473 137 2508; x_wconf 81' lang='grc' dir='ltr'>σίας;</span> <span class='ocrx_word' id='word_1_386' title='bbox 149 2473 217 2502; x_wconf 81' lang='grc' dir='ltr'>Τότε</span> <span class='ocrx_word' id='word_1_387' title='bbox 231 2476 245 2502; x_wconf 80' lang='grc' dir='ltr'>ὁ</span> <span class='ocrx_word' id='word_1_388' title='bbox 260 2474 383 2510; x_wconf 82' lang='grc' dir='ltr'>Ἰωάννης</span> <span class='ocrx_word' id='word_1_389' title='bbox 397 2477 507 2516; x_wconf 73' lang='grc' dir='ltr'>ἄρχεται</span> <span class='ocrx_word' id='word_1_390' title='bbox 521 2480 567 2513; x_wconf 76' lang='grc' dir='ltr'>τῆς</span> <span class='ocrx_word' id='word_1_391' title='bbox 580 2478 734 2514; x_wconf 72' lang='grc' dir='ltr'>ἐξετάσεως,</span> <span class='ocrx_word' id='word_1_392' title='bbox 746 2479 832 2517; x_wconf 68' lang='grc' dir='ltr'>φήσας</span> 
     </span>
    </p>
   </div>
   <div class='ocr_carea' id='block_1_11' title="bbox 64 2571 815 2651">
    <p class='ocr_par' dir='ltr' id='par_1_11' title="bbox 64 2571 815 2651">
     <span class='ocr_line' id='line_1_53' title="bbox 98 2571 815 2610; baseline 0.01 -13"><span class='ocrx_word' id='word_1_393' title='bbox 98 2575 109 2585; x_wconf 78' lang='grc'><em>“</em></span> <span class='ocrx_word' id='word_1_394' title='bbox 130 2571 190 2606; x_wconf 84' lang='lat' dir='ltr'>[Sic</span> <span class='ocrx_word' id='word_1_395' title='bbox 203 2581 269 2599; x_wconf 84' lang='lat' dir='ltr'>recte</span> <span class='ocrx_word' id='word_1_396' title='bbox 283 2575 348 2602; x_wconf 84' lang='lat' dir='ltr'>eod.</span> <span class='ocrx_word' id='word_1_397' title='bbox 360 2582 384 2600; x_wconf 84' lang='lat' dir='ltr'>et.</span> <span class='ocrx_word' id='word_1_398' title='bbox 396 2577 684 2610; x_wconf 69' lang='lat' dir='ltr'>Georgius.⁵,1.egeba1ur</span> <span class='ocrx_word' id='word_1_399' title='bbox 697 2581 815 2606; x_wconf 50' lang='grc' dir='ltr'>ἀκτάς-ατε.</span> 
     </span>
     <span class='ocr_line' id='line_1_54' title="bbox 64 2614 790 2651; baseline 0.006 -12"><span class='ocrx_word' id='word_1_400' title='bbox 64 2615 94 2639; x_wconf 78' lang='lat' dir='ltr'>Et</span> <span class='ocrx_word' id='word_1_401' title='bbox 108 2622 166 2639; x_wconf 73' lang='lat' dir='ltr'>mox</span> <span class='ocrx_word' id='word_1_402' title='bbox 183 2614 246 2639; x_wconf 82' lang='lat' dir='ltr'>eod.</span> <span class='ocrx_word' id='word_1_403' title='bbox 266 2620 393 2650; x_wconf 60' lang='grc' dir='ltr'>κεῗάὶαισν.</span> <span class='ocrx_word' id='word_1_404' title='bbox 404 2617 547 2643; x_wconf 80' lang='lat' dir='ltr'>Genitivum</span> <span class='ocrx_word' id='word_1_405' title='bbox 560 2617 636 2642; x_wconf 69' lang='lat' dir='ltr'>hahet</span> <span class='ocrx_word' id='word_1_406' title='bbox 648 2618 790 2651; x_wconf 78' lang='lat' dir='ltr'>Georgius.]</span> 
     </span>
    </p>
   </div>
   <div class='ocr_carea' id='block_1_12' title="bbox 884 199 1631 1600">
    <p class='ocr_par' dir='ltr' id='par_1_12' title="bbox 884 199 1631 1600">
     <span class='ocr_line' id='line_1_55' title="bbox 1578 199 1622 245; baseline 0 0"><span class='ocrx_word' id='word_1_407' title='bbox 1578 199 1622 245; x_wconf 79' lang='lat'>57</span> 
     </span>
     <span class='ocr_line' id='line_1_56' title="bbox 893 271 1630 311; baseline -0.001 -11"><span class='ocrx_word' id='word_1_408' title='bbox 893 271 988 310; x_wconf 81' lang='lat' dir='ltr'>gerint.</span> <span class='ocrx_word' id='word_1_409' title='bbox 1003 273 1107 301; x_wconf 85' lang='lat' dir='ltr'>Verum</span> <span class='ocrx_word' id='word_1_410' title='bbox 1135 271 1264 311; x_wconf 79' lang='lat' dir='ltr'>patienter</span> <span class='ocrx_word' id='word_1_411' title='bbox 1288 271 1356 300; x_wconf 83' lang='lat' dir='ltr'>feras</span> <span class='ocrx_word' id='word_1_412' title='bbox 1385 281 1442 306; x_wconf 88' lang='lat' dir='ltr'>me,</span> <span class='ocrx_word' id='word_1_413' title='bbox 1464 271 1585 306; x_wconf 87' lang='lat' dir='ltr'>obsecro,</span> <span class='ocrx_word' id='word_1_414' title='bbox 1600 279 1630 300; x_wconf 87' lang='lat' dir='ltr'>ut</span> 
     </span>
     <span class='ocr_line' id='line_1_57' title="bbox 890 316 1627 356; baseline 0 -10"><span class='ocrx_word' id='word_1_415' title='bbox 890 317 954 346; x_wconf 87' lang='lat' dir='ltr'>hinc</span> <span class='ocrx_word' id='word_1_416' title='bbox 978 328 1085 356; x_wconf 87' lang='lat' dir='ltr'>quoque</span> <span class='ocrx_word' id='word_1_417' title='bbox 1106 317 1217 347; x_wconf 85' lang='lat' dir='ltr'>Joaonis</span> <span class='ocrx_word' id='word_1_418' title='bbox 1236 316 1445 346; x_wconf 73' lang='lat' dir='ltr'>moderationem</span> <span class='ocrx_word' id='word_1_419' title='bbox 1470 317 1627 351; x_wconf 81' lang='lat' dir='ltr'>admireris,</span> 
     </span>
     <span class='ocr_line' id='line_1_58' title="bbox 891 363 1631 402; baseline 0 -9"><span class='ocrx_word' id='word_1_420' title='bbox 891 365 936 402; x_wconf 90' lang='lat' dir='ltr'>qui</span> <span class='ocrx_word' id='word_1_421' title='bbox 966 364 1055 393; x_wconf 88' lang='lat' dir='ltr'>sedato</span> <span class='ocrx_word' id='word_1_422' title='bbox 1078 365 1184 393; x_wconf 79' lang='lat' dir='ltr'>interim</span> <span class='ocrx_word' id='word_1_423' title='bbox 1206 363 1279 399; x_wconf 90' lang='lat' dir='ltr'>zelo,</span> <span class='ocrx_word' id='word_1_424' title='bbox 1296 363 1368 392; x_wconf 85' lang='lat' dir='ltr'>dixit</span> <span class='ocrx_word' id='word_1_425' title='bbox 1389 363 1526 392; x_wconf 74' lang='lat' dir='ltr'>Eusebio:</span> <span class='ocrx_word' id='word_1_426' title='bbox 1541 364 1631 393; x_wconf 66' lang='lat' dir='ltr'>Euse-</span> 
     </span>
     <span class='ocr_line' id='line_1_59' title="bbox 890 410 1630 449; baseline 0 -10"><span class='ocrx_word' id='word_1_427' title='bbox 890 410 918 439; x_wconf 89' lang='lat' dir='ltr'>bi</span> <span class='ocrx_word' id='word_1_428' title='bbox 933 411 1028 447; x_wconf 81' lang='lat' dir='ltr'>frater,</span> <span class='ocrx_word' id='word_1_429' title='bbox 1041 410 1167 449; x_wconf 85' lang='lat' dir='ltr'>quoniam</span> <span class='ocrx_word' id='word_1_430' title='bbox 1189 421 1257 449; x_wconf 82' lang='lat' dir='ltr'>saepe</span> <span class='ocrx_word' id='word_1_431' title='bbox 1275 410 1306 438; x_wconf 84' lang='lat' dir='ltr'>fit</span> <span class='ocrx_word' id='word_1_432' title='bbox 1326 417 1356 438; x_wconf 85' lang='lat' dir='ltr'>ut</span> <span class='ocrx_word' id='word_1_433' title='bbox 1373 410 1553 439; x_wconf 80' lang='lat' dir='ltr'>accusationes</span> <span class='ocrx_word' id='word_1_434' title='bbox 1571 421 1630 449; x_wconf 78' lang='lat' dir='ltr'>quae</span> 
     </span>
     <span class='ocr_line' id='line_1_60' title="bbox 890 456 1631 496; baseline 0.003 -12"><span class='ocrx_word' id='word_1_435' title='bbox 890 456 959 485; x_wconf 87' lang='lat' dir='ltr'>fiunt</span> <span class='ocrx_word' id='word_1_436' title='bbox 979 467 993 485; x_wconf 83' lang='lat' dir='ltr'>a</span> <span class='ocrx_word' id='word_1_437' title='bbox 1015 456 1214 496; x_wconf 68' lang='lat' dir='ltr'>perturbatione</span> <span class='ocrx_word' id='word_1_438' title='bbox 1233 456 1333 492; x_wconf 87' lang='lat' dir='ltr'>animi,</span> <span class='ocrx_word' id='word_1_439' title='bbox 1348 456 1439 484; x_wconf 75' lang='lat' dir='ltr'>faciles</span> <span class='ocrx_word' id='word_1_440' title='bbox 1461 456 1631 495; x_wconf 80' lang='lat' dir='ltr'>probationes</span> 
     </span>
     <span class='ocr_line' id='line_1_61' title="bbox 891 502 1630 537; baseline -0.001 -6"><span class='ocrx_word' id='word_1_441' title='bbox 891 513 943 531; x_wconf 89' lang='lat' dir='ltr'>non</span> <span class='ocrx_word' id='word_1_442' title='bbox 958 502 1073 531; x_wconf 69' lang='lat' dir='ltr'>habeant</span> <span class='ocrx_word' id='word_1_443' title='bbox 1083 525 1090 537; x_wconf 92' lang='lat'>,</span> <span class='ocrx_word' id='word_1_444' title='bbox 1114 503 1170 531; x_wconf 87' lang='lat' dir='ltr'>sine</span> <span class='ocrx_word' id='word_1_445' title='bbox 1185 509 1210 530; x_wconf 89' lang='lat' dir='ltr'>te</span> <span class='ocrx_word' id='word_1_446' title='bbox 1231 503 1358 537; x_wconf 82' lang='lat' dir='ltr'>exorari,</span> <span class='ocrx_word' id='word_1_447' title='bbox 1377 509 1406 530; x_wconf 88' lang='lat' dir='ltr'>ut</span> <span class='ocrx_word' id='word_1_448' title='bbox 1420 513 1504 530; x_wconf 80' lang='lat' dir='ltr'>cesses</span> <span class='ocrx_word' id='word_1_449' title='bbox 1519 503 1630 531; x_wconf 79' lang='lat' dir='ltr'>Antoni-</span> 
     </span>
     <span class='ocr_line' id='line_1_62' title="bbox 890 548 1630 587; baseline -0.001 -10"><span class='ocrx_word' id='word_1_450' title='bbox 890 559 955 577; x_wconf 90' lang='lat' dir='ltr'>num</span> <span class='ocrx_word' id='word_1_451' title='bbox 968 550 1076 578; x_wconf 86' lang='lat' dir='ltr'>fratrem</span> <span class='ocrx_word' id='word_1_452' title='bbox 1091 549 1190 587; x_wconf 84' lang='lat' dir='ltr'>scripto</span> <span class='ocrx_word' id='word_1_453' title='bbox 1210 559 1351 583; x_wconf 77' lang='lat' dir='ltr'>accusare,</span> <span class='ocrx_word' id='word_1_454' title='bbox 1369 548 1446 576; x_wconf 85' lang='lat' dir='ltr'>nobis</span> <span class='ocrx_word' id='word_1_455' title='bbox 1461 559 1553 577; x_wconf 81' lang='lat' dir='ltr'>causas</span> <span class='ocrx_word' id='word_1_456' title='bbox 1568 559 1630 577; x_wconf 90' lang='lat' dir='ltr'>mo—</span> 
     </span>
     <span class='ocr_line' id='line_1_63' title="bbox 890 593 1630 631; baseline 0 -9"><span class='ocrx_word' id='word_1_457' title='bbox 890 594 972 622; x_wconf 73' lang='lat' dir='ltr'>lestiae</span> <span class='ocrx_word' id='word_1_458' title='bbox 992 594 1197 631; x_wconf 73' lang='lat' dir='ltr'>corrigentibus.</span> <span class='ocrx_word' id='word_1_459' title='bbox 1220 594 1262 622; x_wconf 82' lang='lat' dir='ltr'>Ad</span> <span class='ocrx_word' id='word_1_460' title='bbox 1279 593 1336 622; x_wconf 80' lang='lat' dir='ltr'>haec</span> <span class='ocrx_word' id='word_1_461' title='bbox 1357 596 1396 622; x_wconf 89' lang='lat' dir='ltr'>ira</span> <span class='ocrx_word' id='word_1_462' title='bbox 1411 604 1553 628; x_wconf 83' lang='lat' dir='ltr'>accensus,</span> <span class='ocrx_word' id='word_1_463' title='bbox 1574 594 1630 622; x_wconf 89' lang='lat' dir='ltr'>du-</span> 
     </span>
     <span class='ocr_line' id='line_1_64' title="bbox 889 639 1631 676; baseline -0.001 -7"><span class='ocrx_word' id='word_1_464' title='bbox 889 640 1007 669; x_wconf 87' lang='lat' dir='ltr'>rioribus</span> <span class='ocrx_word' id='word_1_465' title='bbox 1030 651 1094 668; x_wconf 92' lang='lat' dir='ltr'>usus</span> <span class='ocrx_word' id='word_1_466' title='bbox 1120 647 1158 668; x_wconf 88' lang='lat' dir='ltr'>est</span> <span class='ocrx_word' id='word_1_467' title='bbox 1178 640 1288 676; x_wconf 78' lang='lat' dir='ltr'>verbis,</span> <span class='ocrx_word' id='word_1_468' title='bbox 1314 639 1442 668; x_wconf 78' lang='lat' dir='ltr'>adversus</span> <span class='ocrx_word' id='word_1_469' title='bbox 1465 639 1631 668; x_wconf 73' lang='lat' dir='ltr'>Antoninum</span> 
     </span>
     <span class='ocr_line' id='line_1_65' title="bbox 889 685 1629 725; baseline -0.001 -10"><span class='ocrx_word' id='word_1_470' title='bbox 889 693 960 715; x_wconf 83' lang='lat' dir='ltr'>totus</span> <span class='ocrx_word' id='word_1_471' title='bbox 972 697 998 714; x_wconf 85' lang='lat' dir='ltr'>se</span> <span class='ocrx_word' id='word_1_472' title='bbox 1008 686 1130 719; x_wconf 83' lang='lat' dir='ltr'>efferens,</span> <span class='ocrx_word' id='word_1_473' title='bbox 1145 686 1205 714; x_wconf 88' lang='lat' dir='ltr'>etin</span> <span class='ocrx_word' id='word_1_474' title='bbox 1218 685 1384 714; x_wconf 74' lang='lat' dir='ltr'>accusatione</span> <span class='ocrx_word' id='word_1_475' title='bbox 1395 686 1545 725; x_wconf 83' lang='lat' dir='ltr'>persistens.</span> <span class='ocrx_word' id='word_1_476' title='bbox 1559 686 1629 714; x_wconf 90' lang='lat' dir='ltr'>Hor-</span> 
     </span>
     <span class='ocr_line' id='line_1_66' title="bbox 890 731 1629 770; baseline 0.003 -11"><span class='ocrx_word' id='word_1_477' title='bbox 890 738 961 760; x_wconf 83' lang='lat' dir='ltr'>tatur</span> <span class='ocrx_word' id='word_1_478' title='bbox 972 733 1086 761; x_wconf 85' lang='lat' dir='ltr'>Joannes</span> <span class='ocrx_word' id='word_1_479' title='bbox 1099 731 1224 765; x_wconf 81' lang='lat' dir='ltr'>Paulum,</span> <span class='ocrx_word' id='word_1_480' title='bbox 1241 731 1395 770; x_wconf 86' lang='lat' dir='ltr'>episcopum</span> <span class='ocrx_word' id='word_1_481' title='bbox 1408 732 1629 768; x_wconf 63' lang='lat' dir='ltr'>Heraeteaemam</span> 
     </span>
     <span class='ocr_line' id='line_1_67' title="bbox 888 777 1631 813; baseline 0.001 -7"><span class='ocrx_word' id='word_1_482' title='bbox 888 778 911 806; x_wconf 91' lang='lat' dir='ltr'>is</span> <span class='ocrx_word' id='word_1_483' title='bbox 923 777 1055 806; x_wconf 79' lang='lat' dir='ltr'>Antonino</span> <span class='ocrx_word' id='word_1_484' title='bbox 1068 778 1155 806; x_wconf 82' lang='lat' dir='ltr'>favere</span> <span class='ocrx_word' id='word_1_485' title='bbox 1166 777 1336 813; x_wconf 72' lang='lat' dir='ltr'>videbatur),</span> <span class='ocrx_word' id='word_1_486' title='bbox 1351 785 1379 804; x_wconf 86' lang='lat' dir='ltr'>ut</span> <span class='ocrx_word' id='word_1_487' title='bbox 1391 788 1434 806; x_wconf 91' lang='lat' dir='ltr'>eos</span> <span class='ocrx_word' id='word_1_488' title='bbox 1445 778 1471 805; x_wconf 91' lang='lat' dir='ltr'>in</span> <span class='ocrx_word' id='word_1_489' title='bbox 1485 779 1631 808; x_wconf 79' lang='lat' dir='ltr'>amicitiam</span> 
     </span>
     <span class='ocr_line' id='line_1_68' title="bbox 889 824 1630 864; baseline -0.001 -11"><span class='ocrx_word' id='word_1_490' title='bbox 889 825 1069 864; x_wconf 82' lang='lat' dir='ltr'>compelleret.</span> <span class='ocrx_word' id='word_1_491' title='bbox 1085 825 1268 862; x_wconf 80' lang='lat' dir='ltr'>Surgensque,</span> <span class='ocrx_word' id='word_1_492' title='bbox 1283 824 1419 852; x_wconf 83' lang='lat' dir='ltr'>ecelesiam</span> <span class='ocrx_word' id='word_1_493' title='bbox 1432 824 1567 862; x_wconf 84' lang='lat' dir='ltr'>ingressus</span> <span class='ocrx_word' id='word_1_494' title='bbox 1579 831 1630 861; x_wconf 79' lang='lat' dir='ltr'>est,</span> 
     </span>
     <span class='ocr_line' id='line_1_69' title="bbox 889 869 1628 910; baseline 0 -11"><span class='ocrx_word' id='word_1_495' title='bbox 889 881 940 899; x_wconf 88' lang='lat' dir='ltr'>una</span> <span class='ocrx_word' id='word_1_496' title='bbox 957 881 1017 899; x_wconf 88' lang='lat' dir='ltr'>cum</span> <span class='ocrx_word' id='word_1_497' title='bbox 1037 870 1185 910; x_wconf 77' lang='lat' dir='ltr'>episcopis3</span> <span class='ocrx_word' id='word_1_498' title='bbox 1201 877 1257 898; x_wconf 83' lang='lat' dir='ltr'>erat</span> <span class='ocrx_word' id='word_1_499' title='bbox 1278 870 1349 898; x_wconf 91' lang='lat' dir='ltr'>enim</span> <span class='ocrx_word' id='word_1_500' title='bbox 1361 869 1487 898; x_wconf 73' lang='lat' dir='ltr'>sacrificii</span> <span class='ocrx_word' id='word_1_501' title='bbox 1504 877 1628 910; x_wconf 84' lang='lat' dir='ltr'>tenipus:</span> 
     </span>
     <span class='ocr_line' id='line_1_70' title="bbox 888 916 1630 956; baseline 0.001 -12"><span class='ocrx_word' id='word_1_502' title='bbox 888 927 1032 955; x_wconf 81' lang='lat' dir='ltr'>pacemque</span> <span class='ocrx_word' id='word_1_503' title='bbox 1048 916 1148 956; x_wconf 85' lang='lat' dir='ltr'>populo</span> <span class='ocrx_word' id='word_1_504' title='bbox 1168 927 1202 945; x_wconf 80' lang='lat' dir='ltr'>ex</span> <span class='ocrx_word' id='word_1_505' title='bbox 1221 927 1294 944; x_wconf 88' lang='lat' dir='ltr'>more</span> <span class='ocrx_word' id='word_1_506' title='bbox 1314 923 1436 955; x_wconf 77' lang='lat' dir='ltr'>precatus</span> <span class='ocrx_word' id='word_1_507' title='bbox 1449 939 1456 952; x_wconf 88' lang='lat'><strong><em>,</em></strong></span> <span class='ocrx_word' id='word_1_508' title='bbox 1480 916 1550 945; x_wconf 84' lang='lat' dir='ltr'>sedit</span> <span class='ocrx_word' id='word_1_509' title='bbox 1569 927 1630 945; x_wconf 88' lang='lat' dir='ltr'>cum</span> 
     </span>
     <span class='ocr_line' id='line_1_71' title="bbox 887 962 1628 1002; baseline 0.001 -12"><span class='ocrx_word' id='word_1_510' title='bbox 887 962 997 1001; x_wconf 87' lang='lat' dir='ltr'>reliquis</span> <span class='ocrx_word' id='word_1_511' title='bbox 1011 963 1152 1002; x_wconf 87' lang='lat' dir='ltr'>episcopis.</span> <span class='ocrx_word' id='word_1_512' title='bbox 1174 963 1249 991; x_wconf 85' lang='lat' dir='ltr'><strong>Clam</strong></span> <span class='ocrx_word' id='word_1_513' title='bbox 1265 969 1353 990; x_wconf 85' lang='lat' dir='ltr'>autem</span> <span class='ocrx_word' id='word_1_514' title='bbox 1374 962 1562 1000; x_wconf 81' lang='lat' dir='ltr'>subingressus</span> <span class='ocrx_word' id='word_1_515' title='bbox 1583 973 1628 991; x_wconf 81' lang='lat' dir='ltr'>ac-</span> 
     </span>
     <span class='ocr_line' id='line_1_72' title="bbox 887 1008 1628 1048; baseline 0 -12"><span class='ocrx_word' id='word_1_516' title='bbox 887 1015 994 1037; x_wconf 85' lang='lat' dir='ltr'>cusator</span> <span class='ocrx_word' id='word_1_517' title='bbox 1008 1009 1142 1037; x_wconf 85' lang='lat' dir='ltr'>Eusebius</span> <span class='ocrx_word' id='word_1_518' title='bbox 1153 1031 1159 1043; x_wconf 92' lang='lat'>‚</span> <span class='ocrx_word' id='word_1_519' title='bbox 1176 1019 1265 1037; x_wconf 87' lang='lat' dir='ltr'>coram</span> <span class='ocrx_word' id='word_1_520' title='bbox 1280 1008 1354 1037; x_wconf 90' lang='lat' dir='ltr'>omni</span> <span class='ocrx_word' id='word_1_521' title='bbox 1369 1009 1469 1048; x_wconf 87' lang='lat' dir='ltr'>populo</span> <span class='ocrx_word' id='word_1_522' title='bbox 1484 1015 1508 1037; x_wconf 88' lang='lat' dir='ltr'>et</span> <span class='ocrx_word' id='word_1_523' title='bbox 1523 1008 1628 1048; x_wconf 84' lang='lat' dir='ltr'>episco-</span> 
     </span>
     <span class='ocr_line' id='line_1_73' title="bbox 888 1054 1630 1093; baseline 0.003 -11"><span class='ocrx_word' id='word_1_524' title='bbox 888 1054 929 1093; x_wconf 84' lang='lat' dir='ltr'>pis</span> <span class='ocrx_word' id='word_1_525' title='bbox 944 1054 1067 1082; x_wconf 85' lang='lat' dir='ltr'>libellum</span> <span class='ocrx_word' id='word_1_526' title='bbox 1081 1055 1165 1083; x_wconf 82' lang='lat' dir='ltr'>alium</span> <span class='ocrx_word' id='word_1_527' title='bbox 1178 1055 1254 1082; x_wconf 84' lang='lat' dir='ltr'>olsert</span> <span class='ocrx_word' id='word_1_528' title='bbox 1266 1054 1358 1083; x_wconf 85' lang='lat' dir='ltr'>eadem</span> <span class='ocrx_word' id='word_1_529' title='bbox 1374 1054 1550 1083; x_wconf 85' lang='lat' dir='ltr'>continentem</span> <span class='ocrx_word' id='word_1_530' title='bbox 1564 1055 1630 1084; x_wconf 84' lang='lat' dir='ltr'>:ad-</span> 
     </span>
     <span class='ocr_line' id='line_1_74' title="bbox 884 1100 1629 1139; baseline 0.003 -12"><span class='ocrx_word' id='word_1_531' title='bbox 884 1101 978 1139; x_wconf 88' lang='lat' dir='ltr'>jurans</span> <span class='ocrx_word' id='word_1_532' title='bbox 1000 1101 1130 1129; x_wconf 89' lang='lat' dir='ltr'>Joannem</span> <span class='ocrx_word' id='word_1_533' title='bbox 1155 1100 1297 1129; x_wconf 76' lang='lat' dir='ltr'>horrendis</span> <span class='ocrx_word' id='word_1_534' title='bbox 1317 1101 1476 1139; x_wconf 85' lang='lat' dir='ltr'>juramentis</span> <span class='ocrx_word' id='word_1_535' title='bbox 1489 1123 1496 1137; x_wconf 86' lang='lat'><strong><em>,</em></strong></span> <span class='ocrx_word' id='word_1_536' title='bbox 1531 1101 1629 1139; x_wconf 88' lang='lat' dir='ltr'>quibus</span> 
     </span>
     <span class='ocr_line' id='line_1_75' title="bbox 887 1146 1630 1185; baseline 0.001 -11"><span class='ocrx_word' id='word_1_537' title='bbox 887 1146 998 1174; x_wconf 83' lang='lat' dir='ltr'>salutem</span> <span class='ocrx_word' id='word_1_538' title='bbox 1009 1157 1116 1184; x_wconf 88' lang='lat' dir='ltr'>quoque</span> <span class='ocrx_word' id='word_1_539' title='bbox 1128 1147 1320 1185; x_wconf 79' lang='lat' dir='ltr'>Imperatorum</span> <span class='ocrx_word' id='word_1_540' title='bbox 1334 1146 1488 1185; x_wconf 79' lang='lat' dir='ltr'>complexus</span> <span class='ocrx_word' id='word_1_541' title='bbox 1500 1153 1546 1181; x_wconf 89' lang='lat' dir='ltr'>est,</span> <span class='ocrx_word' id='word_1_542' title='bbox 1560 1147 1630 1175; x_wconf 90' lang='lat' dir='ltr'>mul·</span> 
     </span>
     <span class='ocr_line' id='line_1_76' title="bbox 887 1193 1629 1232; baseline 0.001 -12"><span class='ocrx_word' id='word_1_543' title='bbox 887 1199 914 1220; x_wconf 81' lang='lat' dir='ltr'>ta</span> <span class='ocrx_word' id='word_1_544' title='bbox 936 1203 996 1221; x_wconf 89' lang='lat' dir='ltr'>cum</span> <span class='ocrx_word' id='word_1_545' title='bbox 1015 1193 1216 1232; x_wconf 81' lang='lat' dir='ltr'>perturbatione</span> <span class='ocrx_word' id='word_1_546' title='bbox 1237 1204 1243 1220; x_wconf 80' lang='lat' dir='ltr'>z</span> <span class='ocrx_word' id='word_1_547' title='bbox 1265 1199 1294 1220; x_wconf 85' lang='lat' dir='ltr'>ut</span> <span class='ocrx_word' id='word_1_548' title='bbox 1314 1199 1437 1231; x_wconf 79' lang='lat' dir='ltr'>putarent</span> <span class='ocrx_word' id='word_1_549' title='bbox 1460 1193 1554 1231; x_wconf 88' lang='lat' dir='ltr'>populi</span> <span class='ocrx_word' id='word_1_550' title='bbox 1572 1193 1629 1232; x_wconf 83' lang='lat' dir='ltr'>ejus</span> 
     </span>
     <span class='ocr_line' id='line_1_77' title="bbox 887 1239 1629 1278; baseline -0.001 -11"><span class='ocrx_word' id='word_1_551' title='bbox 887 1239 1068 1278; x_wconf 77' lang='lat' dir='ltr'>imprudentia</span> <span class='ocrx_word' id='word_1_552' title='bbox 1084 1239 1237 1278; x_wconf 84' lang='lat' dir='ltr'>perterriti,</span> <span class='ocrx_word' id='word_1_553' title='bbox 1255 1249 1315 1267; x_wconf 89' lang='lat' dir='ltr'>eum</span> <span class='ocrx_word' id='word_1_554' title='bbox 1329 1249 1345 1266; x_wconf 88' lang='lat' dir='ltr'>a</span> <span class='ocrx_word' id='word_1_555' title='bbox 1359 1240 1460 1267; x_wconf 88' lang='lat' dir='ltr'>Joanne</span> <span class='ocrx_word' id='word_1_556' title='bbox 1474 1245 1579 1278; x_wconf 83' lang='lat' dir='ltr'>petere,</span> <span class='ocrx_word' id='word_1_557' title='bbox 1599 1246 1629 1267; x_wconf 89' lang='lat' dir='ltr'>ut</span> 
     </span>
     <span class='ocr_line' id='line_1_78' title="bbox 887 1285 1629 1325; baseline 0.001 -12"><span class='ocrx_word' id='word_1_558' title='bbox 887 1285 971 1313; x_wconf 82' lang='lat' dir='ltr'>vitam</span> <span class='ocrx_word' id='word_1_559' title='bbox 995 1285 1047 1314; x_wconf 88' lang='lat' dir='ltr'>sibi</span> <span class='ocrx_word' id='word_1_560' title='bbox 1071 1286 1106 1314; x_wconf 88' lang='lat' dir='ltr'>ab</span> <span class='ocrx_word' id='word_1_561' title='bbox 1131 1287 1295 1325; x_wconf 81' lang='lat' dir='ltr'>Imperatore</span> <span class='ocrx_word' id='word_1_562' title='bbox 1322 1286 1485 1324; x_wconf 78' lang='lat' dir='ltr'>impetraret.</span> <span class='ocrx_word' id='word_1_563' title='bbox 1515 1287 1629 1315; x_wconf 86' lang='lat' dir='ltr'>Joannes</span> 
     </span>
     <span class='ocr_line' id='line_1_79' title="bbox 887 1330 1628 1365; baseline 0 -6"><span class='ocrx_word' id='word_1_564' title='bbox 887 1341 967 1365; x_wconf 81' lang='lat' dir='ltr'>vero,</span> <span class='ocrx_word' id='word_1_565' title='bbox 995 1338 1023 1359; x_wconf 89' lang='lat' dir='ltr'>nt</span> <span class='ocrx_word' id='word_1_566' title='bbox 1037 1331 1108 1359; x_wconf 90' lang='lat' dir='ltr'>vidit</span> <span class='ocrx_word' id='word_1_567' title='bbox 1125 1331 1277 1359; x_wconf 79' lang='lat' dir='ltr'>instantiam</span> <span class='ocrx_word' id='word_1_568' title='bbox 1292 1331 1407 1359; x_wconf 88' lang='lat' dir='ltr'>hominis</span> <span class='ocrx_word' id='word_1_569' title='bbox 1419 1354 1427 1365; x_wconf 93' lang='lat'>‚</span> <span class='ocrx_word' id='word_1_570' title='bbox 1450 1330 1558 1360; x_wconf 88' lang='lat' dir='ltr'>studens</span> <span class='ocrx_word' id='word_1_571' title='bbox 1572 1331 1628 1359; x_wconf 88' lang='lat' dir='ltr'>im-</span> 
     </span>
     <span class='ocr_line' id='line_1_80' title="bbox 887 1377 1626 1417; baseline 0.001 -12"><span class='ocrx_word' id='word_1_572' title='bbox 887 1377 1072 1416; x_wconf 76' lang='lat' dir='ltr'>perturbatum</span> <span class='ocrx_word' id='word_1_573' title='bbox 1095 1384 1181 1405; x_wconf 76' lang='lat' dir='ltr'>tenere</span> <span class='ocrx_word' id='word_1_574' title='bbox 1196 1377 1341 1416; x_wconf 90' lang='lat' dir='ltr'>populum,</span> <span class='ocrx_word' id='word_1_575' title='bbox 1363 1377 1485 1405; x_wconf 83' lang='lat' dir='ltr'>libellum</span> <span class='ocrx_word' id='word_1_576' title='bbox 1507 1378 1626 1417; x_wconf 82' lang='lat' dir='ltr'>recepit,</span> 
     </span>
     <span class='ocr_line' id='line_1_81' title="bbox 887 1423 1628 1462; baseline 0.001 -11"><span class='ocrx_word' id='word_1_577' title='bbox 887 1423 1014 1461; x_wconf 88' lang='lat' dir='ltr'>lectisque</span> <span class='ocrx_word' id='word_1_578' title='bbox 1037 1423 1137 1451; x_wconf 80' lang='lat' dir='ltr'>divinis</span> <span class='ocrx_word' id='word_1_579' title='bbox 1159 1423 1271 1461; x_wconf 85' lang='lat' dir='ltr'>eloquiis</span> <span class='ocrx_word' id='word_1_580' title='bbox 1298 1423 1493 1462; x_wconf 85' lang='lat' dir='ltr'>Pansophium,</span> <span class='ocrx_word' id='word_1_581' title='bbox 1517 1424 1628 1453; x_wconf 79' lang='lat' dir='ltr'>Pissidae</span> 
     </span>
     <span class='ocr_line' id='line_1_82' title="bbox 888 1468 1630 1508; baseline 0.003 -12"><span class='ocrx_word' id='word_1_582' title='bbox 888 1468 1043 1508; x_wconf 86' lang='lat' dir='ltr'>episcopum</span> <span class='ocrx_word' id='word_1_583' title='bbox 1052 1492 1059 1504; x_wconf 92' lang='lat'>‚</span> <span class='ocrx_word' id='word_1_584' title='bbox 1074 1475 1131 1497; x_wconf 82' lang='lat' dir='ltr'>orat</span> <span class='ocrx_word' id='word_1_585' title='bbox 1143 1475 1172 1497; x_wconf 88' lang='lat' dir='ltr'>ut</span> <span class='ocrx_word' id='word_1_586' title='bbox 1185 1469 1277 1497; x_wconf 85' lang='lat' dir='ltr'>divina</span> <span class='ocrx_word' id='word_1_587' title='bbox 1292 1468 1361 1497; x_wconf 82' lang='lat' dir='ltr'>dona</span> <span class='ocrx_word' id='word_1_588' title='bbox 1375 1469 1469 1497; x_wconf 81' lang='lat' dir='ltr'>offerat</span> <span class='ocrx_word' id='word_1_589' title='bbox 1482 1481 1487 1496; x_wconf 70' lang='grc' dir='ltr'>ι</span> <span class='ocrx_word' id='word_1_590' title='bbox 1501 1469 1556 1508; x_wconf 88' lang='lat' dir='ltr'>ipse</span> <span class='ocrx_word' id='word_1_591' title='bbox 1567 1480 1630 1498; x_wconf 90' lang='lat' dir='ltr'>cum</span> 
     </span>
     <span class='ocr_line' id='line_1_83' title="bbox 889 1514 1630 1554; baseline 0.003 -12"><span class='ocrx_word' id='word_1_592' title='bbox 889 1514 1000 1553; x_wconf 88' lang='lat' dir='ltr'>reliquis</span> <span class='ocrx_word' id='word_1_593' title='bbox 1016 1515 1146 1554; x_wconf 87' lang='lat' dir='ltr'>episcopis</span> <span class='ocrx_word' id='word_1_594' title='bbox 1158 1525 1277 1553; x_wconf 83' lang='lat' dir='ltr'>egressus</span> <span class='ocrx_word' id='word_1_595' title='bbox 1291 1522 1338 1543; x_wconf 89' lang='lat' dir='ltr'>est.</span> <span class='ocrx_word' id='word_1_596' title='bbox 1354 1515 1466 1543; x_wconf 81' lang='lat' dir='ltr'>Nolebat</span> <span class='ocrx_word' id='word_1_597' title='bbox 1481 1516 1550 1543; x_wconf 89' lang='lat' dir='ltr'>enim</span> <span class='ocrx_word' id='word_1_598' title='bbox 1566 1517 1630 1544; x_wconf 87' lang='lat' dir='ltr'>ani-</span> 
     </span>
     <span class='ocr_line' id='line_1_84' title="bbox 888 1560 1628 1600; baseline 0.003 -12"><span class='ocrx_word' id='word_1_599' title='bbox 888 1571 932 1588; x_wconf 94' lang='lat' dir='ltr'>mo</span> <span class='ocrx_word' id='word_1_600' title='bbox 944 1560 1053 1589; x_wconf 85' lang='lat' dir='ltr'>turbido</span> <span class='ocrx_word' id='word_1_601' title='bbox 1071 1561 1233 1589; x_wconf 84' lang='lat' dir='ltr'>sacrificium</span> <span class='ocrx_word' id='word_1_602' title='bbox 1249 1561 1347 1597; x_wconf 83' lang='lat' dir='ltr'>facere,</span> <span class='ocrx_word' id='word_1_603' title='bbox 1362 1561 1403 1590; x_wconf 87' lang='lat' dir='ltr'>his</span> <span class='ocrx_word' id='word_1_604' title='bbox 1418 1562 1561 1600; x_wconf 80' lang='lat' dir='ltr'>Evangelii</span> <span class='ocrx_word' id='word_1_605' title='bbox 1576 1563 1628 1591; x_wconf 93' lang='lat' dir='ltr'>ob—</span> 
     </span>
    </p>
   </div>
   <div class='ocr_carea' id='block_1_13' title="bbox 888 1607 1779 1645">
    <p class='ocr_par' dir='ltr' id='par_1_13' title="bbox 888 1607 1779 1645">
     <span class='ocr_line' id='line_1_85' title="bbox 888 1607 1779 1645; baseline 0.003 -11"><span class='ocrx_word' id='word_1_606' title='bbox 888 1612 1037 1645; x_wconf 81' lang='lat' dir='ltr'>temperans</span> <span class='ocrx_word' id='word_1_607' title='bbox 1051 1618 1059 1634; x_wconf 85' lang='lat'><strong>:</strong></span> <span class='ocrx_word' id='word_1_608' title='bbox 1077 1607 1200 1644; x_wconf 80' lang='lat' dir='ltr'>Quando</span> <span class='ocrx_word' id='word_1_609' title='bbox 1214 1607 1305 1645; x_wconf 81' lang='lat' dir='ltr'>offers</span> <span class='ocrx_word' id='word_1_610' title='bbox 1321 1618 1425 1636; x_wconf 83' lang='lat' dir='ltr'>munus</span> <span class='ocrx_word' id='word_1_611' title='bbox 1441 1614 1531 1643; x_wconf 77' lang='lat' dir='ltr'>tuum,</span> <span class='ocrx_word' id='word_1_612' title='bbox 1547 1615 1572 1636; x_wconf 86' lang='lat' dir='ltr'>et</span> <span class='ocrx_word' id='word_1_613' title='bbox 1586 1619 1629 1637; x_wconf 90' lang='lat' dir='ltr'>re-</span> <span class='ocrx_word' id='word_1_614' title='bbox 1639 1616 1724 1638; x_wconf 58' lang='lat' dir='ltr'>Manli.</span> <span class='ocrx_word' id='word_1_615' title='bbox 1756 1614 1779 1637; x_wconf 90' lang='grc'>5.</span> 
     </span>
    </p>
   </div>
   <div class='ocr_carea' id='block_1_14' title="bbox 884 1649 1677 2521">
    <p class='ocr_par' dir='ltr' id='par_1_14' title="bbox 884 1649 1677 2521">
     <span class='ocr_line' id='line_1_86' title="bbox 888 1649 1677 1690; baseline 0.004 -12"><span class='ocrx_word' id='word_1_616' title='bbox 888 1649 972 1688; x_wconf 82' lang='lat' dir='ltr'>liqna.</span> <span class='ocrx_word' id='word_1_617' title='bbox 998 1650 1034 1679; x_wconf 82' lang='lat' dir='ltr'>Et</span> <span class='ocrx_word' id='word_1_618' title='bbox 1056 1657 1116 1689; x_wconf 82' lang='lat' dir='ltr'>post</span> <span class='ocrx_word' id='word_1_619' title='bbox 1132 1651 1316 1679; x_wconf 87' lang='lat' dir='ltr'>dimissionem</span> <span class='ocrx_word' id='word_1_620' title='bbox 1339 1651 1434 1690; x_wconf 88' lang='lat' dir='ltr'>populi</span> <span class='ocrx_word' id='word_1_621' title='bbox 1458 1652 1629 1682; x_wconf 82' lang='lat' dir='ltr'>considerans</span> <span class='ocrx_word' id='word_1_622' title='bbox 1639 1651 1677 1673; x_wconf 85' lang='lat'>23.</span> 
     </span>
     <span class='ocr_line' id='line_1_87' title="bbox 887 1695 1630 1737; baseline 0.005 -14"><span class='ocrx_word' id='word_1_623' title='bbox 887 1695 960 1735; x_wconf 87' lang='lat' dir='ltr'>apud</span> <span class='ocrx_word' id='word_1_624' title='bbox 982 1707 1008 1725; x_wconf 93' lang='lat' dir='ltr'>se</span> <span class='ocrx_word' id='word_1_625' title='bbox 1022 1719 1030 1733; x_wconf 92' lang='lat'>‚</span> <span class='ocrx_word' id='word_1_626' title='bbox 1052 1704 1077 1726; x_wconf 88' lang='lat' dir='ltr'>et</span> <span class='ocrx_word' id='word_1_627' title='bbox 1102 1696 1195 1725; x_wconf 75' lang='lat' dir='ltr'>sedens</span> <span class='ocrx_word' id='word_1_628' title='bbox 1216 1697 1242 1725; x_wconf 92' lang='lat' dir='ltr'>in</span> <span class='ocrx_word' id='word_1_629' title='bbox 1264 1697 1420 1737; x_wconf 83' lang='lat' dir='ltr'>baptisterio</span> <span class='ocrx_word' id='word_1_630' title='bbox 1437 1709 1499 1726; x_wconf 85' lang='lat' dir='ltr'>cum</span> <span class='ocrx_word' id='word_1_631' title='bbox 1518 1699 1630 1737; x_wconf 87' lang='lat' dir='ltr'>reliquis</span> 
     </span>
     <span class='ocr_line' id='line_1_88' title="bbox 889 1743 1628 1782; baseline 0.004 -12"><span class='ocrx_word' id='word_1_632' title='bbox 889 1743 1037 1782; x_wconf 88' lang='lat' dir='ltr'>episcopis,</span> <span class='ocrx_word' id='word_1_633' title='bbox 1054 1751 1235 1772; x_wconf 80' lang='lat' dir='ltr'>accusatorem</span> <span class='ocrx_word' id='word_1_634' title='bbox 1249 1754 1337 1772; x_wconf 83' lang='lat' dir='ltr'>coram</span> <span class='ocrx_word' id='word_1_635' title='bbox 1353 1744 1478 1772; x_wconf 87' lang='lat' dir='ltr'>omnibus</span> <span class='ocrx_word' id='word_1_636' title='bbox 1492 1744 1607 1773; x_wconf 80' lang='lat' dir='ltr'>advocat</span> <span class='ocrx_word' id='word_1_637' title='bbox 1621 1768 1628 1782; x_wconf 90' lang='lat'>‚</span> 
     </span>
     <span class='ocr_line' id='line_1_89' title="bbox 887 1790 1629 1829; baseline 0.003 -11"><span class='ocrx_word' id='word_1_638' title='bbox 887 1790 978 1819; x_wconf 86' lang='lat' dir='ltr'>dicens</span> <span class='ocrx_word' id='word_1_639' title='bbox 999 1790 1021 1818; x_wconf 87' lang='lat' dir='ltr'>ei</span> <span class='ocrx_word' id='word_1_640' title='bbox 1035 1791 1158 1819; x_wconf 84' lang='lat' dir='ltr'>:Rursus</span> <span class='ocrx_word' id='word_1_641' title='bbox 1174 1790 1267 1819; x_wconf 86' lang='lat' dir='ltr'>eadem</span> <span class='ocrx_word' id='word_1_642' title='bbox 1281 1790 1330 1818; x_wconf 85' lang='lat' dir='ltr'>tibi</span> <span class='ocrx_word' id='word_1_643' title='bbox 1353 1791 1431 1826; x_wconf 81' lang='lat' dir='ltr'>dico,</span> <span class='ocrx_word' id='word_1_644' title='bbox 1454 1791 1525 1829; x_wconf 91' lang='lat' dir='ltr'>quod</span> <span class='ocrx_word' id='word_1_645' title='bbox 1549 1792 1629 1821; x_wconf 88' lang='lat' dir='ltr'>multi</span> 
     </span>
     <span class='ocr_line' id='line_1_90' title="bbox 888 1837 1630 1876; baseline 0.001 -11"><span class='ocrx_word' id='word_1_646' title='bbox 888 1847 1000 1865; x_wconf 85' lang='lat' dir='ltr'>moerore</span> <span class='ocrx_word' id='word_1_647' title='bbox 1013 1837 1054 1866; x_wconf 74' lang='lat' dir='ltr'>vel</span> <span class='ocrx_word' id='word_1_648' title='bbox 1068 1837 1107 1865; x_wconf 85' lang='lat' dir='ltr'>ira</span> <span class='ocrx_word' id='word_1_649' title='bbox 1125 1837 1269 1876; x_wconf 75' lang='lat' dir='ltr'>compulsi,</span> <span class='ocrx_word' id='word_1_650' title='bbox 1284 1837 1368 1865; x_wconf 88' lang='lat' dir='ltr'>multa</span> <span class='ocrx_word' id='word_1_651' title='bbox 1383 1844 1408 1865; x_wconf 84' lang='lat' dir='ltr'>ct</span> <span class='ocrx_word' id='word_1_652' title='bbox 1420 1837 1513 1866; x_wconf 87' lang='lat' dir='ltr'>dicunt</span> <span class='ocrx_word' id='word_1_653' title='bbox 1526 1845 1550 1866; x_wconf 88' lang='lat' dir='ltr'>et</span> <span class='ocrx_word' id='word_1_654' title='bbox 1562 1839 1630 1866; x_wconf 88' lang='lat' dir='ltr'>scri-</span> 
     </span>
     <span class='ocr_line' id='line_1_91' title="bbox 886 1883 1627 1922; baseline 0.003 -11"><span class='ocrx_word' id='word_1_655' title='bbox 886 1883 955 1911; x_wconf 85' lang='lat' dir='ltr'>bunt</span> <span class='ocrx_word' id='word_1_656' title='bbox 966 1907 973 1919; x_wconf 87' lang='lat'>,</span> <span class='ocrx_word' id='word_1_657' title='bbox 989 1894 1047 1921; x_wconf 84' lang='lat' dir='ltr'>quae</span> <span class='ocrx_word' id='word_1_658' title='bbox 1061 1883 1175 1922; x_wconf 84' lang='lat' dir='ltr'>probare</span> <span class='ocrx_word' id='word_1_659' title='bbox 1189 1893 1241 1912; x_wconf 92' lang='lat' dir='ltr'>non</span> <span class='ocrx_word' id='word_1_660' title='bbox 1256 1890 1376 1922; x_wconf 86' lang='lat' dir='ltr'>possunt.</span> <span class='ocrx_word' id='word_1_661' title='bbox 1399 1883 1429 1912; x_wconf 87' lang='lat' dir='ltr'>Si</span> <span class='ocrx_word' id='word_1_662' title='bbox 1443 1884 1526 1922; x_wconf 78' lang='lat' dir='ltr'>igitur</span> <span class='ocrx_word' id='word_1_663' title='bbox 1540 1885 1627 1913; x_wconf 87' lang='lat' dir='ltr'>mani-</span> 
     </span>
     <span class='ocr_line' id='line_1_92' title="bbox 887 1929 1627 1967; baseline 0.001 -9"><span class='ocrx_word' id='word_1_664' title='bbox 887 1930 951 1958; x_wconf 83' lang='lat' dir='ltr'>feste</span> <span class='ocrx_word' id='word_1_665' title='bbox 964 1940 993 1958; x_wconf 85' lang='lat' dir='ltr'>ea</span> <span class='ocrx_word' id='word_1_666' title='bbox 1011 1930 1097 1965; x_wconf 85' lang='lat' dir='ltr'>nosti,</span> <span class='ocrx_word' id='word_1_667' title='bbox 1115 1929 1148 1958; x_wconf 90' lang='lat' dir='ltr'>de</span> <span class='ocrx_word' id='word_1_668' title='bbox 1160 1929 1259 1967; x_wconf 86' lang='lat' dir='ltr'>quibus</span> <span class='ocrx_word' id='word_1_669' title='bbox 1274 1929 1351 1957; x_wconf 89' lang='lat' dir='ltr'>illum</span> <span class='ocrx_word' id='word_1_670' title='bbox 1366 1940 1490 1958; x_wconf 84' lang='lat' dir='ltr'>accusare</span> <span class='ocrx_word' id='word_1_671' title='bbox 1503 1930 1546 1958; x_wconf 82' lang='lat' dir='ltr'>vis</span> <span class='ocrx_word' id='word_1_672' title='bbox 1559 1933 1627 1967; x_wconf 84' lang='lat' dir='ltr'>(nc—</span> 
     </span>
     <span class='ocr_line' id='line_1_93' title="bbox 888 1976 1625 2015; baseline 0.003 -11"><span class='ocrx_word' id='word_1_673' title='bbox 888 1987 940 2014; x_wconf 87' lang='lat' dir='ltr'>que</span> <span class='ocrx_word' id='word_1_674' title='bbox 953 1976 1024 2004; x_wconf 91' lang='lat' dir='ltr'>enim</span> <span class='ocrx_word' id='word_1_675' title='bbox 1039 1976 1061 2004; x_wconf 86' lang='lat' dir='ltr'>si</span> <span class='ocrx_word' id='word_1_676' title='bbox 1077 1976 1161 2015; x_wconf 89' lang='lat' dir='ltr'>possis</span> <span class='ocrx_word' id='word_1_677' title='bbox 1172 1998 1180 2012; x_wconf 89' lang='lat'>,</span> <span class='ocrx_word' id='word_1_678' title='bbox 1195 1976 1363 2014; x_wconf 81' lang='lat' dir='ltr'>repellimus3</span> <span class='ocrx_word' id='word_1_679' title='bbox 1385 1986 1468 2014; x_wconf 85' lang='lat' dir='ltr'>neque</span> <span class='ocrx_word' id='word_1_680' title='bbox 1481 1977 1625 2015; x_wconf 80' lang='lat' dir='ltr'>trahimus,</span> 
     </span>
     <span class='ocr_line' id='line_1_94' title="bbox 888 2022 1628 2062; baseline 0 -12"><span class='ocrx_word' id='word_1_681' title='bbox 888 2023 910 2050; x_wconf 89' lang='lat' dir='ltr'>si</span> <span class='ocrx_word' id='word_1_682' title='bbox 927 2032 976 2050; x_wconf 90' lang='lat' dir='ltr'>non</span> <span class='ocrx_word' id='word_1_683' title='bbox 992 2022 1114 2061; x_wconf 83' lang='lat' dir='ltr'>possis),</span> <span class='ocrx_word' id='word_1_684' title='bbox 1131 2030 1274 2059; x_wconf 79' lang='lat' dir='ltr'>antequam</span> <span class='ocrx_word' id='word_1_685' title='bbox 1294 2022 1399 2060; x_wconf 85' lang='lat' dir='ltr'>legatur</span> <span class='ocrx_word' id='word_1_686' title='bbox 1412 2022 1520 2051; x_wconf 82' lang='lat' dir='ltr'>libellus</span> <span class='ocrx_word' id='word_1_687' title='bbox 1531 2045 1540 2060; x_wconf 82' lang='lat'><strong><em>,</em></strong></span> <span class='ocrx_word' id='word_1_688' title='bbox 1559 2023 1628 2062; x_wconf 83' lang='lat' dir='ltr'>elige</span> 
     </span>
     <span class='ocr_line' id='line_1_95' title="bbox 888 2067 1624 2107; baseline 0.004 -11"><span class='ocrx_word' id='word_1_689' title='bbox 888 2067 961 2106; x_wconf 87' lang='lat' dir='ltr'>quod</span> <span class='ocrx_word' id='word_1_690' title='bbox 973 2068 1082 2107; x_wconf 75' lang='lat' dir='ltr'>expedit</span> <span class='ocrx_word' id='word_1_691' title='bbox 1095 2079 1101 2095; x_wconf 77' lang='grc' dir='ltr'>ε</span> <span class='ocrx_word' id='word_1_692' title='bbox 1113 2075 1256 2107; x_wconf 87' lang='lat' dir='ltr'>postquam</span> <span class='ocrx_word' id='word_1_693' title='bbox 1269 2067 1339 2095; x_wconf 89' lang='lat' dir='ltr'>enim</span> <span class='ocrx_word' id='word_1_694' title='bbox 1354 2068 1438 2096; x_wconf 78' lang='lat' dir='ltr'>lectus</span> <span class='ocrx_word' id='word_1_695' title='bbox 1452 2068 1541 2104; x_wconf 86' lang='lat' dir='ltr'>fuerit,</span> <span class='ocrx_word' id='word_1_696' title='bbox 1558 2077 1583 2098; x_wconf 89' lang='lat' dir='ltr'>et</span> <span class='ocrx_word' id='word_1_697' title='bbox 1596 2070 1624 2099; x_wconf 87' lang='lat' dir='ltr'>in</span> 
     </span>
     <span class='ocr_line' id='line_1_96' title="bbox 887 2114 1625 2148; baseline 0.005 -7"><span class='ocrx_word' id='word_1_698' title='bbox 887 2124 964 2142; x_wconf 85' lang='lat' dir='ltr'>aures</span> <span class='ocrx_word' id='word_1_699' title='bbox 981 2115 1101 2142; x_wconf 87' lang='lat' dir='ltr'>omnium</span> <span class='ocrx_word' id='word_1_700' title='bbox 1116 2114 1236 2148; x_wconf 79' lang='lat' dir='ltr'>venerit,</span> <span class='ocrx_word' id='word_1_701' title='bbox 1255 2114 1379 2142; x_wconf 82' lang='lat' dir='ltr'>consectis</span> <span class='ocrx_word' id='word_1_702' title='bbox 1394 2115 1476 2147; x_wconf 84' lang='lat' dir='ltr'>actis,</span> <span class='ocrx_word' id='word_1_703' title='bbox 1492 2125 1543 2144; x_wconf 92' lang='lat' dir='ltr'>non</span> <span class='ocrx_word' id='word_1_704' title='bbox 1563 2127 1625 2145; x_wconf 84' lang='lat' dir='ltr'>arn-</span> 
     </span>
     <span class='ocr_line' id='line_1_97' title="bbox 886 2160 1626 2202; baseline 0.004 -14"><span class='ocrx_word' id='word_1_705' title='bbox 886 2160 959 2199; x_wconf 90' lang='lat' dir='ltr'>plius</span> <span class='ocrx_word' id='word_1_706' title='bbox 973 2160 1080 2194; x_wconf 84' lang='lat' dir='ltr'>licebit,</span> <span class='ocrx_word' id='word_1_707' title='bbox 1096 2171 1156 2189; x_wconf 90' lang='lat' dir='ltr'>cum</span> <span class='ocrx_word' id='word_1_708' title='bbox 1170 2160 1205 2188; x_wconf 89' lang='lat' dir='ltr'>sis</span> <span class='ocrx_word' id='word_1_709' title='bbox 1219 2160 1373 2199; x_wconf 84' lang='lat' dir='ltr'>episcopus,</span> <span class='ocrx_word' id='word_1_710' title='bbox 1391 2160 1562 2190; x_wconf 85' lang='lat' dir='ltr'>abolitionem</span> <span class='ocrx_word' id='word_1_711' title='bbox 1578 2174 1626 2202; x_wconf 91' lang='lat' dir='ltr'>pe—</span> 
     </span>
     <span class='ocr_line' id='line_1_98' title="bbox 888 2205 1624 2246; baseline 0.004 -12"><span class='ocrx_word' id='word_1_712' title='bbox 888 2213 951 2235; x_wconf 88' lang='lat' dir='ltr'>tere.</span> <span class='ocrx_word' id='word_1_713' title='bbox 972 2206 1036 2234; x_wconf 88' lang='lat' dir='ltr'>Post</span> <span class='ocrx_word' id='word_1_714' title='bbox 1054 2206 1112 2234; x_wconf 78' lang='lat' dir='ltr'>haec</span> <span class='ocrx_word' id='word_1_715' title='bbox 1133 2216 1225 2234; x_wconf 80' lang='lat' dir='ltr'>rursus</span> <span class='ocrx_word' id='word_1_716' title='bbox 1240 2205 1284 2233; x_wconf 85' lang='lat' dir='ltr'>ille</span> <span class='ocrx_word' id='word_1_717' title='bbox 1304 2205 1330 2234; x_wconf 90' lang='lat' dir='ltr'>in</span> <span class='ocrx_word' id='word_1_718' title='bbox 1346 2207 1482 2245; x_wconf 89' lang='lat' dir='ltr'>proposito</span> <span class='ocrx_word' id='word_1_719' title='bbox 1496 2208 1624 2246; x_wconf 85' lang='lat' dir='ltr'>persistit.</span> 
     </span>
     <span class='ocr_line' id='line_1_99' title="bbox 887 2251 1624 2293; baseline 0.003 -12"><span class='ocrx_word' id='word_1_720' title='bbox 887 2253 959 2281; x_wconf 88' lang='lat' dir='ltr'>Tum</span> <span class='ocrx_word' id='word_1_721' title='bbox 970 2253 1066 2292; x_wconf 86' lang='lat' dir='ltr'>jubent</span> <span class='ocrx_word' id='word_1_722' title='bbox 1087 2252 1137 2290; x_wconf 82' lang='lat' dir='ltr'>legi</span> <span class='ocrx_word' id='word_1_723' title='bbox 1153 2251 1275 2280; x_wconf 87' lang='lat' dir='ltr'>libellum</span> <span class='ocrx_word' id='word_1_724' title='bbox 1292 2263 1298 2279; x_wconf 91' lang='lat'>:</span> <span class='ocrx_word' id='word_1_725' title='bbox 1317 2252 1436 2290; x_wconf 82' lang='lat' dir='ltr'>lectaque</span> <span class='ocrx_word' id='word_1_726' title='bbox 1451 2260 1512 2281; x_wconf 89' lang='lat' dir='ltr'>sunt</span> <span class='ocrx_word' id='word_1_727' title='bbox 1526 2264 1624 2293; x_wconf 85' lang='lat' dir='ltr'>supra·</span> 
     </span>
     <span class='ocr_line' id='line_1_100' title="bbox 887 2298 1621 2338; baseline 0.001 -11"><span class='ocrx_word' id='word_1_728' title='bbox 887 2299 958 2327; x_wconf 81' lang='lat' dir='ltr'>dicta</span> <span class='ocrx_word' id='word_1_729' title='bbox 981 2299 1078 2338; x_wconf 84' lang='lat' dir='ltr'>capita.</span> <span class='ocrx_word' id='word_1_730' title='bbox 1104 2298 1204 2327; x_wconf 88' lang='lat' dir='ltr'>Dicunt</span> <span class='ocrx_word' id='word_1_731' title='bbox 1227 2298 1342 2327; x_wconf 89' lang='lat' dir='ltr'>seniores</span> <span class='ocrx_word' id='word_1_732' title='bbox 1363 2299 1480 2338; x_wconf 88' lang='lat' dir='ltr'>episcopi</span> <span class='ocrx_word' id='word_1_733' title='bbox 1501 2301 1598 2329; x_wconf 86' lang='lat' dir='ltr'>Joanni</span> <span class='ocrx_word' id='word_1_734' title='bbox 1612 2323 1621 2336; x_wconf 96' lang='lat'><strong><em>,</em></strong></span> 
     </span>
     <span class='ocr_line' id='line_1_101' title="bbox 886 2343 1627 2383; baseline 0.003 -11"><span class='ocrx_word' id='word_1_735' title='bbox 886 2343 978 2373; x_wconf 85' lang='lat' dir='ltr'>audito</span> <span class='ocrx_word' id='word_1_736' title='bbox 997 2351 1086 2372; x_wconf 85' lang='lat' dir='ltr'>tenore</span> <span class='ocrx_word' id='word_1_737' title='bbox 1107 2343 1193 2372; x_wconf 86' lang='lat' dir='ltr'>libelli</span> <span class='ocrx_word' id='word_1_738' title='bbox 1208 2356 1213 2371; x_wconf 89' lang='lat'>:</span> <span class='ocrx_word' id='word_1_739' title='bbox 1229 2343 1286 2372; x_wconf 79' lang='lat' dir='ltr'>Etsi</span> <span class='ocrx_word' id='word_1_740' title='bbox 1309 2345 1517 2383; x_wconf 84' lang='lat' dir='ltr'>unumquodque</span> <span class='ocrx_word' id='word_1_741' title='bbox 1535 2345 1627 2375; x_wconf 91' lang='lat' dir='ltr'>unius-</span> 
     </span>
     <span class='ocr_line' id='line_1_102' title="bbox 887 2388 1624 2428; baseline 0 -11"><span class='ocrx_word' id='word_1_742' title='bbox 887 2389 1016 2428; x_wconf 87' lang='lat' dir='ltr'>cujusque</span> <span class='ocrx_word' id='word_1_743' title='bbox 1039 2388 1134 2427; x_wconf 86' lang='lat' dir='ltr'>capitis</span> <span class='ocrx_word' id='word_1_744' title='bbox 1158 2388 1275 2416; x_wconf 79' lang='lat' dir='ltr'>maxime</span> <span class='ocrx_word' id='word_1_745' title='bbox 1294 2388 1408 2426; x_wconf 86' lang='lat' dir='ltr'>impium</span> <span class='ocrx_word' id='word_1_746' title='bbox 1429 2395 1467 2416; x_wconf 90' lang='lat' dir='ltr'>est</span> <span class='ocrx_word' id='word_1_747' title='bbox 1487 2396 1511 2417; x_wconf 88' lang='lat' dir='ltr'>et</span> <span class='ocrx_word' id='word_1_748' title='bbox 1537 2389 1624 2417; x_wconf 91' lang='lat' dir='ltr'>unde-</span> 
     </span>
     <span class='ocr_line' id='line_1_103' title="bbox 885 2431 1624 2471; baseline 0.001 -10"><span class='ocrx_word' id='word_1_749' title='bbox 885 2444 992 2471; x_wconf 88' lang='lat' dir='ltr'>quaque</span> <span class='ocrx_word' id='word_1_750' title='bbox 1006 2433 1088 2461; x_wconf 85' lang='lat' dir='ltr'>sacris</span> <span class='ocrx_word' id='word_1_751' title='bbox 1102 2432 1207 2471; x_wconf 81' lang='lat' dir='ltr'>legibus</span> <span class='ocrx_word' id='word_1_752' title='bbox 1222 2431 1394 2461; x_wconf 85' lang='lat' dir='ltr'>interdictum</span> <span class='ocrx_word' id='word_1_753' title='bbox 1406 2455 1416 2471; x_wconf 82' lang='lat'><em>‚</em></span> <span class='ocrx_word' id='word_1_754' title='bbox 1435 2443 1467 2461; x_wconf 92' lang='lat' dir='ltr'>ne</span> <span class='ocrx_word' id='word_1_755' title='bbox 1481 2433 1624 2462; x_wconf 81' lang='lat' dir='ltr'>videamur</span> 
     </span>
     <span class='ocr_line' id='line_1_104' title="bbox 884 2481 1620 2521; baseline 0.001 -12"><span class='ocrx_word' id='word_1_756' title='bbox 884 2482 910 2510; x_wconf 92' lang='lat' dir='ltr'>in</span> <span class='ocrx_word' id='word_1_757' title='bbox 927 2481 969 2510; x_wconf 91' lang='lat' dir='ltr'>his</span> <span class='ocrx_word' id='word_1_758' title='bbox 987 2491 1046 2520; x_wconf 78' lang='lat' dir='ltr'>quae</span> <span class='ocrx_word' id='word_1_759' title='bbox 1062 2481 1164 2510; x_wconf 80' lang='lat' dir='ltr'>leviora</span> <span class='ocrx_word' id='word_1_760' title='bbox 1180 2488 1242 2510; x_wconf 90' lang='lat' dir='ltr'>sunt</span> <span class='ocrx_word' id='word_1_761' title='bbox 1258 2488 1362 2521; x_wconf 87' lang='lat' dir='ltr'>tempus</span> <span class='ocrx_word' id='word_1_762' title='bbox 1376 2492 1454 2511; x_wconf 88' lang='lat' dir='ltr'>omne</span> <span class='ocrx_word' id='word_1_763' title='bbox 1467 2482 1599 2510; x_wconf 87' lang='lat' dir='ltr'>insumere</span> <span class='ocrx_word' id='word_1_764' title='bbox 1609 2503 1620 2516; x_wconf 90' lang='lat'>,</span> 
     </span>
    </p>
   </div>
   <div class='ocr_carea' id='block_1_15' title="bbox 901 2581 1259 2614">
    <p class='ocr_par' dir='ltr' id='par_1_15' title="bbox 901 2581 1259 2614">
     <span class='ocr_line' id='line_1_105' title="bbox 901 2581 1259 2614; baseline 0.008 -9"><span class='ocrx_word' id='word_1_765' title='bbox 901 2589 912 2600; x_wconf 65' lang='grc' dir='ltr'>Ι</span> <span class='ocrx_word' id='word_1_766' title='bbox 930 2581 1000 2606; x_wconf 70' lang='lat' dir='ltr'>For-l.</span> <span class='ocrx_word' id='word_1_767' title='bbox 1012 2583 1164 2610; x_wconf 66' lang='grc' dir='ltr'>ὑποξεέηκέσι-</span> <span class='ocrx_word' id='word_1_768' title='bbox 1178 2582 1259 2614; x_wconf 68' lang='lat' dir='ltr'>Bigot-</span> 
     </span>
    </p>
   </div>
  </div>
 </body>
</html>
