1884 2922
724 226 824 249 tNDEx
853 225 978 248 RERUM.

77 301 100 318 Β.
123 289 231 328 insuper
244 289 349 318 dolores
363 300 421 327 quae
437 299 483 318 nos
497 288 680 328 impelluntad
693 288 817 327 blasphe-

75 333 204 361 mandum
213 334 342 373 patienter
350 335 428 362 serre.
442 341 475 364 V.
489 338 583 362 4343.
597 333 726 371 Martyrii
739 331 816 360 aliud

75 386 178 414 genus,
203 376 374 405 amissionem
397 376 557 405 divitiarum
580 376 710 414 patienter
736 376 813 403 serre.

75 427 109 448 X.
131 425 196 448 494.
215 431 241 449 Β.
260 431 285 450 e.
302 422 437 459 Martyres
457 420 542 448 effecti
559 427 621 447 sunt
645 419 724 455 Abel,
741 420 796 447 Noe
808 440 815 453 ,

76 463 213 491 Abraham
226 487 233 498 ,
250 464 341 501 Isaac,
358 464 452 498 Jacob,
467 462 611 501 quomodo.
630 470 648 491 1.
665 468 728 491 840,
747 473 771 491 c.
788 473 814 490 D.

116 507 281 546 Martyrium
308 518 358 535 non
385 508 448 535 satis
465 506 550 535 estad
567 516 720 545 supremam
743 505 815 534 obti-

74 550 189 579 nendam
216 551 317 580 sedem.
335 558 356 578 1.
374 555 439 580 638.
455 562 480 579 A.
500 550 563 578 Sine
579 550 688 577 caritate
708 555 816 587 marty-

73 594 144 622 rium
169 594 238 622 nihil
263 594 380 633 prodest.
405 602 436 622 11.
458 599 523 622 730.
540 604 568 622 Ι).
594 593 757 632 Martyrium
778 598 817 620 est

73 638 235 677 baptismus.
255 646 287 667 ΙΙ,
306 643 369 667 628.
387 650 413 667 Α.
429 643 493 666 768.
511 648 538 666 D.

117 683 244 722 Martyrii
269 689 375 722 tempus
397 692 501 721 semper
525 680 608 709 adest.
637 688 670 710 X.
695 685 759 709 493.
786 691 814 710 D.

75 727 209 765 Tempore
224 726 412 766 Chrysostomi
430 726 538 754 suerunt
567 724 612 762 qui
639 735 687 763 pro
710 724 818 753 Christo

75 770 232 807 sanguinem
247 781 327 798 suum
343 770 495 798 tunderent.
514 776 558 797 ΥΙ.
576 773 638 797 129.
655 779 681 797 E.
695 769 753 797 Non
762 768 817 806 jam

75 820 181 851 tempus
192 820 231 841 est
246 813 380 852 martyrii,
396 813 441 841 sed
454 813 640 843 certaminum.
650 820 696 842 lx.
712 817 775 841 212.
788 822 814 839 D.

118 858 300 893 Martyrium
311 860 474 896 tempestati
485 863 677 895 comparatur.
698 863 731 884 Υ.
751 860 815 883 780.

75 901 239 940 Martyrium
266 912 318 929 non
342 908 437 930 eventu
460 907 563 929 tantum
587 901 734 929 :estimatur
748 921 756 935 ,
773 899 818 927 sed

73 945 153 973 etiam
170 945 320 984 proposito.
340 952 372 973 V.
391 950 457 973 780.
476 954 499 972 e.

115 989 295 1027 Martyrium,
327 988 483 1026 μαρτύριον,
512 988 621 1016 ecclesia
646 993 797 1026 martyrum
809 1008 816 1021 ‚

74 1042 120 1060 seu
135 1032 294 1070 simpliciter
308 1032 429 1062 ecclesia.
448 1039 481 1060 tt.
499 1036 542 1060 17.
565 1044 589 1060 Α.
619 1032 691 1059 Vide
717 1037 819 1059 notam

75 1086 99 1104 c.
114 1081 139 1103 et
155 1080 256 1104 469.ε.
270 1082 313 1103 Π.
327 1080 390 1103 930.
410 1085 438 1103 A.
455 1079 483 1102 2¹¹
497 1075 551 1102 col.
566 1082 598 1103 X.
611 1079 678 1103 743.
691 1085 716 1103 c.
734 1079 817 1104 1003.

76 1120 208 1158 Martyria
223 1119 339 1147 oratoria
361 1118 500 1147 dicuntur.
518 1126 562 1148 XI.
577 1124 641 1147 587.
660 1129 690 1147 D.
710 1120 819 1157 Marty-

76 1163 163 1195 rium,
183 1173 228 1190 seu
241 1163 367 1196 ecclesia,
385 1163 412 1190 in
428 1164 509 1191 veteri
527 1163 614 1191 Petra.
632 1169 691 1191 xn-
710 1167 774 1190 458.
795 1174 819 1191 A.

77 1207 242 1245 Martyrium
258 1228 265 1242 ,
282 1217 327 1234 seu
342 1206 555 1240 ecclesia‚sancti
571 1207 683 1235 Thoma-
695 1206 820 1245 apostoli,

76 1249 148 1287 quod
168 1249 249 1277 situm
266 1250 341 1277 estin
356 1249 474 1288 Drypia.
493 1256 550 1277 Vll.
574 1254 638 1278 474.
665 1261 690 1277 Α.
715 1251 821 1288 Marty-

77 1293 165 1326 rium,
181 1291 210 1320 id
236 1300 273 1321 est
301 1293 460 1327 ecclesiam,
487 1293 513 1320 in
537 1293 717 1332 Daplmemou
740 1304 821 1322 ausus

77 1343 115 1365 est
130 1336 254 1365 Julianus
267 1336 384 1364 diruere.
401 1343 433 1364 11.
450 1340 515 1364 638.
532 1347 559 1363 E.
577 1340 644 1364 664.
661 1347 689 1364 Α.

119 1381 204 1408 Maru
212 1390 295 1414 Tuas,
316 1380 454 1418 episcopus
475 1379 500 1407 in
516 1379 631 1415 Perside,
647 1381 724 1419 cujus
741 1383 822 1417 ἀμοι-

79 1423 157 1455 tiata:
171 1423 300 1461 epistolas
312 1422 430 1461 postulat
445 1423 664 1461 Chrysostomus.
690 1431 737 1452 111.
756 1429 820 1453 722.

80 1478 106 1494 c.
126 1477 154 1494 n.

120 1510 226 1537 Mum
248 1510 485 1537 chcABAEontm.
508 1509 579 1536 Vide
595 1510 760 1538 Maccansm.

118 1553 216 1580 Matris
230 1563 324 1581 verum
337 1552 470 1583 officium.
486 1560 530 1580 ΙΙΙ.
551 1557 616 1580 882.
632 1564 658 1581 A.
672 1565 695 1582 B.
710 1555 823 1582 Matrem

80 1603 200 1625 nontam
223 1603 332 1635 partus,
359 1607 440 1634 quam
456 1596 579 1624 educatio
589 1597 681 1626 efficit.
701 1605 745 1626 lv.
759 1603 823 1626 816.

81 1652 110 1669 E.
128 1653 153 1668 A.

122 1684 208 1711 Mater
223 1683 409 1722 Chrysostomi
438 1694 499 1712 cum
514 1684 603 1712 adhuc
624 1685 734 1723 juvenis
748 1692 824 1719 esset,

82 1726 164 1755 vidua
178 1727 285 1756 mansit.
310 1734 331 1756 Ι.
356 1732 421 1755 444.
441 1738 469 1756 n.
498 1728 597 1756 Filium
614 1738 646 1756 ne
659 1739 686 1756 se
703 1728 825 1763 deserat.

82 1769 216 1800 hortatur.
230 1771 274 1797 ΙΙ).
291 1780 356 1808 sqq.
372 1771 492 1807 Integras
507 1771 558 1810 ipsi
576 1772 714 1800 facultates
737 1779 827 1810 pater-

83 1825 130 1842 nas
152 1813 279 1841 servavit.
303 1814 346 1843 Ib.
377 1825 403 1842 n.
428 1814 519 1842 Vidua
542 1815 609 1843 sacta
630 1815 704 1843 nulla
727 1816 827 1844 ratione

83 1857 175 1886 induci
192 1858 279 1895 potuit
303 1856 337 1884 ad
361 1857 490 1885 secundas
512 1858 627 1897 nuptias.
651 1860 694 1886 Ib.
716 1870 737 1886 x.
763 1860 797 1887 Et
812 1870 826 1886 a

83 1901 213 1939 vigesimo
239 1900 324 1927 aetatis
345 1910 399 1928 suae
420 1911 489 1929 anno
510 1902 547 1930 sic
569 1902 704 1930 remansit.
725 1910 744 1930 1.
760 1907 825 1930 416.

83 1955 107 1972 n.
124 1945 189 1982 Ejus
202 1943 285 1982 pietas
299 1953 361 1981 erga
376 1943 464 1972 fitium
476 1966 482 1979 ,
495 1955 574 1982 quem
590 1944 648 1972 vult
662 1955 720 1973 esse
734 1955 827 1973 mona-

84 1987 176 2016 chum.
192 1993 210 2014 1.
230 1991 292 2014 118.
306 1998 332 2014 A.
350 1997 374 2014 13.
395 1992 457 2015 119.
470 1998 496 2016 D.
512 1998 538 2016 E.

123 2036 355 2064 Marnmmvmna
366 2035 421 2063 Deo
435 2034 597 2063 institutum.
612 2043 632 2064 1.
645 2040 740 2064 279.Α.
755 2037 828 2065 Inse-

85 2078 205 2117 parabile
214 2078 248 2106 ab
263 2078 348 2106 initio.
365 2086 409 2107 111.
423 2083 527 2107 247111.
540 2080 682 2118 Impurum
701 2091 752 2109 non
770 2088 827 2114 est,

84 2129 113 2150 ut
136 2122 240 2149 aiebant
263 2122 414 2151 Manichaei.
440 2130 461 2151 Ι.
488 2128 550 2152 334,
571 2135 596 2152 e.
615 2124 644 2152 Si
664 2124 748 2152 Adam
778 2135 829 2152 non

83 2172 230 2204 peccasset,
243 2166 445 2194 matrimonium
461 2177 512 2195 non
529 2168 704 2196 necessarium
730 2169 830 2197 fuisset.

85 2216 107 2239 1.
120 2214 183 2238 344.
202 2221 226 2238 B.
240 2214 304 2238 345.
318 2210 392 2238 Olim
404 2210 463 2238 duae
476 2211 638 2239 matrimonii
650 2222 750 2247 causae,
762 2222 832 2240 nune

85 2263 138 2280 una
149 2275 155 2287 ,
171 2263 263 2290 nempe
277 2254 402 2290 nequitiae
417 2261 441 2282 et
454 2254 577 2282 libidinis
590 2255 710 2283 abolitio.
725 2263 744 2283 1.
765 2260 828 2283 345.

86 2306 115 2325 Ε.
132 2303 164 2324 V.
184 2300 247 2324 189.
270 2306 296 2324 E.
314 2297 367 2330 Qui
381 2298 583 2326 matrimonium
599 2298 715 2331 damnat,
731 2299 753 2326 is
775 2299 832 2326 vir—

87 2339 225 2376 ginitatem
242 2339 337 2377 carpit.
358 2347 378 2368 Ι.
397 2345 501 2368 336.1³.
519 2341 570 2368 Dei
592 2340 767 2378 indulgentia*
794 2347 833 2369 est

89 2381 304 2410 matrimonium.
323 2389 343 2410 Ι.
360 2387 424 2411 342.
442 2394 471 2411 n.
487 2388 552 2413 343,
569 2384 688 2412 Infirmis
710 2394 831 2413 necessa-

88 2426 160 2454 rium
172 2432 256 2453 est.1.
271 2430 367 2453 350.C.
381 2426 487 2454 Bonum
499 2433 547 2455 est.
558 2429 602 2455 Ib.
616 2434 642 2455 et
653 2433 795 2457 Υ1.142.ε.
807 2439 832 2458 n.

88 2471 146 2498 Hoc
161 2469 363 2496 matrimonium
378 2476 415 2497 est
434 2469 580 2498 secundum
604 2470 758 2508 Christum,
776 2483 835 2500 ma-

89 2512 247 2541 trimonium
268 2511 424 2550 spirituale,
439 2520 463 2541 et
480 2513 612 2551 generatio
636 2514 765 2551 spiritus,
783 2526 834 2544 non

89 2567 123 2584 ex
135 2555 263 2593 sanguine
274 2577 281 2589 ‚
297 2566 345 2584 nec
356 2566 389 2584 ex
402 2556 495 2584 dolore
508 2563 609 2595 partus.
624 2564 670 2586 XI.
690 2563 752 2587 171.
765 2570 791 2588 r..
808 2570 834 2587 r.

90 2598 295 2628 Matrimonium
310 2608 392 2637 genus
407 2605 525 2627 nostrum
540 2609 591 2628 non
607 2607 698 2638 auget,
721 2601 766 2629 sed
780 2602 835 2629 Do-

1544 215 1611 249 313

868 288 934 316 mini
962 288 1063 316 dictum
1081 310 1088 324 ,
1120 288 1246 316 Crescite
1270 294 1296 315 et
1319 287 1566 326 multiplicamini.
1595 296 1612 317 t.

869 335 931 360 342.
944 343 969 360 Α.
983 332 1040 360 Cur
1053 332 1076 360 si
1088 331 1247 360 honoratum
1260 331 1462 360 matrimonium
1473 339 1511 360 est
1522 355 1529 367 ,
1539 333 1614 371 jeju-

867 381 958 403 nantes
988 376 1087 403 Paulus
1111 374 1233 403 hortetur
1256 385 1399 413 congressu
1421 375 1563 404 abstinere.
1590 383 1609 403 Ι.

870 423 934 446 352.
953 431 977 449 Λ,
996 430 1060 458 sqq,

908 462 1111 490 Matrimonium
1127 462 1248 501 tyrannis
1264 469 1287 490 et
1303 462 1370 490 dura
1384 462 1499 491 servitus
1520 469 1567 490 est.
1589 470 1610 491 1.

868 510 932 534 353.
948 508 988 533 lb.
1004 516 1030 534 c.
1050 506 1116 545 Ejus
1129 505 1309 534 incommoda.
1329 513 1350 534 t.
1371 510 1435 534 332.
1457 516 1481 534 c.
1497 517 1523 534 n.
1548 507 1611 535 Ser-

868 550 939 578 vitus
956 549 1017 578 hinc
1033 550 1141 579 veniens
1157 560 1252 588 magna
1278 556 1302 578 et
1325 549 1504 577 ineluctabilis
1525 556 1573 578 est.
1592 557 1611 578 t.

869 596 932 620 366.
961 603 986 622 c.
1011 604 1039 621 n.
1066 594 1132 631 Ejus
1158 593 1273 631 pondus.
1301 600 1321 621 Ι.
1348 597 1412 621 399.
1438 593 1614 621 Enumeratio

868 636 988 664 omnium
1018 636 1249 664 incommodorum
1277 636 1449 664 matrimonii.
1472 644 1492 664 1.
1519 641 1614 665 383—-

870 684 932 708 389.
950 686 976 708 et
992 685 1056 708 432.
1074 685 1137 709 433.
1156 688 1188 708 11.
1206 685 1271 709 897.
1288 691 1312 707 Β.
1331 680 1511 708 Difficultates
1523 680 1615 708 matri-

868 723 951 751 monii
977 724 1083 751 nullum
1101 723 1239 762 praemium
1268 723 1417 752 habent.1.
1444 728 1507 752 372.
1524 735 1550 751 c.
1581 735 1611 751 n.

870 767 1074 796 Matrimonium
1096 767 1157 796 licet
1178 777 1268 795 omnes
1292 767 1467 795 difficultates
1482 767 1613 806 effugiat,

871 811 938 839 nihil
952 822 1077 850 maguum
1090 811 1179 840 habet.
1196 818 1218 839 1.
1239 816 1300 840 389.
1315 821 1339 839 c.
1358 822 1387 839 D.
1405 816 1468 839 390.
1485 822 1512 839 Ε.

912 855 1115 883 Matrimonium
1140 855 1305 883 damnabant
1323 854 1441 883 haeretici
1456 854 1579 892 quidam.
1594 862 1612 882 t.

872 902 935 926 328.
954 908 978 926 A.
997 906 1043 928 XI.
1063 904 1126 927 171.
1144 911 1170 926 Α.

912 942 1116 970 Matrimonium
1141 943 1162 970 si
1190 941 1330 970 honestum
1345 964 1352 978 ‚
1382 952 1444 980 ergo
1472 941 1617 980 repetitum

869 986 949 1014 etiam
972 986 1138 1014 honestum:
1162 986 1212 1014 hoc
1236 985 1371 1024 sophisma
1395 986 1560 1014 confutatur.
1593 992 1614 1013 1.

872 1035 936 1059 429.
954 1031 1178 1058 stsatrimonium
1203 1040 1259 1057 non
1274 1030 1351 1068 facit
1373 1030 1481 1064 coitus,
1496 1029 1548 1057 sed
1566 1038 1619 1056 ‘1¹0-

873 1077 984 1104 luntas.
1002 1082 1046 1104 vt.
1060 1080 1124 1103 872.
1138 1086 1162 1103 n.
1179 1079 1219 1103 2⁶¹.
1234 1075 1286 1103 col.

913 1120 946 1148 Μ
956 1129 1071 1147 xTRONAE
1086 1119 1212 1157 spelunca
1233 1128 1316 1157 prope
1331 1117 1502 1145 Antiochiam
1520 1127 1534 1144 a
1548 1127 1615 1153 gen-

873 1164 943 1192 tibus
957 1164 1130 1200 frequentata.
1148 1169 1193 1190 XI.
1210 1167 1275 1191 809.
1293 1172 1319 1189 e.
1336 1162 1465 1189 Matronae
1482 1161 1613 1198 templum

873 1207 898 1236 in
911 1207 1039 1246 Daphne,
1051 1206 1180 1234 suburbio
1195 1205 1369 1233 Antiocheno.
1387 1212 1407 1233 1.
1427 1209 1493 1233 726.
1508 1215 1534 1232 D.
1549 1204 1623 1232 Vide

875 1258 970 1280 notam
986 1251 1013 1279 b.
1030 1251 1073 1278 ΙΙ).
1094 1254 1158 1279 731.
1172 1260 1198 1278 Ε.

912 1296 1042 1324 Mati-onte
1060 1293 1231 1322 Antiochenae
1251 1292 1302 1332 piae
1320 1299 1344 1320 et
1367 1292 1473 1327 fidelis,
1490 1292 1517 1320 in
1531 1292 1618 1320 aedem

874 1338 1029 1367 Jmtaeorum
1042 1337 1076 1365 ad
1090 1336 1240 1375 jurandum
1255 1347 1268 1365 a
1284 1336 1341 1365 viro
1352 1335 1506 1364 Christiano
1520 1335 1619 1364 intrare

875 1390 971 1411 coactae
982 1404 989 1418 ,
1010 1381 1133 1410 historia.
1148 1388 1167 1409 Ι.
1182 1385 1231 1409 721
1242 1402 1248 1408 .
1266 1391 1291 1408 Α.

915 1428 1055 1455 Murum
1068 1425 1182 1452 vocatio.
1201 1431 1260 1452 Vll.
1278 1428 1341 1451 392.
1361 1433 1387 1451 Β.
1409 1424 1463 1451 Cur
1485 1433 1536 1451 non
1549 1423 1624 1451 initio

875 1477 994 1499 vocatus.
1014 1470 1058 1496 Il).
1076 1469 1142 1505 Ejus
1158 1467 1329 1506 philosophia
1348 1467 1394 1504 qui
1410 1473 1558 1495 anteactam
1575 1467 1622 1494 vi-

877 1520 930 1542 tam
954 1523 1005 1541 non
1027 1511 1182 1540 occultavit.
1209 1518 1266 1539 Vtt.
1291 1514 1354 1538 393.
1379 1520 1404 1538 C.
1427 1510 1522 1537 Statim
1544 1510 1625 1538 obse-

878 1558 968 1595 quitur
977 1555 1094 1584 Christo.
1112 1556 1154 1582 lb.
1168 1565 1228 1584 mn,
1251 1555 1389 1589 Quantum
1402 1552 1624 1591 philosophetur,

878 1601 945 1629 dum
957 1610 999 1628 eos
1012 1599 1056 1636 qui
1073 1599 1095 1626 ei
1117 1597 1258 1636 antepositi
1275 1597 1381 1624 fuerant
1396 1606 1447 1624 non
1466 1603 1544 1624 tacet.
1561 1604 1619 1624 Vll.

879 1649 941 1673 636.
959 1654 983 1671 E.
1002 1642 1146 1671 Matthaeus
1163 1641 1323 1680 publicanus
1346 1650 1398 1677 quo
1420 1647 1498 1677 pacto
1525 1640 1625 1668 Domi-

878 1700 942 1718 num
958 1689 984 1717 in
999 1688 1079 1717 domo
1093 1687 1229 1725 receperit.
1253 1693 1310 1714 vlt.
1337 1690 1398 1713 899.
1425 1696 1450 1715 B,
1479 1685 1624 1713 Matthaeus

880 1733 1039 1773 publicanus
1061 1731 1174 1764 dicitur,
1199 1737 1228 1757 ut
1253 1729 1370 1768 Spiritus
1396 1729 1480 1766 gratia
1515 1730 1625 1766 eiusque

879 1778 967 1806 virtus
988 1775 1196 1804 commendetur.
1217 1780 1274 1801 Vll.
1303 1778 1330 1801 4.
1355 1783 1381 1800 Λ.
1414 1772 1481 1810 Ejus
1497 1772 1622 1801 virtutes.

882 1828 939 1849 Vll.
959 1824 1020 1848 5:53.
1032 1830 1058 1847 E.
1076 1826 1100 1846 et
1115 1817 1270 1852 humilitas;
1288 1823 1406 1854 tempore
1423 1816 1493 1843 euim
1516 1823 1627 1854 aposto-

880 1864 950 1893 latus
964 1863 1139 1902 publicanum
1153 1861 1269 1899 seipsum
1284 1859 1401 1887 dicebat.
1418 1866 1449 1886 11.
1468 1863 1532 1887 291.

923 1908 1068 1937 Matthaeus
1094 1913 1154 1934 ante
1181 1914 1271 1932 omnes
1300 1903 1475 1940 evangelistas
1504 1903 1624 1941 scripsit.

882 1960 940 1982 VH.
960 1957 1005 1980 53.
1023 1962 1048 1980 Α.
1067 1949 1238 1987 Rogantibus
1253 1947 1354 1977 Judaeis
1374 1946 1499 1974 fidelibus
1522 1947 1629 1985 scripsit

881 1995 1072 2033 Evangelium.
1091 2000 1147 2022 Vll.
1164 1997 1189 2021 8.
1209 2002 1234 2019 Δ,
1249 1991 1322 2019 Illud
1345 1990 1450 2029 scripsit
1476 1990 1626 2025 llebraice,

881 2040 944 2078 quia
967 2038 1087 2067 Hehraeis
1112 2036 1254 2065 scribebat.
1276 2035 1353 2062 [hid.
1372 2045 1396 2063 B.
1417 2034 1482 2072 Ejus
1503 2034 1628 2072 Evange-

882 2084 950 2112 lium
965 2082 1093 2111 curliber
1105 2079 1283 2119 generationis
1298 2084 1418 2106 vocetur.
1438 2084 1494 2105 VII.
1512 2081 1556 2105 27.
1575 2088 1601 2105 c.

911 2126 1055 2155 Matthaeus
1069 2131 1121 2152 tres
1137 2134 1210 2161 reges
1232 2122 1321 2151 omisit
1340 2122 1365 2149 in
1381 2120 1535 2158 genealogia
1550 2120 1628 2148 Chri-

884 2171 926 2198 sti.
945 2177 1001 2198 VH.
1025 2172 1069 2197 16.
1088 2177 1113 2195 c.
1132 2167 1163 2194 ln
1178 2165 1394 2204 generationibus
1405 2164 1496 2192 differt
1512 2174 1526 2191 a
1543 2164 1626 2199 Luca;

885 2214 912 2242 in
927 2223 989 2250 quo,
1003 2219 1027 2240 et
1043 2221 1135 2248 quare.
1151 2217 1211 2243 VH.
1231 2214 1275 2237 17.
1288 2208 1353 2246 Ejus
1371 2217 1433 2235 eum
1446 2207 1518 2235 Luca
1534 2217 1629 2236 conso-

884 2256 973 2284 nantia
992 2255 1061 2283 circa
1074 2255 1161 2281 locum
1173 2253 1219 2280 ubi
1239 2252 1343 2290 positus
1355 2257 1411 2278 erat
1426 2261 1507 2289 puer,
1522 2250 1629 2287 quando

885 2299 957 2338 magi
969 2303 1097 2327 venerunt
1110 2296 1221 2324 adorare
1234 2305 1304 2322 eum.
1319 2301 1375 2322 vlt.
1392 2298 1454 2322 137.
1473 2304 1498 2322 A.
1518 2295 1630 2322 Eorum-

886 2342 945 2370 dem
963 2340 1134 2369 consonantia
1149 2339 1216 2367 circa
1233 2338 1424 2366 centurionem.
1442 2344 1499 2365 Vll.
1517 2341 1582 2364 358.
1599 2347 1626 2365 E.

887 2397 913 2414 A.
936 2385 1095 2414 Manlianum
1111 2383 1178 2410 inter
1193 2389 1217 2410 et
1227 2383 1349 2409 Marcum
1365 2381 1439 2409 nulla
1453 2380 1631 2418 discrepantia

887 2429 957 2458 circa
973 2438 1079 2456 socrum
1094 2426 1175 2454 Petri.
1197 2432 1254 2453 Vll.
1269 2429 1333 2453 369.
1348 2436 1373 2452 A.
1393 2435 1416 2452 Β.
1437 2424 1551 2451 Illorum
1566 2433 1633 2451 con-

887 2472 1007 2501 sonantia
1031 2470 1101 2498 eirea
1126 2468 1273 2496 Pharisaeos
1295 2469 1386 2496 Jesum
1405 2473 1546 2495 tentantes.
1572 2473 1631 2496 vti.

888 2522 953 2546 784,
971 2527 997 2545 13.
1012 2526 1038 2545 c,
1056 2513 1199 2541 Matthaeus
1213 2511 1384 2549 evangelium
1400 2520 1479 2538 suum
1497 2519 1548 2537 non
1567 2520 1634 2548 pro-

889 2560 969 2588 duxit
981 2567 1067 2595 usque
1077 2556 1110 2584 ad
1123 2555 1319 2583 Assumtionem
1330 2554 1449 2582 Domini.
1468 2560 1515 2581 111.
1526 2557 1588 2581 922.
1597 2564 1620 2580 A.

932 2602 1090 2632 Mattlueus
1115 2609 1175 2638 qua
1194 2599 1230 2628 de
1250 2606 1339 2625 causa
1362 2596 1544 2634 evangelium
1565 2597 1636 2624 scri-

1426 2652 1475 2678 20.
