1884 2922
239 186 311 221 310

238 260 333 289 Paulo.
357 261 402 289 Ib.
429 260 530 289 Filium
548 267 573 289 et
593 261 699 289 Patrem
717 267 743 288 et
762 260 896 299 Spiritum
915 272 978 289 san-

237 311 310 332 ctum
327 314 406 332 unam
419 315 474 332 esse
488 314 631 342 personam
645 303 825 332 affirmabant.
838 311 897 333 XII.
912 309 975 333 127.

239 347 407 375 Marcelliani
431 348 560 386 putabant
584 347 685 375 Filium
708 348 816 386 propria
839 347 978 387 hypostasi

240 392 353 430 privari.
370 400 438 422 vni.
455 397 498 420 53.
514 403 539 420 c.
555 392 654 420 Paulus
664 392 791 421 adversus
801 393 861 421 illos
873 394 976 429 statuit,

237 435 304 463 duas
323 446 377 463 csse
395 445 520 473 personas
538 435 638 465 divisas
653 446 700 474 per
714 436 890 475 hypostasim.
914 444 973 466 XII.

239 483 283 506 37.
299 490 327 506 A.

276 522 462 550 Minczmxo
473 521 658 561 Chrysostomi
674 523 802 562 epistoloe.
815 530 860 553 III.
873 528 938 552 755.
948 535 974 551 A.

240 569 303 593 850.
320 576 347 593 1).

274 609 431 637 Marcellino
452 616 477 637 et
495 609 634 638 Marciano
652 610 840 649 Chrysostomi
856 610 976 649 epistola?

234 661 288 680 sex.
314 659 358 680 111.
381 657 446 680 728.
462 662 486 680 B.
511 657 577 682 757.
600 658 666 681 779.
688 658 753 681 814.
775 658 839 682 874.
863 658 928 682 875.
947 665 973 684 Α.

275 696 432 723 MAnmANo
447 696 540 724 scribit
555 696 774 736 Chrysostomus.
796 704 842 725 III.
861 702 925 725 798.
941 708 969 726 1).

271 739 409 767 Mannum
423 739 552 768 haereseos
565 741 703 779 princeps.
717 746 834 769 ix.287.
850 751 875 770 Β.
894 743 971 779 Μαρ-

233 782 328 814 niumag
362 782 571 821 Chrysostomus
603 791 680 812 vocat
718 784 913 812 Marcionistas.
938 791 972 813 x.

232 831 298 854 791.
315 837 341 855 c.
361 827 560 855 Marcioniscoe
573 838 592 855 ιι
603 829 763 857 Marcione.
780 835 850 856 VIII.
864 833 928 856 901.
945 840 970 856 A.

233 871 365 898 stlareion
385 873 518 898 veritatis
538 872 734 901 adversarius.
763 878 830 899 vul.
855 876 920 902 709,
945 883 972 900 Α.

232 913 300 952 Ejus
313 913 431 942 morbus.
459 921 501 942 VI.
519 919 563 942 96.
584 925 610 942 B.
634 915 820 944 Marcionistas
834 915 889 943 fore
903 926 973 954 prae-

232 957 298 985 dicit
330 957 437 985 Paulus.
473 965 518 986 XI.
557 963 620 986 668.
650 969 674 985 A.
706 959 886 987 Marcionistae
916 959 974 986 bla-

233 1001 384 1038 sphemant.
402 1008 449 1029 XI.
472 1005 533 1029 157.
552 1001 671 1029 Marcion
688 1002 810 1030 humanis
827 1002 973 1030 ratiociniis

234 1043 326 1071 divina
343 1050 468 1079 tractans,
483 1044 630 1082 perniciosa
643 1045 767 1082 dogmata
785 1045 810 1072 in
826 1046 973 1073 Ecclesiam

232 1087 344 1115 invexit.
367 1094 413 1115 XI.
432 1092 498 1116 716.
521 1099 547 1116 c.
565 1088 678 1116 Salamis
700 1089 763 1116 urbs
784 1089 811 1116 in
834 1089 926 1127 Cypro
940 1090 974 1117 ab

233 1130 326 1158 haeresi
346 1131 581 1159 Marcionistarum
600 1132 731 1159 infestata.
750 1139 795 1159 III.
814 1136 880 1160 872.

270 1174 390 1201 Marcion
410 1175 497 1202 Deum
512 1175 575 1202 mali
595 1185 702 1203 causam
718 1175 857 1202 statuebat.
870 1182 890 1203 I.
908 1181 968 1204 114.

229 1217 409 1245 Marcionistae
426 1217 612 1250 confutantur,
626 1228 659 1246 ex
676 1218 716 1245 his
733 1219 823 1246 verbis
839 1219 939 1247 Christi
959 1242 967 1255 ‚

229 1262 321 1288 Nemo
339 1263 445 1295 honus,
465 1263 520 1289 nisi
535 1272 609 1289 nnus
625 1263 719 1297 Deus,
739 1262 868 1295 dicentes,
884 1265 971 1290 Deum

227 1304 366 1333 Christum
381 1315 436 1333 esse
450 1305 561 1341 bonum,
575 1308 662 1333 Deum
676 1316 737 1334 vero
750 1306 903 1344 punientem
915 1317 971 1334 csse

228 1349 340 1379 malum,
358 1356 404 1377 lx.
423 1353 466 1377 52.
483 1359 508 1379 n.

267 1392 387 1420 Marcion
403 1399 479 1430 negat
490 1395 586 1425 Deum,
602 1392 647 1430 qui
662 1393 753 1421 omnia
767 1392 900 1425 condidit,
912 1403 967 1421 esse

225 1434 336 1463 honum.
362 1443 407 1464 XI.
428 1441 491 1464 270.
512 1447 539 1464 n.
559 1437 739 1464 Marcionistae
754 1436 880 1464 dicebant
897 1447 970 1464 crea-

227 1485 316 1506 turam
328 1479 441 1507 alieuam
453 1490 509 1507 esse
523 1490 537 1507 a
550 1479 676 1518 sapientia
693 1479 751 1507 Dei.
772 1486 840 1508 VIII.
857 1485 921 1510 288.
939 1491 968 1509 ι).

225 1529 250 1550 et
267 1523 404 1550 materiam
430 1529 490 1550 ante
518 1523 649 1551 mundum
676 1530 790 1551 creatam
806 1523 896 1551 fuisse.
925 1530 968 1551 IV.

227 1570 271 1593 15.
305 1577 329 1595 Β.
360 1567 497 1593 Materiam
519 1576 570 1594 non
599 1567 695 1594 factam
708 1567 809 1600 fuisse,
829 1574 857 1594 ut
872 1567 967 1595 dicunt

232 1609 422 1641 Marcionistze,
438 1620 518 1647 quam
534 1609 691 1638 absurdum.
709 1617 755 1638 IV.
767 1615 830 1638 748.
849 1620 875 1638 E.
892 1612 968 1638 Mar-

223 1652 283 1679 cion
307 1653 421 1680 satanica
446 1653 611 1681 immanitate
634 1654 836 1681 matrimonium
853 1653 967 1681 damna—

223 1695 278 1724 bat.
297 1703 315 1723 I.
328 1701 391 1723 331.
407 1708 433 1723 A.
451 1697 587 1725 Asserebat
602 1697 740 1725 Christum
755 1707 804 1724 non
817 1707 872 1724 esse
886 1707 959 1724 crea-

224 1745 316 1767 torem.
332 1746 387 1767 VII.
405 1744 469 1770 569,
488 1751 512 1768 13.
543 1751 590 1768 nec
606 1741 723 1779 potuisse
745 1741 833 1768 Deum
848 1747 966 1768 assumta

227 1793 307 1810 carne
322 1793 428 1810 manere
441 1783 581 1810 mundum.
604 1791 648 1812 XI.
666 1788 730 1811 201.
746 1795 772 1811 r.

263 1827 382 1854 Marcion
396 1827 506 1864 negabat
518 1830 605 1855 Deum
612 1838 667 1855 esse
677 1828 782 1856 Veteris
795 1827 962 1856 Testamenti

223 1876 367 1897 auctorem.
381 1877 424 1898 III.
437 1875 501 1898 278.
515 1881 542 1898 c.
553 1871 621 1908 Ejus
632 1881 755 1909 sequaces
767 1871 852 1908 legem
865 1871 968 1910 Moysis

223 1923 255 1941 ex
282 1913 400 1951 catalogo
422 1913 578 1942 divinarum
597 1914 800 1953 Scripturarum
826 1926 967 1954 expunge-

226 1956 300 1984 bant.
316 1964 336 1985 1.
352 1961 416 1985 500.
433 1967 458 1987 c.

262 1999 383 2028 Marcion
407 2000 518 2037 negabat
541 2000 767 2039 dispensationem
788 2001 814 2029 in
835 2012 923 2030 carne.
942 2009 965 2030 1.

223 2047 286 2071 617.
308 2054 336 2072 n.
360 2043 470 2071 Dicebat
494 2043 631 2072 Christum
648 2045 753 2072 nonnisi
776 2045 862 2083 specie
882 2044 966 2073 adve-

224 2086 302 2114 nisse.
317 2093 360 2115 [It.
372 2091 416 2115 28,
432 2097 484 2114 non
497 2097 558 2115 vere
569 2097 601 2116 ex
617 2088 703 2116 Maria
714 2095 805 2116 natum
816 2099 879 2118 esse.
893 2096 965 2117 VIII.

228 2134 292 2158 577.
308 2141 334 2158 ι).
353 2141 381 2158 Ε.
402 2130 548 2158 Marcionis
567 2131 651 2159 furori
667 2132 790 2161 Christus
805 2143 836 2160 ne
850 2132 968 2171 praebeat

223 2174 403 2207 occasionem,
421 2174 494 2211 quod
508 2175 629 2203 futurum
644 2182 683 2203 est
700 2176 822 2214 prmdicit
838 2183 865 2204 ut
878 2179 964 2212 Deus,

224 2223 249 2244 et
265 2227 356 2245 rursus
370 2224 397 2245 ut
414 2217 493 2246 homo
506 2225 619 2247 recusat.
636 2226 656 2247 I.
674 2224 738 2248 625.
752 2231 779 2248 n.
799 2220 963 2249 Erubescere

227 2259 306 2288 debet
325 2260 444 2288 Marcion
455 2282 464 2297 ,
484 2262 570 2288 Deum
583 2261 677 2290 videns
692 2262 718 2290 in
735 2273 813 2290 carne
825 2262 964 2291 adoratum

226 2313 240 2330 a
267 2304 362 2341 magis.
394 2311 452 2334 VII.
482 2309 544 2332 1:28.
574 2315 600 2332 Β.
625 2306 821 2334 OEconomiam
838 2307 967 2345 passionis

227 2346 327 2374 Christi
343 2348 466 2385 negabat.
484 2354 541 2375 vn.
562 2352 627 2376 884.
645 2359 670 2377 c.

265 2390 386 2418 Marcion
404 2390 577 2419 oeconomiam
599 2401 696 2429 negans
711 2402 726 2419 a
742 2392 825 2420 Paulo
842 2393 963 2421 confuta-

226 2439 278 2462 tur.
296 2440 328 2463 v.
344 2438 408 2462 302.
430 2445 455 2463 c.
477 2441 520 2462 XI.
537 2438 600 2462 269.
616 2445 643 2462 A.
663 2435 840 2464 Marcionistae
855 2446 963 2464 oecono-

226 2475 305 2503 miam
319 2476 446 2514 passionis
461 2476 561 2504 Christi
574 2484 697 2516 negantes
709 2479 889 2507 confutantur.
904 2487 960 2509 vlt.

226 2523 287 2545 ⁸⁸35.
312 2529 337 2546 E.
362 2524 425 2547 886.
451 2520 629 2549 confutantur
649 2521 765 2549 direntes
788 2521 821 2549 de
845 2522 963 2559 Christo,

226 2561 284 2588 Non
297 2568 334 2590 est
349 2563 431 2591 sactus
452 2563 542 2599 homo,
555 2563 600 2592 scd
614 2565 639 2593 in
658 2564 863 2593 similitudinem
876 2565 961 2595 homi-

873 201 975 223 INDEX
1005 200 1130 223 RERUM.

1033 272 1097 289 num
1118 262 1211 290 factus.
1232 269 1277 291 XI.
1296 266 1361 291 283.
1377 274 1399 291 n.
1417 265 1604 294 Marcionistas
1622 267 1682 296 ferit
1700 268 1773 296 Pau-

1031 305 1092 341 lus,
1111 312 1230 333 statuens
1250 305 1293 333 his
1316 307 1405 335 verbis
1427 318 1433 334 :
1458 309 1549 337 Unxit
1570 316 1597 337 te
1612 311 1692 339 Deus
1710 311 1773 339 oleo

1026 349 1171 386 justitiae;
1194 349 1264 387 quod
1279 349 1408 379 divinitas
1427 361 1480 380 non
1497 360 1625 391 ungatur,
1647 354 1694 383 sed
1715 355 1767 383 hu-

1031 399 1156 420 manitas.
1172 399 1230 421 XII.
1245 403 1271 420 Λ.

1068 435 1249 464 marcionistae
1279 435 1442 466 affirmantes
1464 445 1598 467 creaturas
1623 449 1678 468 esse
1706 440 1767 468 im-

1030 478 1143 506 mundas
1167 479 1334 507 refelluntur.
1359 486 1404 508 XI.
1431 486 1494 508 811.
1516 491 1543 509 A.
1569 491 1594 509 Β.
1617 482 1681 511 Item
1714 483 1771 512 haec

1028 521 1108 549 verba
1122 521 1277 560 Scripturas,
1294 523 1351 550 Det
1364 522 1425 551 illis
1442 524 1586 553 Dominus
1599 527 1766 554 misericor-

1036 565 1116 592 diam
1125 575 1144 592 α
1156 566 1290 601 Domino,
1300 565 1455 604 arripientes
1464 567 1592 596 adversus
1601 570 1772 598 consubstan-

1035 607 1175 636 tialitatem
1197 609 1279 644 Filii,
1302 610 1484 648 corripiuntur
1516 618 1562 640 XI.
1586 616 1651 640 727.
1677 624 1706 642 1).
1729 614 1770 642 De
1808 624 1811 625 ⁷

1027 652 1246 680 consubstantiali
1258 652 1386 686 Humilia,
1403 653 1430 681 in
1451 653 1506 682 haec
1522 655 1615 682 verba:
1630 656 1730 692 Pater,
1743 658 1770 685 si

1025 696 1161 732 possibile
1176 703 1237 731 est,
1253 702 1304 724 etc.
1321 696 1454 725 adversus
1470 698 1656 727 marcionistas
1669 705 1693 727 et
1708 700 1770 728 Ma-

1027 738 1214 767 meluens-111.
1241 744 1285 768 19.
1306 751 1333 769 A.

1068 783 1211 811 Marcionis
1224 783 1344 817 assertio,
1365 783 1439 821 quod
1458 785 1581 814 Christus
1595 786 1652 814 haec
1669 787 1751 815 verba
1761 809 1768 823 ‚

1026 825 1127 864 Neque
1140 827 1260 854 Patrem.
1274 828 1340 864 quis
1352 827 1432 853 novit
1443 829 1500 854 nisi
1515 828 1623 862 Filius,
1635 829 1668 857 de
1680 829 1771 868 ignoto

1025 875 1050 896 et
1066 880 1080 896 a
1109 870 1210 897 nemine
1235 869 1342 907 cognito
1365 870 1420 897 Deo
1445 870 1561 899 dicebat.
1591 878 1649 900 vu.
1664 877 1766 903 482.1z.

1026 913 1205 940 Marcionistae
1222 913 1440 941 resurrectionem
1460 922 1601 953 negantes,
1619 926 1666 954 pcr
1684 917 1766 945 verba

1026 956 1133 993 psalmi,
1155 957 1238 984 Dixit
1250 958 1442 986 Dominus....
1454 957 1554 987 Sedea
1567 959 1677 988 dextris
1685 963 1766 995 meis,

1024 999 1192 1028 refelluntur.
1213 1006 1244 1027 V.
1265 1005 1330 1028 298.
1347 1011 1371 1028 B.
1388 1004 1453 1028 299.

1065 1043 1184 1071 Marcion
1200 1043 1277 1071 libris
1297 1043 1372 1072 Pauli
1399 1054 1462 1071 usus
1478 1051 1516 1072 est
1529 1067 1536 1080 ,
1558 1044 1603 1072 sed
1620 1046 1768 1084 amputatis

1025 1092 1049 1113 et
1065 1088 1217 1114 truncatim.
1233 1094 1266 1115 X.
1281 1092 1344 1115 694.
1365 1098 1389 1117 Β.
1404 1087 1446 1115 Ex
1459 1087 1501 1115 his
1515 1088 1604 1116 verbis
1617 1089 1712 1122 Pauli,
1730 1092 1768 1117 In

1024 1129 1106 1156 aliud
1119 1130 1296 1168 evangelium
1313 1152 1321 1165 ,
1341 1130 1419 1168 quod
1436 1140 1494 1158 non
1511 1138 1552 1160 est
1569 1132 1670 1167 aliud,
1684 1134 1764 1160 Mar-

1024 1172 1140 1199 cionisiae
1157 1173 1362 1207 concludebant,
1387 1174 1500 1201 Paulum
1517 1174 1605 1213 ipsum
1625 1176 1705 1204 etiam
1720 1176 1764 1203 di-

1023 1215 1105 1251 xisse,
1121 1226 1172 1243 non
1188 1226 1242 1244 esse
1253 1217 1328 1244 aliud
1343 1217 1521 1255 evangelium.
1537 1225 1569 1247 x.
1584 1224 1650 1248 791.
1665 1229 1692 1247 c.
1712 1220 1767 1248 Re—

1025 1259 1163 1287 felluntur.
1176 1261 1220 1287 lh.

1065 1303 1210 1331 Marcionis
1218 1303 1263 1340 qui
1276 1303 1508 1339 morbolaborant‚
1519 1304 1569 1332 filii
1578 1304 1680 1333 diaboli
1690 1312 1764 1335 sunt.

1026 1353 1082 1375 VII.
1101 1351 1164 1376 517.
1181 1357 1210 1376 A.
1227 1358 1252 1374 B.
1266 1347 1378 1375 Illorum
1389 1347 1456 1375 ritus
1470 1347 1576 1376 ridiculi
1589 1348 1615 1376 in
1630 1348 1766 1387 baptismo

1024 1397 1202 1418 mortuorum.
1217 1397 1250 1418 x.
1268 1395 1333 1420 440.
1350 1401 1375 1419 e.
1391 1391 1503 1419 Illorum
1515 1390 1549 1419 de
1559 1391 1666 1420 Davide
1676 1402 1763 1420 asser-

1023 1433 1077 1468 tio⁷
1093 1433 1193 1462 scilicet
1204 1456 1213 1471 ‚
1235 1433 1312 1462 illum
1333 1434 1462 1463 occidisse
1476 1442 1501 1463 et
1514 1436 1648 1464 moechum
1665 1435 1756 1465 fuisse.

1024 1483 1081 1505 VII.
1099 1481 1163 1505 365.
1182 1488 1208 1506 A.

1062 1521 1198 1557 Mmcns,
1223 1520 1294 1548 Petri
1314 1520 1480 1559 discipulus,
1501 1523 1610 1561 scripsit
1636 1525 1765 1564 Evange-

1023 1563 1099 1591 lium.
1117 1571 1176 1592 vu.
1190 1569 1216 1592 6.
1236 1564 1352 1603 Scripsit
1368 1565 1393 1592 in
1407 1565 1526 1604 AEgypto
1539 1574 1633 1604 rogatu
1645 1568 1766 1608 discipu-

1023 1605 1121 1638 lorum,
1138 1614 1196 1636 VII.
1217 1613 1244 1635 8.
1266 1618 1289 1636 Β.
1305 1609 1367 1636 Post
1383 1610 1540 1637 Mattliaeum
1554 1612 1685 1648 scribens,
1701 1620 1764 1642 stu—

1022 1650 1080 1678 duit
1096 1651 1252 1689 compendio
1263 1673 1271 1687 ‚
1288 1659 1380 1690 utpote
1397 1653 1453 1691 jam
1467 1652 1538 1681 dicta
1551 1661 1577 1682 et
1591 1662 1652 1683 nota
1667 1667 1763 1685 recen—

1022 1704 1091 1722 sens.
1119 1702 1174 1722 VII.
1197 1699 1242 1723 53.
1265 1706 1294 1723 A.
1319 1696 1391 1724 lnter
1414 1697 1537 1724 Marcum
1560 1704 1585 1726 et
1604 1699 1765 1729 Matthoeum

1022 1738 1096 1766 nulla
1115 1738 1295 1776 discrepantia
1311 1739 1379 1767 circa
1397 1750 1504 1767 socrum
1520 1741 1600 1770 Petri.
1618 1749 1675 1771 VII.
1694 1748 1758 1773 369.

1022 1791 1049 1809 A.
1076 1793 1101 1811 n.
1121 1791 1204 1819 neque
1226 1782 1295 1810 circa
1318 1782 1417 1810 factum
1435 1782 1590 1819 sacerdotis,
1611 1786 1658 1822 qui
1679 1796 1762 1825 panes

1022 1825 1209 1864 propositionis
1229 1825 1330 1854 Davidi
1351 1832 1376 1853 et
1398 1826 1452 1854 illis
1474 1827 1521 1864 qui
1538 1838 1599 1855 cum
1615 1828 1672 1866 ipso
1687 1837 1761 1859 eraut

1021 1869 1197 1897 comedendos
1207 1868 1291 1897 dedit.
1306 1876 1363 1898 viI.
1377 1874 1440 1898 487.
1456 1880 1483 1898 n.
1496 1871 1606 1899 Factum
1615 1871 1649 1900 de
1657 1873 1759 1902 tributo

1021 1913 1129 1941 Marcus
1144 1922 1195 1940 non
1212 1913 1313 1948 retulit,
1329 1913 1391 1951 quia
1402 1913 1465 1941 hinc
1479 1913 1570 1952 ingens
1586 1914 1670 1944 honor
1680 1917 1757 1945 Petro

1020 1956 1172 1984 accedebat.
1195 1963 1252 1985 vn.
1274 1961 1338 1985 660.
1357 1967 1383 1985 c.
1402 1957 1520 1995 Lapsum
1536 1968 1598 1986 vero
1620 1960 1692 1988 Petri
1707 1970 1759 1989 non

1021 1999 1132 2037 celavit,
1150 1999 1197 2028 sed
1211 2000 1290 2028 etiam
1308 1999 1406 2028 clarius
1422 2011 1503 2038 quam
1517 2001 1563 2029 alii
1578 2003 1709 2039 narravit,
1725 2014 1756 2032 eo

1021 2042 1079 2080 ipso
1100 2043 1172 2080 quod
1194 2042 1268 2071 illius
1290 2042 1442 2081 discipulus
1463 2050 1538 2072 esset.
1560 2051 1617 2073 VII.
1641 2050 1704 2074 909.
1727 2057 1754 2075 c.

1021 2088 1128 2114 Marcus
1144 2087 1322 2125 Evangelium
1342 2097 1421 2115 suum
1444 2097 1527 2125 usquc
1545 2087 1580 2116 ad
1603 2089 1757 2118 Assumtio-

1020 2139 1080 2157 nem
1097 2130 1204 2158 Domini
1217 2140 1268 2158 non
1284 2130 1423 2169 produxit.
1440 2138 1487 2159 III.
1505 2135 1570 2160 922.
1585 2143 1611 2160 Α.

1058 2174 1241 2202 MARGAmTAE
1257 2180 1282 2201 et
1296 2183 1407 2211 gemmae
1431 2174 1456 2201 in
1478 2174 1579 2202 Christi
1599 2185 1693 2204 manus
1712 2186 1759 2216 per

1019 2226 1148 2255 pauperes
1163 2217 1332 2256 reponendae.
1348 2224 1380 2245 II.
1391 2221 1455 2245 285,
1473 2227 1498 2246 Β.

1059 2265 1150 2293 Μυὶιε
1164 2263 1300 2292 commoda
1313 2270 1421 2301 quanta.
1438 2271 1458 2292 1.
1476 2268 1538 2292 182.
1558 2276 1584 2293 Α.
1602 2270 1663 2294 183.
1683 2277 1708 2296 1³.

1059 2308 1161 2336 Mnus-2
1172 2307 1305 2345 generatio
1315 2317 1362 2334 cur
1373 2317 1424 2335 non
1440 2313 1546 2335 texatur
1560 2307 1585 2335 in
1600 2315 1660 2336 ortu
1676 2309 1758 2337 Chri-

1018 2350 1059 2378 sti.
1076 2358 1133 2379 VII⁴
1152 2355 1198 2380 29.
1220 2361 1243 2378 B.
1268 2351 1384 2389 Majores
1407 2350 1463 2388 ejus
1485 2361 1532 2378 cur
1553 2351 1658 2380 silentio
1683 2352 1757 2381 missi

1017 2394 1124 2422 suerint.
1138 2401 1195 2422 VII.
1213 2398 1257 2422 31.
1272 2395 1338 2432 Ejus
1353 2394 1506 2432 genealogia
1519 2405 1570 2423 non
1579 2394 1698 2431 ducitur,
1711 2397 1758 2425 sed

1018 2437 1139 2476 Joscphi,
1155 2449 1245 2475 quare.
1265 2445 1319 2466 VII.
1342 2443 1386 2466 30.
1411 2448 1435 2465 c.
1459 2443 1504 2466 37.
1523 2449 1551 2466 A.
1575 2443 1619 2467 38.
1642 2450 1667 2466 Β.
1689 2449 1755 2478 sqq.

1017 2481 1159 2517 Quomodo
1174 2481 1313 2510 Elisabeth
1331 2491 1364 2509 ex
1378 2481 1450 2509 tribu
1469 2481 1587 2510 Levitica
1601 2489 1712 2520 cognata
1724 2483 1758 2511 sit

1017 2525 1121 2553 Mariae.
1140 2532 1196 2553 VII.
1218 2530 1260 2553 17.
1285 2536 1310 2552 fx.
1345 2525 1454 2552 Constat
1475 2525 1606 2563 virginem
1622 2526 1709 2563 ipsam
1721 2536 1756 2554 cx

1017 2578 1108 2606 genere
1120 2568 1251 2597 Davidico
1267 2568 1357 2597 fuisse.
1377 2575 1408 2596 II.
1430 2573 1489 2596 422.
1507 2580 1532 2596 A.
