1910 2907
147 263 286 294 ordinatus
300 263 366 298 fuit,
382 262 404 291 si
427 261 532 292 Socrati
551 260 585 290 sit
604 261 672 290 fides
686 261 827 297 habenda,
843 261 886 290 vel

145 310 226 349 paulo
240 316 301 338 ante
313 319 394 347 quam
409 308 581 337 ordinaretur
597 308 760 347 composuit.
776 308 837 343 Qua
853 308 886 336 de

145 356 236 394 tejam
249 355 372 394 superius
385 361 475 383 actum
486 354 546 382 fuit.

187 402 217 430 In
240 402 292 430 hoc
305 402 386 430 etiam
400 401 506 429 circiter
524 407 631 439 tempus
651 399 786 428 reserenda
807 399 887 429 vide-

145 455 190 476 tur
205 448 335 487 Syncpsis
348 448 394 476 illa
406 448 552 486 Scriptura?
568 457 660 481 sacrae,
673 447 750 485 cujus
765 457 889 485 magnam

147 501 250 533 partein
273 493 408 522 edidimus
422 506 428 522 ε
442 504 495 521 non
520 492 592 520 enim
618 493 721 531 integra
743 491 778 520 ad
802 503 890 520 aevum

147 551 232 578 usque
259 547 378 568 nostrum
407 538 536 579 pervenit.
559 539 635 577 Opus
659 549 714 566 esse
743 538 890 577 genuinum

149 586 266 626 probavi
286 586 313 614 in
338 586 459 614 Diatriba
474 607 483 622 ‚
499 584 530 613 ad
551 595 632 622 quam
656 584 780 612 lectorem
807 584 892 612 mitti-

148 644 217 661 mus.
233 633 302 661 Sane
318 632 445 671 synopsin
462 632 664 669 Scripturarum
679 630 816 669 scripsisse
831 641 892 658 eum

149 679 194 717 qui
223 679 325 707 divinis
350 678 434 706 literis
460 676 603 710 addictus,
626 687 718 705 earum
739 677 847 705 lectioni
868 684 894 705 et

149 725 317 754 meditationi
333 731 488 763 perpetuam
502 722 584 751 dabat
599 733 723 762 operam,
738 723 817 751 facile
833 733 894 751 cre-

114 766 138 785 99
149 770 239 799 datur.
254 770 315 799 Alia
332 781 393 798 vero
408 775 577 808 argumenta⁷
593 779 653 806 quoe
669 769 696 797 in
709 768 833 797 Diatriba
853 775 894 796 at-

150 817 276 853 tulimus,
293 816 352 844 orbi
367 815 486 844 literario
501 813 665 853 exploranda
677 821 702 843 et
718 814 754 843 ad
765 814 895 843 trutinam

150 862 330 891 examinanda
341 862 484 890 mittimus.

190 909 306 938 Joannes
316 908 405 945 itaque
416 915 504 935 noster
518 918 566 946 per
579 917 661 935 annos
672 905 773 944 aliquot
787 905 894 934 diaconi

36 952 72 987 ,¹³²
88 951 138 971 ΡΛ·
150 961 204 983 tam
222 954 305 993 probe
321 955 425 982 functus
440 952 529 981 officio
540 975 546 987 ‚
557 953 681 990 cumjam
696 958 733 980 tot
747 951 894 990 specimina

31 990 124 1039 ,¹2⁷¹2’‚p{1
150 1000 266 1028 dedisset
280 999 386 1028 eximiae
407 998 564 1036 eloquentiae
584 1008 644 1025 cum
661 997 760 1036 pietate
778 996 895 1034 conjun—

27 1045 128 1064 ¹¹⁹⁰¹⁰¹¹‘·
150 1053 210 1083 ctae,
219 1057 234 1074 a
248 1045 378 1074 Flaviano
391 1044 516 1083 episcopo
527 1043 668 1083 presbyter
678 1042 829 1071 ordinatur.
841 1043 895 1070 'No-

25 1088 140 1124 Presbyter
151 1099 225 1121 verat
239 1092 310 1120 enim
327 1091 372 1119 ille
382 1090 468 1119 Yerbi
484 1091 533 1118 Dei
545 1099 693 1129 praeconem
709 1099 844 1117 summum
859 1089 895 1116 so-

26 1120 116 1172 Ἐῗῖζΐ
127 1127 139 1139 ³
151 1148 180 1166 re
193 1139 322 1167 Joannem
336 1143 458 1164 nostrum
468 1159 475 1171 ,
491 1136 538 1174 qui
555 1135 604 1164 etsi
625 1135 797 1164 concionatus
813 1145 893 1163 num-

153 1194 235 1222 quam
250 1183 345 1217 fuerat,
357 1183 413 1221 jam
427 1193 462 1210 ex
472 1182 581 1221 scriptis
596 1181 650 1210 suis
666 1180 758 1209 talenti
773 1181 825 1209 sibi
841 1191 896 1209 cre-

152 1229 203 1257 diti
219 1229 367 1257 uberrimas
384 1227 496 1256 dederat
512 1227 656 1267 primitias.
676 1227 826 1256 Ordinatus
849 1237 897 1255 au-

153 1282 205 1303 tem
220 1281 259 1302 est
274 1281 335 1302 ante
349 1273 591 1312 Quadragesimam
605 1274 668 1302 anui
685 1272 756 1310 356,
768 1280 797 1302 ut
809 1284 841 1302 ex
856 1273 899 1300 in-

152 1322 194 1350 fra
213 1319 336 1348 dicendis
355 1319 496 1348 constabit.
514 1320 569 1348 Nec
586 1330 659 1347 mora
677 1331 685 1348 z
702 1326 845 1358 postquam
864 1317 900 1346 ad

154 1366 317 1396 sacerdotale
331 1365 509 1394 ministerium
521 1372 656 1394 assumtus
667 1365 719 1393 fuit
729 1365 780 1401 ‚ad
795 1365 900 1393 concio·

155 1412 238 1441 nandi
259 1411 378 1440 officium
398 1411 545 1451 deputatur
557 1422 572 1440 a
586 1411 717 1440 Flaviano
732 1424 738 1439 :
753 1422 805 1450 quo
827 1422 899 1451 pra?-

155 1465 227 1487 sente
249 1458 363 1496 primam
386 1457 526 1485 homiliam
547 1457 640 1493 dixit,
654 1465 680 1486 et
707 1468 769 1486 cum
795 1468 900 1487 summa

160 1503 289 1532 modestia
306 1503 443 1541 animique
461 1502 621 1532 demissione
638 1514 714 1532 orsus
733 1510 782 1532 est.
796 1505 831 1533 Se
847 1514 899 1532 non

15 402 63 430 .6.p
77 399 132 423 308.

19 917 42 929 n.
52 907 107 930 386.

158 1549 240 1578 semel
265 1548 505 1583 adolescentulum,
523 1549 659 1589 μειράκιον
678 1557 704 1578 et
719 1550 899 1589 μειρακίσκον,

159 1602 248 1630 vocat,
261 1595 310 1623 etsi
324 1605 388 1634 pene
402 1595 631 1633 quadragenarius
642 1597 699 1634 jam
712 1604 784 1631 erat;
800 1607 827 1624 se
837 1606 900 1635 pec-

157 1648 271 1670 catorem
291 1639 377 1676 dicit,
394 1640 526 1679 additque
544 1641 696 1679 Davidem,
714 1642 810 1670 caelum
823 1666 829 1676 ,
847 1649 902 1670 ter-

158 1698 214 1715 ram
224 1710 231 1723 ‚
247 1687 375 1715 elementa
389 1687 479 1715 omnia
490 1709 499 1724 ,
514 1688 581 1715 feras
593 1687 746 1725 bestiasque
759 1710 766 1724 ,
780 1688 900 1717 homines

158 1740 184 1761 et
197 1733 305 1772 angelos
317 1732 353 1761 ad
374 1734 462 1761 Deum
483 1732 649 1761 laudandum
665 1741 690 1761 et
710 1733 900 1763 celebrandum

158 1789 305 1818 provocare
317 1801 324 1815 ‚
338 1786 488 1818 peccatores
513 1789 576 1807 vero
599 1789 758 1817 numquam.
775 1780 845 1808 Hinc
866 1779 902 1808 ad

159 1825 282 1853 Flaviani
293 1832 357 1853 tunc
369 1825 505 1864 praesentis
519 1825 611 1854 laudes
620 1836 647 1854 se
661 1826 802 1862 convertit,
811 1826 902 1864 aitque

158 1871 238 1899 illum
252 1872 280 1899 in
291 1879 427 1900 sumtuosa
440 1871 520 1900 domo
539 1871 682 1900 educatum
693 1873 765 1911 ,jam
777 1883 900 1912 asperam

161 1924 186 1945 et
208 1916 358 1955 squalidam
380 1917 467 1955 gregis
489 1916 532 1945 sui
557 1917 685 1956 pascendi
714 1929 794 1946 causa
817 1919 900 1948 vitam

160 1972 248 2001 agere.
260 1962 377 1991 Demum
388 1963 446 2001 ejus
456 1970 646 1991 antecessorem
658 1963 786 1993 laudibus
797 1965 902 1994 extollit

160 2008 312 2037 Meletium.

201 2054 264 2082 Post
278 2053 347 2082 hanc
361 2053 477 2093 primam
497 2054 649 2083 concionem
664 2055 789 2094 opinatur
803 2056 843 2084 vir
857 2067 903 2085 sa-

160 2099 318 2138 gacissimus
331 2099 522 2128 Tillemontius
532 2100 653 2128 habitam
667 2101 749 2129 fuisse
764 2102 903 2131 homiliam

161 2145 305 2174 secundam
323 2146 349 2174 in
367 2145 462 2174 Oziam
477 2153 503 2174 et
517 2146 544 2174 in
566 2146 728 2185 Seraphinos
740 2170 747 2183 ‚
759 2148 903 2177 atlevibus

163 2198 298 2230 permotus
317 2202 363 2220 seu
387 2192 535 2220 rationibus
563 2202 609 2220 seu
633 2193 794 2231 conjecturis
807 2216 814 2229 ‚
837 2205 903 2232 quas

164 2237 242 2264 etiam
257 2237 302 2264 ille
320 2237 470 2265 dubitando
490 2237 599 2276 profert.
617 2238 685 2266 Nam
708 2239 779 2267 utin
800 2240 904 2269 Monito

165 2282 199 2311 ad
213 2283 343 2311 Homilias
353 2282 387 2311 de
401 2283 558 2322 Serapbinis
571 2283 691 2312 diximus
701 2307 708 2319 ⁷
722 2284 779 2313 haec
793 2286 905 2314 homilia

164 2328 279 2368 proferri
292 2339 344 2357 non
354 2329 442 2367 potuit
457 2336 517 2358 ante
530 2339 630 2358 annum
645 2329 715 2367 588,
732 2338 762 2359 ut
776 2331 804 2360 in
817 2331 906 2360 Moni-

167 2382 194 2403 to
206 2374 300 2403 eodem
312 2375 454 2414 probatur.

208 2422 311 2450 Verum
332 2421 432 2460 optime
454 2421 580 2460 opinatur
602 2421 673 2450 idem
700 2422 908 2460 Tillemontius,

168 2479 229 2497 cum
248 2467 314 2495 dicit
331 2474 425 2506 putare
445 2477 472 2494 se
490 2473 549 2495 octo
559 2468 698 2496 Sermones
714 2468 741 2496 in
761 2469 885 2497 Genesim
898 2492 907 2503 ,

50 2515 154 2546 4⁴¹·544·
170 2515 215 2553 qui
231 2515 318 2543 Tomo
326 2519 420 2550 quarto
435 2512 564 2540 Homilias
578 2512 604 2540 in
617 2513 743 2541 Genesim
753 2522 910 2552 sequuntur,

147 2561 150 2563 ’
168 2561 276 2589 habitos
296 2559 377 2587 fuisse
397 2558 504 2586 ineunte
525 2558 737 2597 Quadi-agesima
756 2560 818 2588 anni
840 2561 909 2589 580.

7 2610 34 2648 ’,ξεῖ
57 2608 157 2628 oneiones
170 2605 203 2635 ld
222 2606 295 2635 enim
314 2604 453 2644 perspicue
475 2603 593 2633 declarat
607 2605 816 2644 Chrysostomus
826 2629 836 2642 ,
852 2617 912 2637 cum

336 2654 408 2672 rom.
431 2654 502 2673 xiii.

49 2240 71 2263 6-
83 2249 98 2270 r
110 2242 149 2269 92-

45 2429 153 2451 tuernout.

53 2460 91 2488 [μ.

681 200 770 222 ΝΕΝΕ
798 199 928 222 PRIMUM
956 199 1135 223 ADORNATA
1145 215 1152 222 .

1619 205 1626 226 i
1644 193 1681 227 13

939 261 1086 291 secundum
1095 273 1242 292 sermonem
1254 262 1296 291 his
1305 263 1393 292 verbis
1400 263 1680 304 orditur:«Numquid
1693 273 1714 292 in
1727 270 1799 291 Gene-

940 308 1098 337 meministis
1108 309 1361 348 qiiaestion11m‚quae
1372 320 1457 349 nuper
1468 311 1545 340 vobis
1559 313 1681 351 proposi-
1691 304 1757 353 {¹¹:¹4⁰
1780 331 1825 354 335

940 359 974 381 tce
983 354 1065 382 sunt?
1077 355 1105 382 ln
1117 362 1218 384 tantam
1231 356 1302 384 enim
1313 358 1491 395 arrogantiam
1504 364 1528 386 ct
1542 358 1680 387 audaciam

941 409 988 426 nos
1001 401 1170 438 provexistis,
1184 408 1212 430 ut
1224 402 1383 439 quaestiones
1399 403 1531 443 intrepide
1542 405 1684 443 aggredia-

942 455 1003 473 mur
1020 457 1026 474 :
1043 446 1097 474 imo
1111 457 1159 475 nec
1173 448 1329 486 arrogantia:
1347 459 1394 477 nec
1405 449 1525 478 audaciae
1540 450 1567 478 id
1582 451 1686 479 facinus

942 497 990 521 est.
1000 492 1059 520 Non
1075 494 1146 522 enim
1158 494 1263 522 viribus
1277 495 1375 523 nostris
1387 495 1560 532 confidentes,
1570 499 1616 525 sed
1633 508 1684 525 an·-

944 537 1059 566 tistitum
1078 539 1202 578 precibus
1217 551 1247 568 ac
1266 540 1361 569 vestris
1380 541 1470 570 omnia
1492 542 1687 572 committentes

944 584 979 612 ad
1006 585 1122 613 stadium
1151 597 1197 614 nos
1225 587 1402 616 accinximus.
1416 599 1430 613 »
1451 588 1501 616 Hic
1525 588 1595 616 clare
1612 588 1688 617 vides

946 630 1171 669 Chrysostomum
1198 631 1231 659 ad
1256 632 1374 660 stadium
1395 643 1422 661 se
1446 633 1646 672 accingentem,
1662 641 1688 662 et

946 676 1165 715 Quadragesimae
1181 688 1314 706 sermones
1327 679 1445 717 primum
1458 679 1689 718 ineuntcm‚sequc

947 734 1012 762 pene
1035 723 1156 751 audaciae
1174 724 1339 752 incusantem
1359 724 1433 761 quod
1449 735 1505 752 rem
1525 732 1623 753 tantam
1637 735 1690 764 ag-

947 770 1102 808 grederetur
1119 781 1125 796 ε
1143 780 1201 808 qum
1230 776 1300 797 certe
1323 770 1413 798 omnia
1438 770 1689 809 Quadragesimales

947 826 1080 844 sermones
1100 816 1189 854 prima
1213 815 1273 844 vice
1294 815 1465 854 incipientem
1491 816 1690 844 indicant.Non

948 862 1019 889 enim
1035 872 1062 889 ea
1079 871 1143 890 usus
1155 868 1193 890 est
1203 860 1325 889 ordiendi
1341 861 1443 889 ratione
1454 872 1523 890 anno
1537 862 1692 900 insequente

948 907 1016 942 537,
1028 918 1089 936 cum
1103 907 1244 936 Sermones
1256 906 1290 935 de
1302 907 1402 935 Statuis
1415 918 1462 947 per
1473 914 1555 936 totam
1568 908 1693 943 Quadra—

948 953 1077 990 gesimam
1092 953 1195 981 habuit.
1214 954 1307 991 Itaque
1330 953 1358 981 hi
1383 964 1516 982 sermones
1536 955 1593 982 sine
1608 954 1693 983 dubio

948 999 1082 1038 pertinent
1103 999 1139 1027 ad
1157 1009 1257 1027 annum
1272 1000 1330 1028 586
1341 1021 1348 1033 ,
1363 1009 1415 1037 quo
1430 999 1538 1028 ineunte
1552 1000 1694 1040 presbyter

949 1044 1087 1073 ordinatus
1111 1045 1197 1073 fuerat
1212 1067 1218 1078 ,
1233 1051 1259 1073 ct
1282 1045 1358 1073 annis
1381 1045 1474 1073 saltem
1498 1045 1605 1074 duobus
1631 1053 1694 1075 ante

949 1102 1028 1130 quam
1043 1090 1174 1119 Homilias
1184 1091 1222 1119 67
1239 1090 1265 1118 in
1277 1090 1412 1126 Genesim,
1425 1101 1483 1128 quae
1495 1091 1522 1119 in
1533 1091 1625 1120 eodem
1640 1092 1695 1120 To-

950 1147 996 1165 mo
1021 1135 1192 1176 praecedunt,
1205 1135 1331 1171 haberet,
1348 1135 1397 1164 hos
1416 1146 1550 1165 sermones
1568 1136 1693 1171 dixeram

951 1183 998 1211 ubi
1014 1183 1129 1222 plurima
1142 1182 1242 1222 passim
1251 1181 1461 1217 animadvertas,
1471 1193 1529 1219 quae
1539 1181 1634 1211 iisdem
1647 1193 1696 1210 sae-

952 1239 985 1268 pe
1002 1229 1091 1258 verbis
1109 1229 1135 1256 in
1151 1228 1270 1256 homiliis
1283 1228 1337 1256 illis
1349 1228 1535 1257 observantur.

992 1276 1023 1304 In
1038 1275 1080 1303 his
1099 1274 1271 1303 concionibus
1287 1296 1294 1309 ‚
1308 1274 1412 1302 etiamsi
1430 1274 1499 1302 inter
1515 1274 1615 1313 primas
1630 1285 1696 1312 quas

954 1321 1163 1360 Clirysostomus
1177 1319 1274 1347 habuit
1287 1327 1471 1357 numerentur,
1485 1331 1536 1348 non
1548 1320 1627 1348 modo
1641 1321 1697 1348 elo-

953 1367 1090 1405 quentiam
1103 1389 1109 1402 ‚
1125 1365 1273 1394 ubertatem
1288 1365 1314 1393 in
1335 1365 1449 1394 dicendo
1462 1388 1468 1399 ,
1485 1366 1602 1394 nitidum
1613 1377 1697 1404 genus

953 1414 1097 1442 verborum
1109 1435 1116 1448 ,
1130 1419 1156 1440 et
1179 1411 1340 1440 inventionis
1362 1412 1515 1440 felicitatem
1534 1411 1674 1440 admireris
1687 1432 1696 1447 ‚

954 1469 1013 1497 quae
1025 1459 1052 1487 in
1065 1458 1166 1487 caeteris
1177 1457 1304 1485 omnibus
1316 1457 1373 1496 ejus
1381 1457 1508 1496 operibus
1523 1457 1636 1492 elucent,
1649 1458 1698 1486 ubi

953 1506 1055 1544 stylum
1079 1515 1182 1543 semper
1203 1503 1325 1532 videmus
1342 1503 1467 1542 populari
1487 1504 1630 1532 assensioni
1651 1514 1698 1532 ac·-

954 1550 1170 1586 commodatum;
1187 1549 1232 1578 sed
1249 1549 1328 1577 etiam
1351 1548 1551 1577 animadvertas
1566 1556 1697 1587 quantum

953 1597 989 1626 ad
1008 1604 1241 1635 extemporaneam
1259 1594 1481 1623 declamationem
1502 1605 1607 1634 semper
1624 1606 1700 1624 com-

954 1650 1063 1684 paratus
1074 1642 1153 1670 fuerit
1163 1647 1250 1670 tantus
1261 1641 1403 1676 artifex‚et
1417 1651 1497 1678 quam
1512 1641 1546 1669 ad
1562 1651 1602 1669 res
1614 1651 1699 1679 quan-

955 1689 1056 1718 tumvis
1071 1688 1221 1727 inopinatas
1235 1687 1306 1726 stylo
1322 1687 1517 1725 persequendas
1531 1694 1626 1726 praesto
1643 1688 1697 1716 fue-

956 1737 1000 1765 rit.
1014 1736 1072 1764 Hoc
1085 1744 1139 1763 uno
1152 1745 1207 1762 rem
1228 1732 1351 1772 exemplo
1367 1732 1508 1772 percipias.
1521 1733 1552 1761 Iu
1570 1733 1698 1762 Sermone

956 1789 1050 1820 quarto
1063 1791 1139 1809 num.
1158 1781 1187 1815 5,
1201 1790 1261 1807 cum
1276 1778 1417 1807 accedente
1430 1786 1505 1807 nocte
1520 1778 1637 1807 lucerna:
1652 1790 1698 1807 ec-

955 1830 1040 1859 clesiae
1055 1828 1261 1857 accenderentur
1274 1849 1282 1863 ‚
1298 1826 1434 1855 auditores
1449 1827 1549 1854 aversis
1563 1837 1578 1854 a
1593 1827 1698 1855 concio-

955 1883 1046 1904 natore
1069 1875 1173 1909 oculis,
1186 1873 1220 1901 ad
1244 1872 1366 1900 lucernas
1390 1882 1417 1899 se
1439 1878 1620 1900 convertunt:
1635 1872 1698 1901 hinc

954 1922 1000 1950 ille
1013 1921 1102 1950 statim
1113 1929 1204 1948 eorum
1216 1918 1365 1946 socordiam
1378 1917 1475 1956 carpit,
1492 1924 1517 1945 et
1528 1917 1611 1945 multa
1625 1917 1697 1946 haud

955 1967 1038 1996 dubie
1050 1967 1210 2005 imparatus,
1224 1963 1291 1991 dicit
1314 1962 1450 2001 przrclare,
1462 1973 1492 1991 ac
1506 1963 1529 1991 si
1544 1973 1599 1991 rem
1614 1964 1698 1992 medi-

955 2021 1026 2042 tatus
1039 2012 1200 2044 accessisset,
1221 2009 1266 2047 qui
1281 2015 1369 2037 tamen
1386 2008 1442 2036 haec
1456 2008 1603 2047 praevidere
1623 2009 1698 2039 nullo

957 2060 1036 2089 modo
1049 2064 1181 2098 potuerat.

999 2106 1055 2134 Hoc
1067 2104 1171 2133 circiter
1185 2109 1303 2141 tempore
1317 2101 1456 2130 homiliam
1471 2101 1542 2129 dixit
1556 2101 1583 2130 in
1597 2102 1699 2131 S.Me-
1754 2119 1852 2141 nomm,

956 2153 1061 2187 lotium,
1073 2161 1086 2178 a
1101 2160 1153 2188 quo
1169 2149 1225 2187 ipse
1239 2148 1321 2176 lector
1335 2154 1360 2175 et
1375 2154 1465 2186 postea
1477 2147 1606 2176 diaconus
1620 2147 1698 2176 ordi-
1710 2153 1731 2187 ip
1745 2152 1766 2172 S.
1780 2151 1852 2171 Mete-

958 2205 1034 2227 natus
1049 2197 1142 2224 fuerat.
1159 2195 1278 2232 Tempus
1297 2192 1354 2231 ipse
1369 2193 1578 2231 Chrysostomus
1592 2192 1619 2221 in
1635 2203 1698 2221 con·
1709 2188 1776 2237 ’ἕξ
1786 2190 1836 2233 γίῗ·

959 2245 1034 2273 cione
1048 2242 1148 2281 profert
1171 2250 1232 2268 cum
1259 2238 1325 2267 dicit
1343 2250 1349 2264 :
1368 2239 1493 2276 Quintus
1507 2241 1583 2266 enim
1602 2250 1698 2268 annus
1711 2244 1765 2271 387.

955 2292 1019 2330 jam
1035 2289 1190 2327 prseteriit,
1204 2296 1239 2313 ex
1254 2294 1312 2323 quo
1324 2284 1374 2312 ille
1389 2286 1521 2322 migravit
1533 2285 1574 2313 ad
1584 2285 1697 2313 Jesum.

961 2334 1039 2364 Obiit
1052 2340 1142 2361 autem
1152 2331 1277 2360 Meletius
1291 2330 1533 2369 Constantinopoli,
1549 2330 1595 2359 illo
1606 2341 1703 2359 evoca-

962 2387 1004 2408 tus
1024 2379 1058 2407 ab
1079 2379 1242 2416 Imperatore
1260 2385 1328 2404 anno
1343 2376 1395 2404 581
1416 2376 1486 2403 circa
1505 2376 1586 2403 finem
1605 2377 1703 2404 mensis

963 2426 1040 2455 Maii.
1053 2424 1236 2461 Quamobrem
1248 2429 1307 2461 post
1318 2431 1435 2450 mensem
1449 2421 1553 2450 Maium
1566 2422 1629 2450 anni
1645 2422 1704 2452 586

962 2472 1052 2500 habita
1069 2470 1148 2499 fuerit
1162 2470 1219 2498 haec
1234 2468 1355 2503 homilia,
1369 2474 1429 2495 ante
1440 2477 1547 2506 capsam
1558 2467 1701 2506 Reliquia-

964 2525 1022 2546 tum
1044 2516 1163 2556 ejusdem
1177 2514 1271 2544 sancti.
1292 2514 1352 2542 Non
1368 2513 1395 2541 in
1410 2513 1595 2541 anniversaria
1614 2514 1706 2542 obitus

965 2564 1009 2593 die
1018 2577 1024 2592 ι
1033 2574 1117 2602 neque
1123 2562 1194 2591 enim
1204 2561 1317 2589 dixisset
1325 2560 1591 2598 Chrysostomusjam
1600 2567 1707 2598 praeter-

968 2611 1029 2640 iisse
1037 2620 1136 2639 annum
1147 2608 1283 2647 quintum,
1296 2606 1347 2642 ἤδη
1359 2606 1541 2645 παρέδραμενε
1553 2604 1597 2633 scd
1612 2605 1708 2634 fortas-

1550 2644 1569 2672 8
