1884 2922
230 167 245 175 ,-

231 238 473 269 rumimitationem
486 237 644 265 excitemur.
664 242 684 264 I.
700 239 764 264 603.
778 245 801 262 n.
815 235 903 263 Sancti
917 235 972 272 pri-

233 282 312 312 maevi
326 289 422 320 quanta
431 304 439 315 ,
456 290 509 309 non
525 278 677 316 eloquentia
690 299 697 311 ‚
711 277 756 305 scd
768 277 817 306 Dei
831 278 927 305 timore
937 288 976 305 ar-

234 324 500 365 mati‚praestiterint,
513 329 549 353 I.1
561 328 601 350 18.
613 321 903 359 E.Sanctorumlapsus
911 320 977 348 alios

233 370 261 398 in
282 370 354 408 ipsos
370 367 538 406 respicientes
562 365 697 404 segniores
720 364 820 394 reddit.
839 371 875 393 II.
904 368 931 392 6.
949 376 975 392 A.

235 413 330 441 Gloria
341 421 433 440 eorum
445 420 496 438 non
512 416 615 438 tantum
630 415 670 437 est
684 408 797 442 vicisse,
814 407 861 436 sed
879 407 976 446 prasci—

235 467 288 495 pue
301 466 348 494 per
360 457 448 482 Deum
461 453 567 482 vicisse.
587 460 619 481 V.
637 456 701 481 602.
724 463 752 482 n.
769 463 797 480 F..
815 451 976 479 Sanctorum

235 497 398 528 consuetudo
419 497 593 537 cupiditatem
620 495 703 524 sedat.
727 503 759 524 v.
790 499 836 524 53.
864 505 893 522 n.
911 495 978 522 Cum

236 545 293 570 Deo
303 541 389 570 acturi
405 548 466 569 sunt
481 541 589 579 gratias,
606 539 690 568 solent
705 539 804 567 multos
819 538 980 566 laudationis

241 586 324 614 socios
339 595 481 614 accersere.
498 592 528 613 v.
544 589 610 612 589.
628 595 653 614 A.
671 594 696 612 Β.
711 583 801 611 Sancti
816 581 892 610 nobis
910 582 979 620 psal-

238 629 353 658 lentibus
363 629 472 657 adsunt.
491 635 521 656 Υ.
536 632 600 656 631.
620 637 634 654 n
664 627 764 654 Omnes
777 625 861 653 sancti
873 625 980 663 angelos

243 683 305 701 suos
318 672 428 700 habent.
442 679 500 700 VII.
513 675 577 700 675.
588 681 614 698 n.
626 669 684 698 lllis
695 669 783 697 omnia
797 676 919 707 prosunt.
935 676 980 697 [Χ.

245 721 310 747 275.
324 727 353 746 n.
367 717 441 744 Deus
455 721 559 744 sanctos
570 714 653 742 multa
668 713 790 750 ignorare
803 713 932 751 permisit,
948 723 980 741 ne

238 760 377 794 homines,
392 760 437 798 qui
455 760 512 798 jam
529 769 563 787 ex
575 757 658 796 signis
675 756 740 785 deos
762 757 823 785 illos
844 757 979 785 existima-

236 805 302 833 bant
316 827 323 840 ,
338 804 425 833 multo
435 803 520 841 magis
536 809 644 841 propter
658 800 797 829 scientiam
809 811 857 839 pro
871 800 924 829 diis
938 800 982 828 lia-

238 848 340 877 berent.
359 855 403 876 XI.
422 851 486 875 523.
500 858 526 876 A.

278 893 437 921 Sanctorum
447 900 567 929 corpora,
582 888 674 926 quaein
688 894 774 916 morte
785 888 885 916 Christi
895 898 983 916 resur-

239 942 380 972 rexerunt,
410 936 517 972 signum
550 933 650 960 futuroe
680 931 891 961 resurrectionis.
923 938 980 960 VII.

239 984 303 1008 934.
322 990 349 1007 E.
367 979 527 1007 Sanctorum
543 976 649 1007 Veteris
666 975 828 1004 Testamenti
842 985 978 1004 aerumnae.

239 1031 258 1052 1.
281 1027 346 1051 918.
371 1033 396 1051 Β.
413 1033 438 1050 c.
455 1021 543 1050 Sancti
568 1020 638 1048 Novi
661 1019 826 1048 Testamenti
852 1020 982 1057 majorem

240 1065 391 1095 exhibuere
416 1065 564 1099 virtutem,
593 1073 673 1100 quam
697 1063 779 1091 sancti
795 1063 909 1091 Veteris.
935 1071 979 1092 I‘I.

241 1115 266 1138 3.
295 1121 322 1138 n.
337 1109 509 1137 Sanctorum
530 1107 653 1141 fidncia.
680 1113 713 1136 V.
732 1110 797 1134 862.
814 1118 839 1135 A.
859 1107 983 1135 Illorum

241 1153 373 1191 reliquice
388 1153 582 1179 honorantur.
602 1156 673 1177 VIII.
691 1153 754 1177 914.
768 1161 793 1177 A.

282 1197 378 1225 Sancta
403 1201 556 1223 sanctorum
580 1193 666 1231 ligura
699 1193 769 1221 Novi
805 1193 981 1221 Testamenti.

245 1247 317 1268 VIII.
331 1244 395 1268 987.
408 1249 437 1266 n.

282 1283 426 1310 SANnAmA
441 1280 560 1319 gestabat
577 1281 681 1309 Petrus.
699 1287 744 1308 III.
763 1284 826 1308 218.
843 1290 868 1307 c.

283 1328 409 1355 §Am-‚ms
426 1324 525 1354 Christi
550 1325 576 1352 in
594 1324 735 1353 sacrificio.
758 1330 779 1352 1.
797 1328 862 1352 467.
880 1334 906 1352 n.
919 1323 987 1351 San-

243 1370 352 1407 guinem
367 1380 445 1397 suum
459 1378 509 1407 pro
526 1368 653 1396 omnibus
668 1366 806 1395 effundere
816 1377 867 1395 non
884 1376 986 1396 recusa-

243 1413 283 1442 vit
297 1412 436 1445 Christus,
455 1418 480 1440 et
495 1421 587 1439 rursus
602 1411 680 1439 illum
695 1411 772 1439 nobis
794 1412 983 1439 communicat.

246 1464 277 1486 II.
294 1461 338 1485 40.
353 1467 378 1483 c.
397 1459 443 1484 41.
461 1454 577 1491 Sanguis
588 1454 688 1483 Christi
702 1454 728 1482 in
744 1464 832 1482 mensa
852 1454 965 1492 mystica
976 1476 984 1488 ‚

244 1510 292 1538 pro
316 1505 404 1528 nostra
438 1497 627 1537 purificatione
648 1497 682 1525 de
705 1497 787 1525 latere
816 1497 987 1525 immaculato

244 1543 355 1571 effusus.
374 1549 408 1571 11.
435 1545 500 1570 412.
528 1551 555 1570 n.
581 1541 630 1569 Ille
655 1548 693 1569 est
707 1551 787 1578 quem
802 1540 923 1568 vendidit
938 1542 986 1570 Ju-

245 1586 304 1614 das.
322 1592 354 1613 11.
375 1588 440 1613 465.
461 1595 485 1611 c.
502 1595 530 1612 ι).
549 1584 579 1612 In
594 1584 707 1612 salutem
729 1583 924 1611 effundentium
950 1591 988 1613 est

246 1629 358 1657 effusus.
388 1635 421 1656 II.
445 1632 508 1655 466.
527 1638 552 1655 A.
572 1627 792 1665 Chirographum
820 1634 988 1666 peccatorum

246 1671 356 1700 delevit.
378 1678 410 1699 II.
430 1676 495 1700 474.
516 1680 543 1698 A.
559 1670 726 1708 Sanguinem
742 1670 851 1698 Domini
867 1677 989 1708 potamus

248 1716 274 1743 in
284 1714 454 1744 Eucharistia
466 1735 474 1748 ‚
488 1724 599 1752 corpore
615 1724 679 1743 vero
693 1713 840 1743 vescimur.
857 1721 902 1742 III.
921 1719 986 1745 282.

250 1771 276 1789 A.
295 1766 328 1788 Υ.
341 1763 405 1787 417.
421 1768 447 1787 A.
467 1765 523 1786 VII.
542 1762 605 1786 890.
622 1768 649 1787 c.

287 1801 431 1840 Sanguinis
453 1801 561 1829 calicem
583 1801 633 1829 soli
656 1801 784 1830 sacerdoti
810 1802 906 1830 licebat
933 1808 989 1830 tra-

247 1845 319 1875 dere,
336 1852 393 1873 VII.
413 1849 477 1873 539.
493 1855 517 1872 B.

289 1888 404 1926 Sanguis
420 1887 522 1915 Christi
536 1888 643 1916 morbos
658 1888 741 1917 animi
752 1888 910 1926 exstinguit.
930 1895 987 1918 VII.

249 1937 294 1960 74.
312 1944 338 1961 A.
356 1933 463 1966 Quanta
486 1930 512 1958 in
529 1931 606 1959 nobis
626 1932 762 1960 mirabilia
786 1932 893 1960 efficiat.
919 1938 988 1960 VIII.

251 1975 314 1999 314.
329 1982 353 1998 A.
371 1970 438 2008 Ejus
452 1970 582 1998 encomia.
597 1972 642 1999 ΙΙ).
658 1971 782 2000 Christus
799 1971 928 2009 sanguine
943 1982 991 1999 suo

251 2015 341 2042 urbem
357 2013 479 2042 redemit.
498 2021 568 2042 VIII.
585 2018 648 2042 315.
662 2026 688 2042 A.
707 2022 932 2053 peccatorumque
947 2025 991 2043 re-

252 2058 404 2086 missionem
420 2063 544 2094 operatus
561 2064 609 2087 est.
628 2064 674 2086 XI.
693 2063 719 2087 8.
736 2069 760 2086 n.

291 2100 407 2139 Sanguis
422 2099 522 2128 Christi
534 2100 717 2130 sanctissimus
732 2102 759 2130 in
776 2108 860 2130 vestes
876 2103 992 2131 militum

251 2145 352 2173 effusus
368 2144 393 2171 in
417 2143 578 2182 expulsione
601 2144 798 2183 Chrysostomi.
822 2153 867 2174 111.
884 2150 947 2176 618.
969 2158 990 2176 i.

252 2193 317 2217 619.
338 2186 424 2216 Adde
448 2188 633 2224 COMMUMO,
653 2188 863 2224 Euenams'riA,
880 2191 993 2217 strss-

253 2241 337 2259 mem.

291 2274 407 2312 Sanguis
420 2280 571 2312 martyrum
584 2275 684 2313 angelis
697 2276 826 2314 gaudium
835 2276 905 2315 parit
915 2298 922 2312 ‚
939 2277 994 2304 dac-

258 2329 348 2347 mones
365 2325 476 2346 tremere
493 2318 564 2346 facit.
582 2326 614 2347 II.
632 2324 697 2347 852.

293 2362 407 2400 Sanguis
428 2372 492 2390 num
506 2362 540 2390 sit
563 2363 650 2392 anima
673 2363 797 2393 hominis.
816 2371 862 2394 Π.
881 2369 945 2392 306.
965 2376 988 2392 e.

253 2406 367 2444 Sanguis
387 2412 425 2434 est
439 2406 528 2434 anima
544 2406 626 2434 bruti.
645 2414 690 2435 IV.
714 2412 779 2438 306.
798 2418 822 2435 n.
845 2408 991 2446 Sanguinis

253 2449 409 2477 animalium
422 2460 479 2478 esus
491 2460 538 2477 cur
549 2450 712 2488 prohibitus.
728 2452 773 2479 ΙΙ).
787 2458 812 2479 et
829 2456 893 2479 307.
907 2462 931 2479 A.

293 2493 414 2521 SANITAs
440 2493 580 2531 purissima
596 2494 735 2532 voluptate
755 2494 857 2523 melior.
881 2502 912 2524 II.
943 2499 989 2523 39.

254 2547 279 2563 A.
295 2535 422 2564 Absolute
433 2546 479 2564 nec
495 2536 562 2564 hona
579 2547 625 2564 nec
638 2537 707 2565 mala
720 2544 767 2565 est.
783 2545 826 2566 Π.
846 2543 897 2566 174
925 2550 951 2566 n.
962 2549 988 2567 r.

230 166 300 211 ³78
864 173 964 195 Iuni-,x
995 172 1121 194 annum.

1027 233 1155 262 Sanitatis
1171 240 1254 261 mater
1268 231 1412 270 indigentia
1427 237 1474 259 est.
1498 230 1553 258 lloe
1573 230 1678 258 dictum
1692 236 1715 257 et
1730 228 1764 257 dc

1029 280 1116 308 anima
1125 287 1149 308 ct
1161 279 1193 308 de
1212 289 1322 317 corpore
1338 287 1430 306 verum
1445 284 1493 306 est.
1518 284 1562 305 IX.
1579 281 1642 305 157.
1661 275 1764 303 Animae

1030 324 1128 352 sanitas
1140 330 1177 352 est
1191 322 1319 351 fortitudo
1331 329 1355 350 et
1367 320 1519 360 prudentia.
1535 327 1579 350 XI.
1595 324 1658 347 213.
1677 329 1703 348 n.

1070 367 1231 396 SAPOENTIA
1249 366 1298 394 Dei
1326 367 1452 393 immensa
1478 370 1504 391 et
1528 362 1718 391 inscrutabilis.
1743 369 1763 390 I.

1032 415 1095 439 548.
1112 420 1137 438 Ε.
1153 422 1178 440 A.
1195 415 1257 439 549.
1277 408 1420 448 Sapientiae
1434 407 1484 436 Dei
1498 417 1592 434 arcana
1608 406 1709 434 curiose
1725 405 1766 433 in-

1033 454 1139 492 quirere
1149 460 1174 482 et
1186 453 1299 481 scrutari
1309 476 1315 488 ,
1324 452 1505 491 periculosum
1520 461 1551 478 ac
1562 449 1701 477 dementia*
1716 448 1768 487 plc-

1032 509 1096 527 num
1113 505 1161 526 est.
1180 505 1224 526 IIl.
1253 502 1317 526 556.
1336 507 1362 524 A.
1385 496 1573 523 Creaturarum
1595 491 1768 532 pulchritudo

1032 542 1083 571 Dei
1099 541 1254 580 sapientiam
1278 539 1415 579 praedicat.
1439 546 1497 567 VII.
1515 542 1577 566 313.
1594 547 1618 564 ε.
1633 536 1769 575 Sapientia

1033 586 1083 614 Dei
1091 593 1226 615 externam
1237 583 1435 624 philosophiam
1449 581 1609 621 prostravit,
1620 579 1765 618 quomodo.

1034 637 1068 658 X.
1085 635 1131 659 49.
1150 640 1176 658 Δ.
1194 641 1219 658 n.
1246 628 1411 667 Sapientiam
1433 626 1577 654 maximam
1595 624 1694 652 habent
1724 623 1769 661 qui

1033 684 1113 712 opera
1134 674 1184 702 Dei
1208 674 1312 702 curiose
1335 681 1387 699 non
1407 670 1609 709 pervestigant3
1627 667 1769 696 amentiam

1033 724 1121 745 autem
1146 717 1292 745 maximam
1317 715 1364 753 qui
1383 714 1463 742 nimis
1484 712 1587 741 curiose
1603 718 1765 740 scrutantur.

1034 769 1080 790 XI.
1098 766 1161 789 160.
1176 773 1202 790 A.

1075 805 1210 843 Sapientia
1232 804 1359 833 delinitur
1374 802 1528 830 divinarum
1552 806 1577 828 et
1593 799 1771 827 humanarum

1035 859 1124 877 rerum
1144 848 1272 887 cognitio.
1304 854 1336 875 V.
1363 851 1427 874 330.
1452 856 1466 873 n
1494 846 1565 873 Vera
1586 842 1714 882 sapientia
1735 849 1773 870 est

1036 892 1085 920 Dei
1107 892 1197 920 timor.
1225 900 1243 920 1.
1263 896 1324 920 118.
1348 901 1375 918 D.
1402 889 1566 928 Sapientiam
1592 886 1642 914 Dei
1657 885 1703 923 qui
1720 895 1772 913 non

1036 935 1133 971 habet,
1149 936 1252 974 sapiens
1274 946 1326 963 non
1343 941 1390 963 est.
1411 941 1455 963 VI.
1475 938 1539 962 240.
1562 942 1589 960 D.
1616 929 1717 959 Christi
1733 939 1771 956 sa-

1037 979 1164 1018 pientiam
1179 980 1305 1008 habentcs
1315 1001 1322 1014 ,
1340 978 1464 1007 omnibus
1479 975 1652 1015 sapientiores
1667 982 1769 1001 sumus.

1038 1033 1070 1054 X.
1099 1030 1144 1053 42.
1164 1036 1190 1055 c.
1205 1025 1340 1064 Sapientia
1361 1023 1508 1063 spiritualis
1534 1022 1555 1049 si
1577 1019 1772 1052 distribuatur,

1037 1071 1122 1109 magis
1136 1078 1259 1108 augetur.
1278 1078 1311 1099 X.
1328 1075 1392 1099 441.

1078 1113 1212 1152 Sapientia
1224 1114 1332 1152 profana
1349 1112 1381 1140 ad
1395 1112 1519 1151 pietatem
1534 1120 1584 1138 non
1596 1109 1697 1138 confert
1708 1129 1715 1142 ‚
1727 1106 1774 1135 sed

1038 1158 1117 1186 etiam
1137 1157 1306 1185 obstaculum
1331 1157 1369 1184 fit.
1386 1163 1432 1184 III.
1451 1160 1514 1183 164.
1542 1164 1569 1182 n.
1590 1153 1702 1182 Externi
1730 1162 1774 1179 sa-

1039 1204 1140 1242 pientes
1152 1213 1242 1232 veram
1254 1213 1304 1230 non
1317 1202 1414 1230 habent
1424 1200 1591 1239 sapientiam.
1612 1206 1642 1227 v.
1662 1202 1725 1226 253.
1744 1208 1771 1225 A.

1041 1258 1066 1275 B.
1085 1247 1220 1285 Sapientia
1247 1246 1329 1284 hujus
1343 1244 1438 1274 mundi
1453 1244 1552 1279 stulta,
1575 1241 1719 1280 quomodo.
1738 1248 1771 1269 X.

1040 1295 1085 1319 30.
1105 1301 1132 1318 C.
1149 1301 1178 1318 n.
1201 1301 1280 1328 quam
1297 1289 1397 1328 abjecta
1420 1289 1463 1316 sit.
1484 1295 1517 1316 x.
1532 1291 1578 1315 38.
1595 1297 1620 1315 Β.
1645 1284 1712 1323 quid
1732 1284 1775 1312 sit.

1040 1342 1072 1363 X.
1088 1338 1134 1362 65.
1151 1345 1177 1361 A.
1193 1333 1362 1372 reprobatur.
1381 1339 1414 1361 X.
1430 1335 1475 1359 95.
1493 1341 1519 1358 c.
1536 1328 1672 1368 Sapientia
1694 1329 1774 1356 Grae-

1040 1378 1130 1406 canica
1151 1377 1220 1405 sicut
1238 1386 1395 1404 aranearum
1418 1375 1468 1403 tela
1496 1385 1511 1402 a
1534 1374 1611 1401 Petro
1634 1371 1774 1400 dissoluta.

1041 1428 1084 1450 VI.
1102 1425 1162 1450 143.
1183 1432 1206 1449 C.

1081 1466 1227 1494 SAPPIIIRA.
1247 1464 1317 1492 Vide
1332 1466 1473 1492 ANANJAS.

1081 1510 1154 1538 Sum
1176 1508 1213 1536 sic
1235 1508 1322 1546 primo
1337 1506 1499 1540 vocabatur,
1521 1503 1566 1533 sed
1579 1509 1668 1542 postea
1682 1503 1773 1531 Sarra.

1042 1560 1061 1582 I.
1080 1557 1143 1580 129.
1163 1563 1188 1579 n.
1211 1555 1273 1580 133.
1297 1562 1323 1579 c.
1350 1555 1413 1579 135.
1437 1562 1462 1578 B.
1488 1556 1533 1578 Iv.
1563 1552 1628 1576 468.
1654 1557 1682 1575 n.
1703 1546 1776 1573 Vide

1043 1604 1140 1624 notam
1168 1606 1192 1623 a.
1227 1597 1269 1625 lb.
1293 1602 1338 1624 lv.
1362 1599 1424 1622 801.
1442 1605 1466 1622 Ε.
1483 1591 1611 1631 AEgyptia
1635 1597 1700 1619 erat.
1727 1596 1771 1618 lv.

1042 1645 1106 1669 444.
1123 1651 1151 1668 n.

1083 1684 1154 1712 Sarae
1170 1689 1268 1721 quanta
1282 1682 1365 1710 animi
1379 1680 1516 1709 fortitudo.
1533 1687 1576 1708 IV.
1589 1683 1657 1708 373.
1672 1688 1699 1705 A.
1713 1676 1778 1715 Ejus

1042 1728 1182 1756 modestia.
1200 1733 1243 1755 Iv.
1263 1730 1327 1754 484.
1341 1736 1366 1754 A.
1386 1723 1583 1762 philosophicis
1598 1721 1708 1761 praedita
1723 1727 1779 1748 crat

1043 1771 1172 1800 moribus.
1185 1777 1229 1801 IV.
1245 1775 1308 1799 444.
1323 1780 1349 1798 E.
1362 1769 1458 1797 mirum
1470 1769 1496 1796 in
1509 1767 1619 1796 modum
1631 1765 1776 1794 continens.

1044 1818 1089 1844 ΙΙ).
1116 1816 1188 1843 Sarae
1209 1814 1345 1842 sterilitas,
1371 1820 1416 1842 Iv.
1442 1818 1504 1841 468.
1527 1823 1552 1839 A.
1576 1815 1639 1839 487.
1663 1821 1689 1838 A.
1712 1809 1780 1847 Ejus

1044 1870 1118 1888 amor
1135 1869 1196 1897 erga
1213 1858 1361 1886 Abraham.
1379 1863 1424 1886 IV.
1449 1861 1512 1885 530.
1534 1867 1563 1884 n.
1577 1856 1643 1884 Sara
1656 1860 1730 1892 rapta
1745 1852 1781 1880 ab

1049 1902 1214 1936 Abimcleeh,
1239 1903 1310 1939 Rege
1327 1901 1501 1929 Gerarorum.
1525 1906 1569 1928 IV.
1598 1903 1662 1926 531.
1680 1908 1709 1926 ε.
1734 1896 1781 1933 qui

1047 1948 1141 1975 timore
1165 1952 1302 1984 correptus
1325 1954 1383 1972 eam
1403 1943 1531 1982 attingere
1554 1952 1605 1970 non
1627 1940 1718 1971 audet.
1734 1942 1779 1969 lb.

1046 2003 1070 2019 B.
1087 2002 1110 2020 c.
1126 1991 1189 2019 Sara
1207 2000 1274 2018 uxor
1287 1989 1354 2016 bona
1369 1995 1393 2016 ct
1408 1988 1535 2015 modesta.
1555 1993 1600 2014 VI.
1620 1989 1679 2014 144.
1706 1995 1733 2012 A.
1754 1994 1778 2011 n.

1045 2036 1109 2063 Sara
1129 2033 1319 2072 hospitalitatis
1337 2031 1452 2060 Abrahae
1468 2040 1586 2059 consors.
1615 2036 1647 2057 V.
1671 2032 1735 2056 615.
1754 2037 1780 2055 Ε.

1047 2089 1074 2107 A.
1093 2078 1249 2116 Hospitibus
1273 2076 1444 2105 ministravit.
1462 2082 1508 2103 IX.
1526 2078 1588 2102 819.
1615 2083 1641 2101 Ε.
1663 2073 1727 2101 Sara
1743 2071 1781 2099 ri-

1047 2122 1111 2151 dens
1128 2128 1244 2160 correpta
1260 2120 1320 2148 suit.
1340 2127 1396 2148 VII.
1416 2123 1479 2147 112.
1495 2130 1517 2146 Α.

1086 2166 1231 2194 ὃΑιιΑοιῑΝι
1249 2163 1317 2191 nihil
1333 2172 1472 2192 commune
1490 2161 1588 2190 habent
1603 2171 1663 2188 cum
1679 2158 1783 2188 Israeli-

1048 2210 1100 2238 tico
1115 2219 1219 2248 genere.
1237 2215 1292 2236 VII.
1309 2212 1355 2237 40.
1373 2218 1400 2236 Δ.

1087 2260 1311 2288 SARDANAP.ILL⁷S
1326 2256 1404 2285 tacito
1420 2254 1525 2284 nominc
1540 2258 1712 2282 memoratur.
1738 2257 1784 2280 XI.

1048 2308 1112 2332 435.
1129 2314 1152 2331 n.

1087 2354 1264 2381 SAnnlceusis
1279 2349 1398 2389 synodus
1410 2348 1544 2376 landatur.
1561 2353 1606 2374 III.
1620 2350 1684 2373 625.
1701 2355 1726 2373 n.

1087 2404 1295 2431 Smnpnrnm..
1320 2399 1416 2427 mulier
1441 2397 1592 2426 Abrahamo
1617 2395 1776 2434 hospitalior

1048 2454 1081 2475 II.
1096 2451 1159 2475 879.
1175 2456 1199 2473 e.
1220 2444 1286 2483 Ejus
1297 2454 1357 2481 erga
1378 2443 1466 2471 Ellam
1479 2440 1656 2479 hospitalitas.
1672 2447 1703 2468 X.
1718 2443 1783 2467 680.

1045 2502 1069 2519 n.
1087 2494 1151 2518 681.

1086 2538 1224 2566 SwaIATAE
1242 2536 1293 2564 sera
1311 2545 1382 2572 gens.
1403 2541 1434 2561 v.
1451 2538 1493 2561 30.
1508 2544 1531 2560 ι».

1881 957 1884 962 .
1877 907 1884 947 η.-.
1872 515 1884 894 ῌΜ-...--.,(Ρ-,
1869 496 1874 505 .
