<?xml version="1.0" encoding="UTF-8"?>
<!DOCTYPE html PUBLIC "-//W3C//DTD XHTML 1.0 Transitional//EN"
    "http://www.w3.org/TR/xhtml1/DTD/xhtml1-transitional.dtd">
<html xmlns="http://www.w3.org/1999/xhtml" xml:lang="en" lang="en">
 <head>
  <title>
</title>
<meta http-equiv="Content-Type" content="text/html;charset=utf-8" />
  <meta name='ocr-system' content='tesseract 3.04.00' />
  <meta name='ocr-capabilities' content='ocr_page ocr_carea ocr_par ocr_line ocrx_word'/>
</head>
<body>
  <div class='ocr_page' id='page_1' title='image "./operaomniaquaeex13johnuoft_0400.png"; bbox 0 0 1884 2922; ppageno 0'>
   <div class='ocr_carea' id='block_1_1' title="bbox 251 199 319 233">
    <p class='ocr_par' dir='ltr' id='par_1_1' title="bbox 251 199 319 233">
     <span class='ocr_line' id='line_1_1' title="bbox 251 199 319 233; baseline 0 0"><span class='ocrx_word' id='word_1_1' title='bbox 251 199 319 233; x_wconf 76' lang='lat'>568</span> 
     </span>
    </p>
   </div>
   <div class='ocr_carea' id='block_1_2' title="bbox 248 268 1001 1407">
    <p class='ocr_par' dir='ltr' id='par_1_2' title="bbox 251 268 989 356">
     <span class='ocr_line' id='line_1_2' title="bbox 290 268 989 312; baseline -0.009 -10"><span class='ocrx_word' id='word_1_2' title='bbox 290 274 350 312; x_wconf 73' lang='grc' dir='ltr'>Οὐχ</span> <span class='ocrx_word' id='word_1_3' title='bbox 363 273 431 302; x_wconf 74' lang='grc' dir='ltr'>οὕτω</span> <span class='ocrx_word' id='word_1_4' title='bbox 452 275 502 301; x_wconf 81' lang='grc' dir='ltr'>τῶν</span> <span class='ocrx_word' id='word_1_5' title='bbox 522 273 636 311; x_wconf 75' lang='grc' dir='ltr'>οὐρανῶν</span> <span class='ocrx_word' id='word_1_6' title='bbox 653 273 676 299; x_wconf 82' lang='grc' dir='ltr'>οῖ</span> <span class='ocrx_word' id='word_1_7' title='bbox 697 272 848 309; x_wconf 81' lang='grc' dir='ltr'>φωστῆρες,</span> <span class='ocrx_word' id='word_1_8' title='bbox 863 268 897 297; x_wconf 81' lang='lat' dir='ltr'>de</span> <span class='ocrx_word' id='word_1_9' title='bbox 919 269 989 306; x_wconf 80' lang='lat' dir='ltr'>Lege</span> 
     </span>
     <span class='ocr_line' id='line_1_3' title="bbox 251 318 763 356; baseline -0.01 -9"><span class='ocrx_word' id='word_1_10' title='bbox 251 319 463 347; x_wconf 74' lang='lat' dir='ltr'>circumcisionis</span> <span class='ocrx_word' id='word_1_11' title='bbox 472 341 480 353; x_wconf 87' lang='lat'><em>,</em></span> <span class='ocrx_word' id='word_1_12' title='bbox 498 319 596 356; x_wconf 74' lang='lat' dir='ltr'>spuria</span> <span class='ocrx_word' id='word_1_13' title='bbox 608 323 634 344; x_wconf 76' lang='lat' dir='ltr'>et</span> <span class='ocrx_word' id='word_1_14' title='bbox 647 318 763 344; x_wconf 78' lang='lat' dir='ltr'>omissa.</span> 
     </span>
    </p>

    <p class='ocr_par' dir='ltr' id='par_1_3' title="bbox 253 361 989 438">
     <span class='ocr_line' id='line_1_4' title="bbox 289 361 989 403; baseline -0.007 -10"><span class='ocrx_word' id='word_1_15' title='bbox 289 367 330 393; x_wconf 68' lang='lat' dir='ltr'>Oc&gt;</span> <span class='ocrx_word' id='word_1_16' title='bbox 343 365 395 403; x_wconf 72' lang='grc' dir='ltr'>χρὴ</span> <span class='ocrx_word' id='word_1_17' title='bbox 410 364 460 402; x_wconf 80' lang='grc' dir='ltr'>γὰρ</span> <span class='ocrx_word' id='word_1_18' title='bbox 483 363 591 402; x_wconf 81' lang='grc' dir='ltr'>μερικήν</span> <span class='ocrx_word' id='word_1_19' title='bbox 603 384 610 397; x_wconf 90' lang='grc'>,</span> <span class='ocrx_word' id='word_1_20' title='bbox 628 362 654 390; x_wconf 90' lang='lat' dir='ltr'>in</span> <span class='ocrx_word' id='word_1_21' title='bbox 675 361 775 389; x_wconf 82' lang='lat' dir='ltr'>Psalm.</span> <span class='ocrx_word' id='word_1_22' title='bbox 790 362 824 395; x_wconf 87' lang='lat'>9,</span> <span class='ocrx_word' id='word_1_23' title='bbox 848 363 948 399; x_wconf 79' lang='lat' dir='ltr'>spuria.</span> <span class='ocrx_word' id='word_1_24' title='bbox 962 367 989 389; x_wconf 82' lang='lat' dir='ltr'>et</span> 
     </span>
     <span class='ocr_line' id='line_1_5' title="bbox 253 412 369 438; baseline -0.009 0"><span class='ocrx_word' id='word_1_25' title='bbox 253 412 369 438; x_wconf 76' lang='lat' dir='ltr'>omissa.</span> 
     </span>
    </p>

    <p class='ocr_par' dir='ltr' id='par_1_4' title="bbox 255 452 990 539">
     <span class='ocr_line' id='line_1_6' title="bbox 293 452 990 492; baseline -0.003 -10"><span class='ocrx_word' id='word_1_26' title='bbox 293 456 352 492; x_wconf 70' lang='grc' dir='ltr'>Οὐχ</span> <span class='ocrx_word' id='word_1_27' title='bbox 362 456 396 486; x_wconf 76' lang='grc' dir='ltr'>ὡς</span> <span class='ocrx_word' id='word_1_28' title='bbox 405 453 592 490; x_wconf 78' lang='grc' dir='ltr'>ἀπιστούμενος</span> <span class='ocrx_word' id='word_1_29' title='bbox 607 452 728 492; x_wconf 83' lang='grc' dir='ltr'>μάρτυρα</span> <span class='ocrx_word' id='word_1_30' title='bbox 739 453 813 480; x_wconf 84' lang='grc' dir='ltr'>καλεῖ</span> <span class='ocrx_word' id='word_1_31' title='bbox 824 453 867 481; x_wconf 78' lang='grc' dir='ltr'>τὸν</span> <span class='ocrx_word' id='word_1_32' title='bbox 877 452 956 488; x_wconf 79' lang='grc' dir='ltr'>Θεόν,</span> <span class='ocrx_word' id='word_1_33' title='bbox 965 453 990 480; x_wconf 90' lang='lat' dir='ltr'>in</span> 
     </span>
     <span class='ocr_line' id='line_1_7' title="bbox 255 498 848 539; baseline 0 -11"><span class='ocrx_word' id='word_1_34' title='bbox 255 500 306 539; x_wconf 83' lang='lat' dir='ltr'>Ep.</span> <span class='ocrx_word' id='word_1_35' title='bbox 325 500 358 527; x_wconf 72' lang='lat' dir='ltr'>ad</span> <span class='ocrx_word' id='word_1_36' title='bbox 374 499 494 537; x_wconf 77' lang='lat' dir='ltr'><strong>Philipp.</strong></span> <span class='ocrx_word' id='word_1_37' title='bbox 513 498 590 526; x_wconf 82' lang='lat' dir='ltr'>Hom.</span> <span class='ocrx_word' id='word_1_38' title='bbox 605 501 632 527; x_wconf 90' lang='lat'>2.</span> <span class='ocrx_word' id='word_1_39' title='bbox 649 505 668 526; x_wconf 84' lang='lat' dir='ltr'>t.</span> <span class='ocrx_word' id='word_1_40' title='bbox 686 501 730 526; x_wconf 90' lang='lat'>11.</span> <span class='ocrx_word' id='word_1_41' title='bbox 742 509 768 536; x_wconf 91' lang='lat' dir='ltr'>p.</span> <span class='ocrx_word' id='word_1_42' title='bbox 781 500 848 528; x_wconf 86' lang='grc'><strong>202.</strong></span> 
     </span>
    </p>

    <p class='ocr_par' dir='ltr' id='par_1_5' title="bbox 248 544 992 628">
     <span class='ocr_line' id='line_1_8' title="bbox 291 544 992 584; baseline -0.003 -10"><span class='ocrx_word' id='word_1_43' title='bbox 291 547 351 584; x_wconf 77' lang='grc' dir='ltr'>Οὐχ</span> <span class='ocrx_word' id='word_1_44' title='bbox 364 548 398 578; x_wconf 79' lang='grc' dir='ltr'>ὡς</span> <span class='ocrx_word' id='word_1_45' title='bbox 411 546 501 583; x_wconf 71' lang='grc' dir='ltr'>ἔτυχεν</span> <span class='ocrx_word' id='word_1_46' title='bbox 513 544 619 582; x_wconf 78' lang='grc' dir='ltr'>ἤλγησα</span> <span class='ocrx_word' id='word_1_47' title='bbox 637 544 749 576; x_wconf 78' lang='grc' dir='ltr'>ἀκούσας</span> <span class='ocrx_word' id='word_1_48' title='bbox 763 544 803 572; x_wconf 77' lang='grc' dir='ltr'>ὅτι</span> <span class='ocrx_word' id='word_1_49' title='bbox 820 545 865 572; x_wconf 83' lang='grc' dir='ltr'>καὶ</span> <span class='ocrx_word' id='word_1_50' title='bbox 881 544 912 573; x_wconf 82' lang='grc' dir='ltr'>σύ</span> <span class='ocrx_word' id='word_1_51' title='bbox 925 567 931 580; x_wconf 87' lang='grc'>,</span> <span class='ocrx_word' id='word_1_52' title='bbox 943 545 992 574; x_wconf 82' lang='lat' dir='ltr'>Sa-</span> 
     </span>
     <span class='ocr_line' id='line_1_9' title="bbox 248 589 783 628; baseline 0 -11"><span class='ocrx_word' id='word_1_53' title='bbox 248 589 329 617; x_wconf 85' lang='lat' dir='ltr'>lustio</span> <span class='ocrx_word' id='word_1_54' title='bbox 342 589 441 628; x_wconf 81' lang='lat' dir='ltr'>p1·esb.‚</span> <span class='ocrx_word' id='word_1_55' title='bbox 458 599 500 628; x_wconf 83' lang='lat' dir='ltr'>ep.</span> <span class='ocrx_word' id='word_1_56' title='bbox 515 591 584 618; x_wconf 91' lang='lat'>203.</span> <span class='ocrx_word' id='word_1_57' title='bbox 598 595 616 617; x_wconf 84' lang='lat' dir='ltr'>t.</span> <span class='ocrx_word' id='word_1_58' title='bbox 631 591 658 618; x_wconf 88' lang='lat'>3.</span> <span class='ocrx_word' id='word_1_59' title='bbox 672 599 698 627; x_wconf 91' lang='lat' dir='ltr'>p.</span> <span class='ocrx_word' id='word_1_60' title='bbox 715 590 783 617; x_wconf 88' lang='lat'>712.</span> 
     </span>
    </p>

    <p class='ocr_par' dir='ltr' id='par_1_6' title="bbox 255 634 991 720">
     <span class='ocr_line' id='line_1_10' title="bbox 290 634 991 674; baseline -0.001 -10"><span class='ocrx_word' id='word_1_61' title='bbox 290 637 350 674; x_wconf 74' lang='grc' dir='ltr'>Οὐχ</span> <span class='ocrx_word' id='word_1_62' title='bbox 360 637 394 668; x_wconf 78' lang='grc' dir='ltr'>ὡς</span> <span class='ocrx_word' id='word_1_63' title='bbox 411 636 501 674; x_wconf 75' lang='grc' dir='ltr'>ἔτυχεν</span> <span class='ocrx_word' id='word_1_64' title='bbox 516 635 669 673; x_wconf 79' lang='grc' dir='ltr'>ἠλγήσαμεν</span> <span class='ocrx_word' id='word_1_65' title='bbox 685 635 819 673; x_wconf 75' lang='grc' dir='ltr'>μαθόντες,</span> <span class='ocrx_word' id='word_1_66' title='bbox 832 634 991 672; x_wconf 80' lang='lat' dir='ltr'>Chalcidiae,</span> 
     </span>
     <span class='ocr_line' id='line_1_11' title="bbox 255 681 557 720; baseline 0.003 -11"><span class='ocrx_word' id='word_1_67' title='bbox 255 692 299 720; x_wconf 79' lang='lat' dir='ltr'>ep.</span> <span class='ocrx_word' id='word_1_68' title='bbox 313 682 360 710; x_wconf 86' lang='lat'>98.</span> <span class='ocrx_word' id='word_1_69' title='bbox 373 688 391 710; x_wconf 94' lang='lat' dir='ltr'>t.</span> <span class='ocrx_word' id='word_1_70' title='bbox 402 684 429 711; x_wconf 90' lang='lat'>3.</span> <span class='ocrx_word' id='word_1_71' title='bbox 444 693 472 720; x_wconf 87' lang='lat' dir='ltr'>p.</span> <span class='ocrx_word' id='word_1_72' title='bbox 490 681 557 710; x_wconf 79' lang='lat'>646.</span> 
     </span>
    </p>

    <p class='ocr_par' dir='ltr' id='par_1_7' title="bbox 251 726 992 811">
     <span class='ocr_line' id='line_1_12' title="bbox 292 726 992 766; baseline -0.003 -10"><span class='ocrx_word' id='word_1_73' title='bbox 292 728 352 766; x_wconf 70' lang='grc' dir='ltr'>Οὐχ</span> <span class='ocrx_word' id='word_1_74' title='bbox 375 730 409 759; x_wconf 78' lang='grc' dir='ltr'>ὡς</span> <span class='ocrx_word' id='word_1_75' title='bbox 428 726 503 765; x_wconf 66' lang='grc' dir='ltr'>ἔτυχε</span> <span class='ocrx_word' id='word_1_76' title='bbox 527 727 573 761; x_wconf 86' lang='grc' dir='ltr'>τὴν</span> <span class='ocrx_word' id='word_1_77' title='bbox 596 727 671 756; x_wconf 81' lang='grc' dir='ltr'>πόλιν</span> <span class='ocrx_word' id='word_1_78' title='bbox 692 729 755 764; x_wconf 73' lang='grc' dir='ltr'>ἡμῖν</span> <span class='ocrx_word' id='word_1_79' title='bbox 776 728 789 754; x_wconf 83' lang='grc' dir='ltr'><strong><em>ὃ</em></strong></span> <span class='ocrx_word' id='word_1_80' title='bbox 807 726 941 762; x_wconf 70' lang='grc' dir='ltr'>διάὸολος,</span> <span class='ocrx_word' id='word_1_81' title='bbox 966 726 992 754; x_wconf 88' lang='lat' dir='ltr'>in</span> 
     </span>
     <span class='ocr_line' id='line_1_13' title="bbox 251 772 702 811; baseline -0.002 -10"><span class='ocrx_word' id='word_1_82' title='bbox 251 772 358 801; x_wconf 83' lang='lat' dir='ltr'>Statuas</span> <span class='ocrx_word' id='word_1_83' title='bbox 372 773 451 801; x_wconf 87' lang='lat' dir='ltr'>Hom.</span> <span class='ocrx_word' id='word_1_84' title='bbox 462 772 506 801; x_wconf 79' lang='lat'>14.</span> <span class='ocrx_word' id='word_1_85' title='bbox 525 779 543 800; x_wconf 86' lang='lat' dir='ltr'>t.</span> <span class='ocrx_word' id='word_1_86' title='bbox 556 774 584 801; x_wconf 87' lang='lat'>2.</span> <span class='ocrx_word' id='word_1_87' title='bbox 598 783 624 811; x_wconf 83' lang='lat' dir='ltr'>p.</span> <span class='ocrx_word' id='word_1_88' title='bbox 640 773 702 802; x_wconf 80' lang='lat'>140.</span> 
     </span>
    </p>

    <p class='ocr_par' dir='ltr' id='par_1_8' title="bbox 250 818 994 905">
     <span class='ocr_line' id='line_1_14' title="bbox 291 818 994 858; baseline -0.004 -10"><span class='ocrx_word' id='word_1_89' title='bbox 291 818 325 848; x_wconf 82' lang='lat' dir='ltr'>‘O</span> <span class='ocrx_word' id='word_1_90' title='bbox 342 819 426 858; x_wconf 82' lang='grc' dir='ltr'>φέρων</span> <span class='ocrx_word' id='word_1_91' title='bbox 445 819 478 846; x_wconf 88' lang='grc' dir='ltr'>τὰ</span> <span class='ocrx_word' id='word_1_92' title='bbox 492 818 579 847; x_wconf 82' lang='grc' dir='ltr'>πάντα</span> <span class='ocrx_word' id='word_1_93' title='bbox 592 840 599 853; x_wconf 90' lang='grc'>,</span> <span class='ocrx_word' id='word_1_94' title='bbox 615 818 642 846; x_wconf 91' lang='lat' dir='ltr'>in</span> <span class='ocrx_word' id='word_1_95' title='bbox 664 818 761 847; x_wconf 76' lang='lat' dir='ltr'>Psalm.</span> <span class='ocrx_word' id='word_1_96' title='bbox 783 819 817 854; x_wconf 86' lang='lat'>5,</span> <span class='ocrx_word' id='word_1_97' title='bbox 837 820 937 856; x_wconf 80' lang='lat' dir='ltr'>spuria</span> <span class='ocrx_word' id='word_1_98' title='bbox 959 829 994 846; x_wconf 85' lang='lat' dir='ltr'>ac</span> 
     </span>
     <span class='ocr_line' id='line_1_15' title="bbox 250 868 454 905; baseline -0.005 -12"><span class='ocrx_word' id='word_1_99' title='bbox 250 868 454 905; x_wconf 78' lang='lat' dir='ltr'>proetermissa.</span> 
     </span>
    </p>

    <p class='ocr_par' dir='ltr' id='par_1_9' title="bbox 258 910 995 994">
     <span class='ocr_line' id='line_1_16' title="bbox 293 910 995 949; baseline -0.003 -9"><span class='ocrx_word' id='word_1_100' title='bbox 293 910 445 948; x_wconf 61' lang='grc' dir='ltr'>Ὀφθαλμὸς</span> <span class='ocrx_word' id='word_1_101' title='bbox 459 910 506 948; x_wconf 80' lang='grc' dir='ltr'>μὲν</span> <span class='ocrx_word' id='word_1_102' title='bbox 516 911 593 948; x_wconf 80' lang='grc' dir='ltr'>ὁρῶν,</span> <span class='ocrx_word' id='word_1_103' title='bbox 604 910 620 944; x_wconf 85' lang='grc' dir='ltr'>ἢ</span> <span class='ocrx_word' id='word_1_104' title='bbox 632 910 734 949; x_wconf 78' lang='grc' dir='ltr'>δένδρον</span> <span class='ocrx_word' id='word_1_105' title='bbox 749 910 899 948; x_wconf 68' lang='grc' dir='ltr'>ἀνθοφόρον,</span> <span class='ocrx_word' id='word_1_106' title='bbox 910 910 936 937; x_wconf 88' lang='lat' dir='ltr'>in</span> <span class='ocrx_word' id='word_1_107' title='bbox 949 920 995 948; x_wconf 84' lang='lat' dir='ltr'>pa-</span> 
     </span>
     <span class='ocr_line' id='line_1_17' title="bbox 258 956 872 994; baseline 0 -9"><span class='ocrx_word' id='word_1_108' title='bbox 258 957 378 985; x_wconf 84' lang='lat' dir='ltr'>rabolam</span> <span class='ocrx_word' id='word_1_109' title='bbox 389 957 423 984; x_wconf 86' lang='lat' dir='ltr'>de</span> <span class='ocrx_word' id='word_1_110' title='bbox 435 957 510 991; x_wconf 69' lang='lat' dir='ltr'>Fieri,</span> <span class='ocrx_word' id='word_1_111' title='bbox 521 963 542 985; x_wconf 84' lang='lat' dir='ltr'>t.</span> <span class='ocrx_word' id='word_1_112' title='bbox 557 959 573 985; x_wconf 79' lang='lat'>8</span> <span class='ocrx_word' id='word_1_113' title='bbox 589 958 620 983; x_wconf 82' lang='lat' dir='ltr'>in</span> <span class='ocrx_word' id='word_1_114' title='bbox 630 956 752 994; x_wconf 77' lang='lat' dir='ltr'>sztrii5‚</span> <span class='ocrx_word' id='word_1_115' title='bbox 766 967 792 994; x_wconf 91' lang='lat' dir='ltr'>p.</span> <span class='ocrx_word' id='word_1_116' title='bbox 808 957 872 985; x_wconf 86' lang='lat'>106.</span> 
     </span>
    </p>

    <p class='ocr_par' dir='ltr' id='par_1_10' title="bbox 254 1001 995 1085">
     <span class='ocr_line' id='line_1_18' title="bbox 292 1001 995 1040; baseline -0.003 -10"><span class='ocrx_word' id='word_1_117' title='bbox 292 1002 326 1031; x_wconf 74' lang='lat' dir='ltr'>‘O</span> <span class='ocrx_word' id='word_1_118' title='bbox 339 1002 519 1040; x_wconf 75' lang='grc' dir='ltr'>φιλάνθρωπος</span> <span class='ocrx_word' id='word_1_119' title='bbox 530 1001 674 1036; x_wconf 80' lang='grc' dir='ltr'>Δεσπότης,</span> <span class='ocrx_word' id='word_1_120' title='bbox 684 1004 696 1030; x_wconf 86' lang='grc' dir='ltr'>ὁ</span> <span class='ocrx_word' id='word_1_121' title='bbox 708 1001 847 1040; x_wconf 84' lang='grc' dir='ltr'>μονογενὴς</span> <span class='ocrx_word' id='word_1_122' title='bbox 857 1004 901 1029; x_wconf 73' lang='grc' dir='ltr'>τοῦ</span> <span class='ocrx_word' id='word_1_123' title='bbox 916 1002 995 1036; x_wconf 72' lang='grc' dir='ltr'>Θεοῦ,</span> 
     </span>
     <span class='ocr_line' id='line_1_19' title="bbox 254 1047 995 1085; baseline -0.004 -9"><span class='ocrx_word' id='word_1_124' title='bbox 254 1048 281 1076; x_wconf 89' lang='lat' dir='ltr'>in</span> <span class='ocrx_word' id='word_1_125' title='bbox 297 1047 375 1081; x_wconf 80' lang='lat' dir='ltr'>illud,</span> <span class='ocrx_word' id='word_1_126' title='bbox 390 1048 488 1075; x_wconf 71' lang='lat' dir='ltr'>Nolite</span> <span class='ocrx_word' id='word_1_127' title='bbox 500 1049 717 1080; x_wconf 73' lang='lat' dir='ltr'>tlzesa111·izare;</span> <span class='ocrx_word' id='word_1_128' title='bbox 730 1049 829 1085; x_wconf 69' lang='lat' dir='ltr'>spttria</span> <span class='ocrx_word' id='word_1_129' title='bbox 843 1053 870 1074; x_wconf 85' lang='lat' dir='ltr'>et</span> <span class='ocrx_word' id='word_1_130' title='bbox 881 1048 995 1075; x_wconf 79' lang='lat' dir='ltr'>omissa.</span> 
     </span>
    </p>

    <p class='ocr_par' dir='ltr' id='par_1_11' title="bbox 255 1092 1000 1269">
     <span class='ocr_line' id='line_1_20' title="bbox 294 1092 1000 1137; baseline -0.004 -15"><span class='ocrx_word' id='word_1_131' title='bbox 294 1094 328 1123; x_wconf 85' lang='lat' dir='ltr'>‘O</span> <span class='ocrx_word' id='word_1_132' title='bbox 345 1093 526 1132; x_wconf 78' lang='grc' dir='ltr'>φιλάνθρωπος</span> <span class='ocrx_word' id='word_1_133' title='bbox 537 1093 603 1124; x_wconf 78' lang='grc' dir='ltr'>Θεὸς</span> <span class='ocrx_word' id='word_1_134' title='bbox 618 1093 752 1131; x_wconf 84' lang='grc' dir='ltr'>οἰκτείρων</span> <span class='ocrx_word' id='word_1_135' title='bbox 765 1093 793 1120; x_wconf 83' lang='grc' dir='ltr'>τὸ</span> <span class='ocrx_word' id='word_1_136' title='bbox 805 1092 886 1137; x_wconf 70' lang='grc' dir='ltr'>γένος,</span> <span class='ocrx_word' id='word_1_137' title='bbox 898 1092 925 1120; x_wconf 88' lang='lat' dir='ltr'>in</span> <span class='ocrx_word' id='word_1_138' title='bbox 939 1102 1000 1119; x_wconf 85' lang='lat' dir='ltr'>eum</span> 
     </span>
     <span class='ocr_line' id='line_1_21' title="bbox 255 1138 999 1179; baseline -0.003 -11"><span class='ocrx_word' id='word_1_139' title='bbox 255 1139 455 1179; x_wconf 80' lang='lat' dir='ltr'>quicujuslibet</span> <span class='ocrx_word' id='word_1_140' title='bbox 468 1139 559 1177; x_wconf 62' lang='lat' dir='ltr'>gratiae</span> <span class='ocrx_word' id='word_1_141' title='bbox 572 1138 672 1166; x_wconf 81' lang='lat' dir='ltr'>donum</span> <span class='ocrx_word' id='word_1_142' title='bbox 688 1138 778 1172; x_wconf 83' lang='lat' dir='ltr'>habet,</span> <span class='ocrx_word' id='word_1_143' title='bbox 792 1139 902 1176; x_wconf 79' lang='lat' dir='ltr'>spuria,</span> <span class='ocrx_word' id='word_1_144' title='bbox 916 1144 936 1165; x_wconf 81' lang='lat' dir='ltr'>t.</span> <span class='ocrx_word' id='word_1_145' title='bbox 954 1141 999 1166; x_wconf 96' lang='grc'>10.</span> 
     </span>
     <span class='ocr_line' id='line_1_22' title="bbox 257 1182 1000 1226; baseline -0.005 -12"><span class='ocrx_word' id='word_1_146' title='bbox 257 1198 286 1226; x_wconf 88' lang='lat' dir='ltr'>p.</span> <span class='ocrx_word' id='word_1_147' title='bbox 304 1187 370 1216; x_wconf 67' lang='lat'>840.</span> <span class='ocrx_word' id='word_1_148' title='bbox 385 1186 398 1199; x_wconf 82' lang='lat'><em>*</em></span> <span class='ocrx_word' id='word_1_149' title='bbox 413 1185 461 1213; x_wconf 83' lang='lat' dir='ltr'>Est</span> <span class='ocrx_word' id='word_1_150' title='bbox 481 1184 593 1212; x_wconf 87' lang='lat' dir='ltr'>Eusebii</span> <span class='ocrx_word' id='word_1_151' title='bbox 617 1183 801 1212; x_wconf 75' lang='lat' dir='ltr'>Alexandrini.</span> <span class='ocrx_word' id='word_1_152' title='bbox 820 1185 856 1213; x_wconf 92' lang='lat' dir='ltr'>V.</span> <span class='ocrx_word' id='word_1_153' title='bbox 876 1183 947 1211; x_wconf 81' lang='lat' dir='ltr'>dicta</span> <span class='ocrx_word' id='word_1_154' title='bbox 966 1182 1000 1210; x_wconf 79' lang='lat' dir='ltr'>ad</span> 
     </span>
     <span class='ocr_line' id='line_1_23' title="bbox 257 1229 701 1269; baseline -0.005 -9"><span class='ocrx_word' id='word_1_155' title='bbox 257 1239 277 1260; x_wconf 89' lang='lat' dir='ltr'>t.</span> <span class='ocrx_word' id='word_1_156' title='bbox 297 1235 343 1261; x_wconf 90' lang='lat'>10.</span> <span class='ocrx_word' id='word_1_157' title='bbox 358 1242 384 1269; x_wconf 85' lang='lat' dir='ltr'>p.</span> <span class='ocrx_word' id='word_1_158' title='bbox 401 1232 468 1260; x_wconf 84' lang='lat'>865.</span> <span class='ocrx_word' id='word_1_159' title='bbox 480 1229 605 1258; x_wconf 80' lang='lat' dir='ltr'>editionis</span> <span class='ocrx_word' id='word_1_160' title='bbox 616 1240 701 1258; x_wconf 81' lang='lat' dir='ltr'>novae.</span> 
     </span>
    </p>

    <p class='ocr_par' dir='ltr' id='par_1_12' title="bbox 256 1275 1001 1361">
     <span class='ocr_line' id='line_1_24' title="bbox 296 1275 1001 1315; baseline -0.003 -10"><span class='ocrx_word' id='word_1_161' title='bbox 296 1277 362 1315; x_wconf 75' lang='grc' dir='ltr'>Ὀψὲ</span> <span class='ocrx_word' id='word_1_162' title='bbox 375 1276 421 1313; x_wconf 80' lang='grc' dir='ltr'>μὲν</span> <span class='ocrx_word' id='word_1_163' title='bbox 433 1275 579 1305; x_wconf 78' lang='grc' dir='ltr'>ἐπιστέλλω</span> <span class='ocrx_word' id='word_1_164' title='bbox 591 1275 636 1303; x_wconf 77' lang='grc' dir='ltr'>καὶ</span> <span class='ocrx_word' id='word_1_165' title='bbox 649 1275 760 1313; x_wconf 76' lang='grc' dir='ltr'>βραχέα,</span> <span class='ocrx_word' id='word_1_166' title='bbox 776 1276 886 1312; x_wconf 74' lang='grc' dir='ltr'>μᾶλλον,</span> <span class='ocrx_word' id='word_1_167' title='bbox 899 1276 1001 1303; x_wconf 79' lang='lat' dir='ltr'>Anato-</span> 
     </span>
     <span class='ocr_line' id='line_1_25' title="bbox 256 1320 829 1361; baseline -0.003 -11"><span class='ocrx_word' id='word_1_168' title='bbox 256 1323 294 1351; x_wconf 95' lang='lat' dir='ltr'>lio</span> <span class='ocrx_word' id='word_1_169' title='bbox 303 1322 437 1361; x_wconf 78' lang='lat' dir='ltr'>praefecto,</span> <span class='ocrx_word' id='word_1_170' title='bbox 452 1321 530 1360; x_wconf 81' lang='lat' dir='ltr'>epist.</span> <span class='ocrx_word' id='word_1_171' title='bbox 550 1322 618 1351; x_wconf 84' lang='lat'>205.</span> <span class='ocrx_word' id='word_1_172' title='bbox 635 1327 654 1349; x_wconf 86' lang='lat' dir='ltr'>t.</span> <span class='ocrx_word' id='word_1_173' title='bbox 669 1323 697 1350; x_wconf 89' lang='lat'>3.</span> <span class='ocrx_word' id='word_1_174' title='bbox 715 1331 741 1359; x_wconf 85' lang='lat' dir='ltr'>p.</span> <span class='ocrx_word' id='word_1_175' title='bbox 761 1320 829 1350; x_wconf 79' lang='lat'>714.</span> 
     </span>
    </p>

    <p class='ocr_par' dir='ltr' id='par_1_13' title="bbox 297 1366 1001 1407">
     <span class='ocr_line' id='line_1_26' title="bbox 297 1366 1001 1407; baseline -0.006 -9"><span class='ocrx_word' id='word_1_176' title='bbox 297 1368 364 1406; x_wconf 76' lang='grc' dir='ltr'>Ὀψὲ</span> <span class='ocrx_word' id='word_1_177' title='bbox 381 1368 426 1406; x_wconf 74' lang='grc' dir='ltr'>μὲν</span> <span class='ocrx_word' id='word_1_178' title='bbox 443 1368 487 1396; x_wconf 81' lang='grc' dir='ltr'>καὶ</span> <span class='ocrx_word' id='word_1_179' title='bbox 501 1367 616 1407; x_wconf 71' lang='grc' dir='ltr'>βραδέως</span> <span class='ocrx_word' id='word_1_180' title='bbox 632 1366 832 1405; x_wconf 77' lang='grc' dir='ltr'>ἐπεστάλκαμέν</span> <span class='ocrx_word' id='word_1_181' title='bbox 845 1379 890 1395; x_wconf 90' lang='grc' dir='ltr'>σου</span> <span class='ocrx_word' id='word_1_182' title='bbox 902 1369 935 1405; x_wconf 82' lang='grc' dir='ltr'>τῆ</span> <span class='ocrx_word' id='word_1_183' title='bbox 948 1368 1001 1405; x_wconf 86' lang='grc' dir='ltr'>ἀγ,,</span> 
     </span>
    </p>
   </div>
   <div class='ocr_carea' id='block_1_3' title="bbox 259 1413 968 1454">
    <p class='ocr_par' dir='ltr' id='par_1_14' title="bbox 259 1413 968 1454">
     <span class='ocr_line' id='line_1_27' title="bbox 259 1413 968 1454; baseline 0 -11"><span class='ocrx_word' id='word_1_184' title='bbox 259 1415 362 1454; x_wconf 82' lang='lat' dir='ltr'>Anysio</span> <span class='ocrx_word' id='word_1_185' title='bbox 378 1413 620 1448; x_wconf 81' lang='lat' dir='ltr'>Thessalonicensi‚</span> <span class='ocrx_word' id='word_1_186' title='bbox 631 1424 676 1452; x_wconf 80' lang='lat' dir='ltr'>ep.</span> <span class='ocrx_word' id='word_1_187' title='bbox 692 1414 758 1442; x_wconf 83' lang='grc'><strong>162.</strong></span> <span class='ocrx_word' id='word_1_188' title='bbox 774 1420 792 1440; x_wconf 83' lang='grc' dir='ltr'>Ι.</span> <span class='ocrx_word' id='word_1_189' title='bbox 810 1415 839 1442; x_wconf 87' lang='grc'>3.</span> <span class='ocrx_word' id='word_1_190' title='bbox 854 1423 881 1451; x_wconf 86' lang='lat' dir='ltr'>p.</span> <span class='ocrx_word' id='word_1_191' title='bbox 901 1414 968 1443; x_wconf 84' lang='lat'>693.</span> 
     </span>
    </p>
   </div>
   <div class='ocr_carea' id='block_1_4' title="bbox 618 1522 643 1549">
    <p class='ocr_par' dir='ltr' id='par_1_15' title="bbox 618 1522 643 1549">
     <span class='ocr_line' id='line_1_28' title="bbox 618 1522 643 1549; baseline 0 0"><span class='ocrx_word' id='word_1_192' title='bbox 618 1522 643 1549; x_wconf 89' lang='grc' dir='ltr'>Π</span> 
     </span>
    </p>
   </div>
   <div class='ocr_carea' id='block_1_5' title="bbox 261 1598 1012 2605">
    <p class='ocr_par' dir='ltr' id='par_1_16' title="bbox 261 1598 1002 1683">
     <span class='ocr_line' id='line_1_29' title="bbox 300 1598 1002 1638; baseline 0.001 -12"><span class='ocrx_word' id='word_1_193' title='bbox 300 1599 469 1637; x_wconf 84' lang='grc' dir='ltr'>Παλαῖστραι</span> <span class='ocrx_word' id='word_1_194' title='bbox 489 1598 535 1636; x_wconf 72' lang='grc' dir='ltr'>μὲν</span> <span class='ocrx_word' id='word_1_195' title='bbox 557 1598 675 1636; x_wconf 84' lang='grc' dir='ltr'>σώμασιν</span> <span class='ocrx_word' id='word_1_196' title='bbox 694 1599 811 1637; x_wconf 76' lang='grc' dir='ltr'>ἀνδρείαν</span> <span class='ocrx_word' id='word_1_197' title='bbox 830 1598 1002 1638; x_wconf 75' lang='grc' dir='ltr'>χαρίζονται,</span> 
     </span>
     <span class='ocr_line' id='line_1_30' title="bbox 261 1643 819 1683; baseline 0.002 -12"><span class='ocrx_word' id='word_1_198' title='bbox 261 1643 295 1672; x_wconf 86' lang='lat' dir='ltr'>de</span> <span class='ocrx_word' id='word_1_199' title='bbox 321 1645 349 1673; x_wconf 75' lang='lat' dir='ltr'>S.</span> <span class='ocrx_word' id='word_1_200' title='bbox 367 1645 485 1672; x_wconf 83' lang='lat' dir='ltr'>Romano</span> <span class='ocrx_word' id='word_1_201' title='bbox 500 1644 578 1673; x_wconf 86' lang='lat' dir='ltr'>Hom.</span> <span class='ocrx_word' id='word_1_202' title='bbox 593 1647 619 1673; x_wconf 83' lang='lat'>2.</span> <span class='ocrx_word' id='word_1_203' title='bbox 632 1651 651 1674; x_wconf 83' lang='lat'>1.</span> <span class='ocrx_word' id='word_1_204' title='bbox 663 1647 690 1674; x_wconf 85' lang='lat'>2.</span> <span class='ocrx_word' id='word_1_205' title='bbox 708 1655 735 1683; x_wconf 90' lang='lat' dir='ltr'>p.</span> <span class='ocrx_word' id='word_1_206' title='bbox 751 1646 819 1674; x_wconf 87' lang='lat'>617.</span> 
     </span>
    </p>

    <p class='ocr_par' dir='ltr' id='par_1_17' title="bbox 264 1690 1002 1821">
     <span class='ocr_line' id='line_1_31' title="bbox 299 1690 999 1729; baseline 0.001 -11"><span class='ocrx_word' id='word_1_207' title='bbox 299 1691 384 1718; x_wconf 82' lang='grc' dir='ltr'>Πάλιν</span> <span class='ocrx_word' id='word_1_208' title='bbox 405 1690 604 1729; x_wconf 65' lang='grc' dir='ltr'>ἀναγκάζομαι,</span> <span class='ocrx_word' id='word_1_209' title='bbox 629 1691 780 1728; x_wconf 78' lang='grc' dir='ltr'>ἀγαπητοὶ,</span> <span class='ocrx_word' id='word_1_210' title='bbox 800 1692 999 1729; x_wconf 76' lang='grc' dir='ltr'>κατηγορῆσαι,</span> 
     </span>
     <span class='ocr_line' id='line_1_32' title="bbox 264 1735 1002 1775; baseline 0 -11"><span class='ocrx_word' id='word_1_211' title='bbox 264 1736 346 1773; x_wconf 86' lang='lat' dir='ltr'>Quod</span> <span class='ocrx_word' id='word_1_212' title='bbox 358 1736 448 1764; x_wconf 79' lang='lat' dir='ltr'>multae</span> <span class='ocrx_word' id='word_1_213' title='bbox 464 1736 515 1764; x_wconf 81' lang='lat' dir='ltr'>viae</span> <span class='ocrx_word' id='word_1_214' title='bbox 532 1736 566 1764; x_wconf 77' lang='lat' dir='ltr'>ad</span> <span class='ocrx_word' id='word_1_215' title='bbox 578 1746 628 1764; x_wconf 90' lang='lat' dir='ltr'>non</span> <span class='ocrx_word' id='word_1_216' title='bbox 644 1735 827 1775; x_wconf 83' lang='lat' dir='ltr'>peccandum,</span> <span class='ocrx_word' id='word_1_217' title='bbox 839 1735 938 1775; x_wconf 82' lang='lat' dir='ltr'>Ecloga</span> <span class='ocrx_word' id='word_1_218' title='bbox 952 1739 1002 1767; x_wconf 86' lang='lat'>39.</span> 
     </span>
     <span class='ocr_line' id='line_1_33' title="bbox 264 1782 463 1821; baseline 0 -12"><span class='ocrx_word' id='word_1_219' title='bbox 264 1789 282 1809; x_wconf 89' lang='lat' dir='ltr'>t.</span> <span class='ocrx_word' id='word_1_220' title='bbox 298 1784 342 1811; x_wconf 86' lang='lat'>12.</span> <span class='ocrx_word' id='word_1_221' title='bbox 357 1793 382 1821; x_wconf 89' lang='lat' dir='ltr'>p.</span> <span class='ocrx_word' id='word_1_222' title='bbox 396 1782 463 1811; x_wconf 82' lang='grc'><strong>725.</strong></span> 
     </span>
    </p>

    <p class='ocr_par' dir='ltr' id='par_1_18' title="bbox 265 1826 1005 1912">
     <span class='ocr_line' id='line_1_34' title="bbox 304 1826 1005 1866; baseline 0 -10"><span class='ocrx_word' id='word_1_223' title='bbox 304 1829 391 1856; x_wconf 85' lang='grc' dir='ltr'>Πάλιν</span> <span class='ocrx_word' id='word_1_224' title='bbox 408 1829 509 1865; x_wconf 78' lang='grc' dir='ltr'>ἀναιρεῖ</span> <span class='ocrx_word' id='word_1_225' title='bbox 528 1826 576 1861; x_wconf 83' lang='grc' dir='ltr'>τὴν</span> <span class='ocrx_word' id='word_1_226' title='bbox 590 1827 745 1866; x_wconf 81' lang='grc' dir='ltr'>συγγνώμην</span> <span class='ocrx_word' id='word_1_227' title='bbox 762 1828 892 1864; x_wconf 74' lang='grc' dir='ltr'>αὖτῶν,ἰῐι</span> <span class='ocrx_word' id='word_1_228' title='bbox 905 1827 956 1866; x_wconf 86' lang='lat' dir='ltr'>Ep.</span> <span class='ocrx_word' id='word_1_229' title='bbox 972 1828 1005 1856; x_wconf 74' lang='lat' dir='ltr'>ad</span> 
     </span>
     <span class='ocr_line' id='line_1_35' title="bbox 265 1874 702 1912; baseline -0.002 -10"><span class='ocrx_word' id='word_1_230' title='bbox 265 1875 344 1903; x_wconf 81' lang='lat' dir='ltr'>Rom.</span> <span class='ocrx_word' id='word_1_231' title='bbox 358 1874 436 1902; x_wconf 86' lang='lat' dir='ltr'>Hom.</span> <span class='ocrx_word' id='word_1_232' title='bbox 456 1874 500 1902; x_wconf 82' lang='lat'>18.</span> <span class='ocrx_word' id='word_1_233' title='bbox 516 1880 536 1901; x_wconf 81' lang='lat' dir='ltr'>t.</span> <span class='ocrx_word' id='word_1_234' title='bbox 553 1876 581 1903; x_wconf 93' lang='lat'>9.</span> <span class='ocrx_word' id='word_1_235' title='bbox 597 1885 622 1912; x_wconf 85' lang='lat' dir='ltr'>p.</span> <span class='ocrx_word' id='word_1_236' title='bbox 635 1875 702 1903; x_wconf 85' lang='lat'>630.</span> 
     </span>
    </p>

    <p class='ocr_par' dir='ltr' id='par_1_19' title="bbox 267 1918 1006 2004">
     <span class='ocr_line' id='line_1_36' title="bbox 305 1918 1006 1958; baseline -0.001 -10"><span class='ocrx_word' id='word_1_237' title='bbox 305 1919 392 1948; x_wconf 81' lang='grc' dir='ltr'>Πάλιν</span> <span class='ocrx_word' id='word_1_238' title='bbox 411 1919 579 1958; x_wconf 81' lang='grc' dir='ltr'>ἀνθρωπίνως</span> <span class='ocrx_word' id='word_1_239' title='bbox 596 1919 744 1956; x_wconf 79' lang='grc' dir='ltr'>διαλέγεται</span> <span class='ocrx_word' id='word_1_240' title='bbox 761 1919 805 1947; x_wconf 76' lang='grc' dir='ltr'>καὶ</span> <span class='ocrx_word' id='word_1_241' title='bbox 828 1920 856 1948; x_wconf 80' lang='grc' dir='ltr'>οὐ</span> <span class='ocrx_word' id='word_1_242' title='bbox 868 1940 876 1953; x_wconf 88' lang='grc'>,</span> <span class='ocrx_word' id='word_1_243' title='bbox 891 1918 917 1947; x_wconf 88' lang='lat' dir='ltr'>in</span> <span class='ocrx_word' id='word_1_244' title='bbox 941 1921 1006 1948; x_wconf 79' lang='lat' dir='ltr'>Acta</span> 
     </span>
     <span class='ocr_line' id='line_1_37' title="bbox 267 1964 724 2004; baseline -0.004 -10"><span class='ocrx_word' id='word_1_245' title='bbox 267 1967 359 2004; x_wconf 78' lang='lat' dir='ltr'>Apost.</span> <span class='ocrx_word' id='word_1_246' title='bbox 375 1965 454 1993; x_wconf 86' lang='lat' dir='ltr'>Hom.</span> <span class='ocrx_word' id='word_1_247' title='bbox 469 1964 517 1994; x_wconf 80' lang='lat'>49.</span> <span class='ocrx_word' id='word_1_248' title='bbox 535 1972 554 1992; x_wconf 85' lang='lat' dir='ltr'>t.</span> <span class='ocrx_word' id='word_1_249' title='bbox 572 1970 598 1996; x_wconf 86' lang='lat'>9.</span> <span class='ocrx_word' id='word_1_250' title='bbox 615 1975 641 2003; x_wconf 86' lang='lat' dir='ltr'>p.</span> <span class='ocrx_word' id='word_1_251' title='bbox 657 1964 724 2002; x_wconf 72' lang='grc'><strong>364.</strong></span> 
     </span>
    </p>

    <p class='ocr_par' dir='ltr' id='par_1_20' title="bbox 268 2010 1007 2096">
     <span class='ocr_line' id='line_1_38' title="bbox 306 2010 1007 2051; baseline -0.003 -11"><span class='ocrx_word' id='word_1_252' title='bbox 306 2012 392 2040; x_wconf 69' lang='grc' dir='ltr'>Πάλιν</span> <span class='ocrx_word' id='word_1_253' title='bbox 405 2011 497 2043; x_wconf 71' lang='grc' dir='ltr'>αὐτοὺς</span> <span class='ocrx_word' id='word_1_254' title='bbox 507 2013 539 2048; x_wconf 70' lang='grc' dir='ltr'>τῆ</span> <span class='ocrx_word' id='word_1_255' title='bbox 552 2010 634 2049; x_wconf 77' lang='grc' dir='ltr'>οἰκείᾳ</span> <span class='ocrx_word' id='word_1_256' title='bbox 647 2010 898 2050; x_wconf 63' lang='grc' dir='ltr'>προκαταλαμέάνει</span> <span class='ocrx_word' id='word_1_257' title='bbox 915 2023 1007 2051; x_wconf 87' lang='grc' dir='ltr'>μαρτ.,</span> 
     </span>
     <span class='ocr_line' id='line_1_39' title="bbox 268 2056 885 2096; baseline 0.005 -12"><span class='ocrx_word' id='word_1_258' title='bbox 268 2057 295 2085; x_wconf 87' lang='lat' dir='ltr'>in</span> <span class='ocrx_word' id='word_1_259' title='bbox 311 2057 362 2096; x_wconf 80' lang='lat' dir='ltr'>Ep.</span> <span class='ocrx_word' id='word_1_260' title='bbox 377 2056 410 2084; x_wconf 81' lang='lat' dir='ltr'>ad</span> <span class='ocrx_word' id='word_1_261' title='bbox 425 2057 525 2085; x_wconf 82' lang='lat' dir='ltr'>Coloss.</span> <span class='ocrx_word' id='word_1_262' title='bbox 541 2057 621 2084; x_wconf 87' lang='lat' dir='ltr'>Hom.</span> <span class='ocrx_word' id='word_1_263' title='bbox 637 2058 664 2086; x_wconf 92' lang='lat'>6.</span> <span class='ocrx_word' id='word_1_264' title='bbox 679 2063 697 2085; x_wconf 87' lang='lat' dir='ltr'>t.</span> <span class='ocrx_word' id='word_1_265' title='bbox 717 2061 759 2085; x_wconf 91' lang='lat' dir='ltr'>ll.</span> <span class='ocrx_word' id='word_1_266' title='bbox 777 2068 803 2096; x_wconf 84' lang='lat' dir='ltr'>p.</span> <span class='ocrx_word' id='word_1_267' title='bbox 816 2058 885 2087; x_wconf 82' lang='lat'>365.</span> 
     </span>
    </p>

    <p class='ocr_par' dir='ltr' id='par_1_21' title="bbox 272 2104 1009 2189">
     <span class='ocr_line' id='line_1_40' title="bbox 309 2104 1009 2142; baseline 0.001 -10"><span class='ocrx_word' id='word_1_268' title='bbox 309 2105 396 2132; x_wconf 79' lang='grc' dir='ltr'>Πάλιν</span> <span class='ocrx_word' id='word_1_269' title='bbox 406 2105 427 2131; x_wconf 73' lang='grc' dir='ltr'>εἰ</span> <span class='ocrx_word' id='word_1_270' title='bbox 439 2104 560 2141; x_wconf 79' lang='grc' dir='ltr'>βούλεσθε</span> <span class='ocrx_word' id='word_1_271' title='bbox 574 2104 618 2131; x_wconf 77' lang='grc' dir='ltr'>καὶ</span> <span class='ocrx_word' id='word_1_272' title='bbox 631 2104 745 2142; x_wconf 78' lang='grc' dir='ltr'>σήμερον</span> <span class='ocrx_word' id='word_1_273' title='bbox 754 2106 801 2138; x_wconf 72' lang='grc' dir='ltr'>τῆς</span> <span class='ocrx_word' id='word_1_274' title='bbox 814 2105 902 2140; x_wconf 81' lang='grc' dir='ltr'>ἀκολ.,</span> <span class='ocrx_word' id='word_1_275' title='bbox 914 2104 940 2131; x_wconf 91' lang='lat' dir='ltr'>in</span> <span class='ocrx_word' id='word_1_276' title='bbox 953 2105 1009 2133; x_wconf 82' lang='lat' dir='ltr'>Ge-</span> 
     </span>
     <span class='ocr_line' id='line_1_41' title="bbox 272 2149 706 2189; baseline 0 -12"><span class='ocrx_word' id='word_1_277' title='bbox 272 2150 354 2177; x_wconf 77' lang='lat' dir='ltr'>nesim</span> <span class='ocrx_word' id='word_1_278' title='bbox 368 2150 447 2178; x_wconf 87' lang='lat' dir='ltr'>Hom.</span> <span class='ocrx_word' id='word_1_279' title='bbox 466 2149 541 2181; x_wconf 65' lang='lat'>141.</span> <span class='ocrx_word' id='word_1_280' title='bbox 559 2149 584 2178; x_wconf 88' lang='lat'>4.</span> <span class='ocrx_word' id='word_1_281' title='bbox 600 2161 625 2189; x_wconf 83' lang='lat' dir='ltr'>p.</span> <span class='ocrx_word' id='word_1_282' title='bbox 642 2151 706 2179; x_wconf 85' lang='lat'>106.</span> 
     </span>
    </p>

    <p class='ocr_par' dir='ltr' id='par_1_22' title="bbox 272 2195 1009 2280">
     <span class='ocr_line' id='line_1_42' title="bbox 310 2195 1009 2234; baseline 0.001 -11"><span class='ocrx_word' id='word_1_283' title='bbox 310 2196 396 2223; x_wconf 79' lang='grc' dir='ltr'>Πάλιν</span> <span class='ocrx_word' id='word_1_284' title='bbox 424 2197 452 2223; x_wconf 76' lang='grc' dir='ltr'>ἐκ</span> <span class='ocrx_word' id='word_1_285' title='bbox 478 2197 523 2229; x_wconf 80' lang='grc' dir='ltr'>τῆς</span> <span class='ocrx_word' id='word_1_286' title='bbox 548 2195 700 2227; x_wconf 73' lang='grc' dir='ltr'>ἀκολουθίας</span> <span class='ocrx_word' id='word_1_287' title='bbox 716 2197 767 2223; x_wconf 80' lang='grc' dir='ltr'>τῶν</span> <span class='ocrx_word' id='word_1_288' title='bbox 781 2195 873 2234; x_wconf 80' lang='grc' dir='ltr'>πρῴ-ην</span> <span class='ocrx_word' id='word_1_289' title='bbox 885 2197 949 2234; x_wconf 80' lang='grc' dir='ltr'>ἡμῖν</span> <span class='ocrx_word' id='word_1_290' title='bbox 961 2219 968 2232; x_wconf 95' lang='grc'>,</span> <span class='ocrx_word' id='word_1_291' title='bbox 982 2195 1009 2224; x_wconf 89' lang='lat' dir='ltr'>in</span> 
     </span>
     <span class='ocr_line' id='line_1_43' title="bbox 272 2241 752 2280; baseline 0.002 -11"><span class='ocrx_word' id='word_1_292' title='bbox 272 2242 397 2269; x_wconf 73' lang='lat' dir='ltr'>Genesim</span> <span class='ocrx_word' id='word_1_293' title='bbox 413 2241 490 2268; x_wconf 81' lang='lat' dir='ltr'>Hom.</span> <span class='ocrx_word' id='word_1_294' title='bbox 504 2243 552 2270; x_wconf 87' lang='lat'>51.</span> <span class='ocrx_word' id='word_1_295' title='bbox 570 2248 590 2271; x_wconf 87' lang='lat' dir='ltr'>t.</span> <span class='ocrx_word' id='word_1_296' title='bbox 603 2241 630 2270; x_wconf 76' lang='lat'>4.</span> <span class='ocrx_word' id='word_1_297' title='bbox 643 2252 668 2280; x_wconf 82' lang='lat' dir='ltr'>p·</span> <span class='ocrx_word' id='word_1_298' title='bbox 683 2242 752 2270; x_wconf 84' lang='lat'>499.</span> 
     </span>
    </p>

    <p class='ocr_par' dir='ltr' id='par_1_23' title="bbox 273 2287 1009 2370">
     <span class='ocr_line' id='line_1_44' title="bbox 311 2287 1009 2327; baseline 0.003 -13"><span class='ocrx_word' id='word_1_299' title='bbox 311 2287 396 2314; x_wconf 72' lang='grc' dir='ltr'>Πάλιν</span> <span class='ocrx_word' id='word_1_300' title='bbox 404 2287 429 2314; x_wconf 76' lang='grc' dir='ltr'>ἐν</span> <span class='ocrx_word' id='word_1_301' title='bbox 442 2287 567 2326; x_wconf 66' lang='grc' dir='ltr'>σαὸνῗάτῳ</span> <span class='ocrx_word' id='word_1_302' title='bbox 581 2287 716 2325; x_wconf 77' lang='grc' dir='ltr'>θεραπεύει</span> <span class='ocrx_word' id='word_1_303' title='bbox 728 2287 793 2327; x_wconf 76' lang='grc' dir='ltr'>ὑπὲρ</span> <span class='ocrx_word' id='word_1_304' title='bbox 804 2289 865 2321; x_wconf 74' lang='grc' dir='ltr'>τῶν,</span> <span class='ocrx_word' id='word_1_305' title='bbox 875 2288 902 2316; x_wconf 90' lang='lat' dir='ltr'>in</span> <span class='ocrx_word' id='word_1_306' title='bbox 912 2288 1009 2317; x_wconf 81' lang='lat' dir='ltr'>Matth.</span> 
     </span>
     <span class='ocr_line' id='line_1_45' title="bbox 273 2331 614 2370; baseline 0.003 -11"><span class='ocrx_word' id='word_1_307' title='bbox 273 2332 353 2360; x_wconf 82' lang='lat' dir='ltr'>Hom.</span> <span class='ocrx_word' id='word_1_308' title='bbox 372 2331 417 2360; x_wconf 85' lang='lat'>41.</span> <span class='ocrx_word' id='word_1_309' title='bbox 433 2339 452 2359; x_wconf 83' lang='lat' dir='ltr'>t.</span> <span class='ocrx_word' id='word_1_310' title='bbox 466 2335 491 2361; x_wconf 84' lang='lat'>7.</span> <span class='ocrx_word' id='word_1_311' title='bbox 503 2344 529 2370; x_wconf 85' lang='lat' dir='ltr'>p.</span> <span class='ocrx_word' id='word_1_312' title='bbox 547 2333 614 2362; x_wconf 81' lang='lat'>437.</span> 
     </span>
    </p>

    <p class='ocr_par' dir='ltr' id='par_1_24' title="bbox 274 2377 1012 2462">
     <span class='ocr_line' id='line_1_46' title="bbox 313 2377 1012 2419; baseline 0.007 -15"><span class='ocrx_word' id='word_1_313' title='bbox 313 2377 398 2405; x_wconf 82' lang='grc' dir='ltr'>Πάλιν</span> <span class='ocrx_word' id='word_1_314' title='bbox 414 2378 490 2416; x_wconf 76' lang='grc' dir='ltr'>ἑορτὴ</span> <span class='ocrx_word' id='word_1_315' title='bbox 511 2378 554 2406; x_wconf 77' lang='grc' dir='ltr'>καὶ</span> <span class='ocrx_word' id='word_1_316' title='bbox 569 2380 647 2407; x_wconf 67' lang='grc' dir='ltr'>πάλιν</span> <span class='ocrx_word' id='word_1_317' title='bbox 668 2380 828 2419; x_wconf 81' lang='grc' dir='ltr'>πανήγυρις,</span> <span class='ocrx_word' id='word_1_318' title='bbox 846 2380 872 2408; x_wconf 86' lang='lat' dir='ltr'>iu</span> <span class='ocrx_word' id='word_1_319' title='bbox 888 2382 1012 2410; x_wconf 71' lang='lat' dir='ltr'>Penteco-</span> 
     </span>
     <span class='ocr_line' id='line_1_47' title="bbox 274 2423 648 2462; baseline 0.003 -10"><span class='ocrx_word' id='word_1_320' title='bbox 274 2431 328 2452; x_wconf 77' lang='lat' dir='ltr'>sten</span> <span class='ocrx_word' id='word_1_321' title='bbox 346 2423 424 2451; x_wconf 85' lang='lat' dir='ltr'>Hom.</span> <span class='ocrx_word' id='word_1_322' title='bbox 443 2426 531 2452; x_wconf 78' lang='lat' dir='ltr'>l.t.2.</span> <span class='ocrx_word' id='word_1_323' title='bbox 548 2425 648 2462; x_wconf 73' lang='lat' dir='ltr'>p.4.57.</span> 
     </span>
    </p>

    <p class='ocr_par' dir='ltr' id='par_1_25' title="bbox 275 2470 1012 2556">
     <span class='ocr_line' id='line_1_48' title="bbox 315 2470 1012 2512; baseline 0.004 -14"><span class='ocrx_word' id='word_1_324' title='bbox 315 2470 399 2498; x_wconf 78' lang='grc' dir='ltr'>Πάλιν</span> <span class='ocrx_word' id='word_1_325' title='bbox 418 2472 518 2498; x_wconf 78' lang='grc' dir='ltr'>ἐπαινεῖ</span> <span class='ocrx_word' id='word_1_326' title='bbox 529 2470 570 2497; x_wconf 77' lang='grc' dir='ltr'>τὸν</span> <span class='ocrx_word' id='word_1_327' title='bbox 583 2471 672 2499; x_wconf 78' lang='grc' dir='ltr'>Τίτον.</span> <span class='ocrx_word' id='word_1_328' title='bbox 689 2473 780 2506; x_wconf 73' lang='grc' dir='ltr'>ἐπειδὴ</span> <span class='ocrx_word' id='word_1_329' title='bbox 802 2473 864 2512; x_wconf 76' lang='grc' dir='ltr'>γάρ,</span> <span class='ocrx_word' id='word_1_330' title='bbox 880 2473 905 2501; x_wconf 85' lang='lat' dir='ltr'>in</span> <span class='ocrx_word' id='word_1_331' title='bbox 922 2472 975 2512; x_wconf 83' lang='lat' dir='ltr'>Ep.</span> <span class='ocrx_word' id='word_1_332' title='bbox 995 2475 1012 2502; x_wconf 74' lang='grc'>’2</span> 
     </span>
     <span class='ocr_line' id='line_1_49' title="bbox 275 2515 831 2556; baseline 0.005 -12"><span class='ocrx_word' id='word_1_333' title='bbox 275 2515 310 2544; x_wconf 82' lang='lat' dir='ltr'>ad</span> <span class='ocrx_word' id='word_1_334' title='bbox 323 2515 447 2544; x_wconf 79' lang='lat' dir='ltr'>Corinth.</span> <span class='ocrx_word' id='word_1_335' title='bbox 463 2515 541 2543; x_wconf 74' lang='lat' dir='ltr'>Hom.</span> <span class='ocrx_word' id='word_1_336' title='bbox 560 2518 603 2544; x_wconf 74' lang='lat'>18.</span> <span class='ocrx_word' id='word_1_337' title='bbox 620 2523 639 2543; x_wconf 89' lang='lat' dir='ltr'>t.</span> <span class='ocrx_word' id='word_1_338' title='bbox 660 2520 705 2546; x_wconf 91' lang='lat'>10.</span> <span class='ocrx_word' id='word_1_339' title='bbox 720 2529 746 2556; x_wconf 82' lang='lat' dir='ltr'>p.</span> <span class='ocrx_word' id='word_1_340' title='bbox 765 2519 831 2547; x_wconf 70' lang='lat'>564.</span> 
     </span>
    </p>

    <p class='ocr_par' dir='ltr' id='par_1_26' title="bbox 317 2562 1012 2605">
     <span class='ocr_line' id='line_1_50' title="bbox 317 2562 1012 2605; baseline 0.003 -14"><span class='ocrx_word' id='word_1_341' title='bbox 317 2564 402 2591; x_wconf 84' lang='grc' dir='ltr'>Πάλιν</span> <span class='ocrx_word' id='word_1_342' title='bbox 418 2562 460 2590; x_wconf 77' lang='grc' dir='ltr'>ἐπὶ</span> <span class='ocrx_word' id='word_1_343' title='bbox 475 2562 522 2597; x_wconf 77' lang='grc' dir='ltr'>τὴν</span> <span class='ocrx_word' id='word_1_344' title='bbox 538 2562 629 2590; x_wconf 84' lang='grc' dir='ltr'>θυσίαν</span> <span class='ocrx_word' id='word_1_345' title='bbox 641 2563 738 2598; x_wconf 67' lang='grc' dir='ltr'>ταύτην</span> <span class='ocrx_word' id='word_1_346' title='bbox 764 2565 854 2597; x_wconf 70' lang='grc' dir='ltr'>αὐτοὺς</span> <span class='ocrx_word' id='word_1_347' title='bbox 882 2578 945 2605; x_wconf 83' lang='grc' dir='ltr'>παρ,</span> <span class='ocrx_word' id='word_1_348' title='bbox 961 2588 968 2601; x_wconf 97' lang='grc'>,</span> <span class='ocrx_word' id='word_1_349' title='bbox 987 2565 1012 2593; x_wconf 88' lang='lat' dir='ltr'>in</span> 
     </span>
    </p>
   </div>
   <div class='ocr_carea' id='block_1_6' title="bbox 281 2608 665 2646">
    <p class='ocr_par' dir='ltr' id='par_1_27' title="bbox 281 2608 665 2646">
     <span class='ocr_line' id='line_1_51' title="bbox 281 2608 665 2646; baseline -0.003 -10"><span class='ocrx_word' id='word_1_350' title='bbox 281 2608 380 2637; x_wconf 83' lang='lat' dir='ltr'>Psalm.</span> <span class='ocrx_word' id='word_1_351' title='bbox 398 2608 464 2638; x_wconf 73' lang='lat'>134.</span> <span class='ocrx_word' id='word_1_352' title='bbox 478 2615 497 2636; x_wconf 90' lang='lat' dir='ltr'>t.</span> <span class='ocrx_word' id='word_1_353' title='bbox 514 2610 540 2636; x_wconf 85' lang='lat'>5.</span> <span class='ocrx_word' id='word_1_354' title='bbox 556 2619 582 2646; x_wconf 90' lang='lat' dir='ltr'>p.</span> <span class='ocrx_word' id='word_1_355' title='bbox 599 2610 665 2637; x_wconf 78' lang='lat'>383.</span> 
     </span>
    </p>
   </div>
   <div class='ocr_carea' id='block_1_7' title="bbox 729 204 1297 231">
    <p class='ocr_par' dir='ltr' id='par_1_28' title="bbox 729 204 1297 231">
     <span class='ocr_line' id='line_1_52' title="bbox 729 204 1297 231; baseline -0.004 -1"><span class='ocrx_word' id='word_1_356' title='bbox 729 209 757 231; x_wconf 81' lang='lat' dir='ltr'>S.</span> <span class='ocrx_word' id='word_1_357' title='bbox 787 207 928 230; x_wconf 63' lang='lat' dir='ltr'>Joimmts</span> <span class='ocrx_word' id='word_1_358' title='bbox 954 204 1135 228; x_wconf 74' lang='lat' dir='ltr'>CHRYSOST.</span> <span class='ocrx_word' id='word_1_359' title='bbox 1162 206 1297 228; x_wconf 81' lang='lat' dir='ltr'>OPERUM</span> 
     </span>
    </p>
   </div>
   <div class='ocr_carea' id='block_1_8' title="bbox 1044 266 1810 2599">
    <p class='ocr_par' dir='ltr' id='par_1_29' title="bbox 1044 266 1783 351">
     <span class='ocr_line' id='line_1_53' title="bbox 1086 266 1783 306; baseline -0.001 -10"><span class='ocrx_word' id='word_1_360' title='bbox 1086 268 1171 297; x_wconf 83' lang='grc' dir='ltr'>Πάλιν</span> <span class='ocrx_word' id='word_1_361' title='bbox 1187 268 1230 296; x_wconf 76' lang='grc' dir='ltr'>ἐπὶ</span> <span class='ocrx_word' id='word_1_362' title='bbox 1244 267 1291 302; x_wconf 85' lang='grc' dir='ltr'>τὴν</span> <span class='ocrx_word' id='word_1_363' title='bbox 1304 266 1400 302; x_wconf 81' lang='grc' dir='ltr'>συνήθη</span> <span class='ocrx_word' id='word_1_364' title='bbox 1415 266 1545 306; x_wconf 81' lang='grc' dir='ltr'>τράπεζαν</span> <span class='ocrx_word' id='word_1_365' title='bbox 1559 268 1643 305; x_wconf 76' lang='grc' dir='ltr'>ὑμᾶς,</span> <span class='ocrx_word' id='word_1_366' title='bbox 1655 266 1682 295; x_wconf 88' lang='lat' dir='ltr'>in</span> <span class='ocrx_word' id='word_1_367' title='bbox 1693 266 1783 296; x_wconf 81' lang='lat' dir='ltr'>Gene-</span> 
     </span>
     <span class='ocr_line' id='line_1_54' title="bbox 1044 313 1447 351; baseline -0.002 -9"><span class='ocrx_word' id='word_1_368' title='bbox 1044 314 1094 342; x_wconf 79' lang='lat' dir='ltr'>sim</span> <span class='ocrx_word' id='word_1_369' title='bbox 1106 314 1185 342; x_wconf 87' lang='lat' dir='ltr'>Hom.</span> <span class='ocrx_word' id='word_1_370' title='bbox 1202 315 1251 343; x_wconf 87' lang='grc'>61.</span> <span class='ocrx_word' id='word_1_371' title='bbox 1265 320 1284 342; x_wconf 87' lang='lat' dir='ltr'>t.</span> <span class='ocrx_word' id='word_1_372' title='bbox 1297 313 1326 341; x_wconf 88' lang='lat'>4.</span> <span class='ocrx_word' id='word_1_373' title='bbox 1339 324 1365 351; x_wconf 84' lang='lat' dir='ltr'>p.</span> <span class='ocrx_word' id='word_1_374' title='bbox 1379 315 1447 342; x_wconf 84' lang='lat'>583.</span> 
     </span>
    </p>

    <p class='ocr_par' dir='ltr' id='par_1_30' title="bbox 1045 357 1783 443">
     <span class='ocr_line' id='line_1_55' title="bbox 1085 357 1783 398; baseline -0.004 -10"><span class='ocrx_word' id='word_1_375' title='bbox 1085 361 1172 388; x_wconf 76' lang='grc' dir='ltr'>Πάλιν</span> <span class='ocrx_word' id='word_1_376' title='bbox 1194 360 1287 398; x_wconf 79' lang='grc' dir='ltr'>ἑτέρως</span> <span class='ocrx_word' id='word_1_377' title='bbox 1305 358 1396 391; x_wconf 74' lang='grc' dir='ltr'>αὐτοὺς</span> <span class='ocrx_word' id='word_1_378' title='bbox 1416 358 1585 396; x_wconf 77' lang='grc' dir='ltr'>καταισχύνει</span> <span class='ocrx_word' id='word_1_379' title='bbox 1605 357 1649 386; x_wconf 76' lang='grc' dir='ltr'>καὶ</span> <span class='ocrx_word' id='word_1_380' title='bbox 1671 359 1732 394; x_wconf 82' lang='grc' dir='ltr'>οὐκ,</span> <span class='ocrx_word' id='word_1_381' title='bbox 1756 357 1783 385; x_wconf 89' lang='lat' dir='ltr'>in</span> 
     </span>
     <span class='ocr_line' id='line_1_56' title="bbox 1045 404 1505 443; baseline -0.007 -9"><span class='ocrx_word' id='word_1_382' title='bbox 1045 406 1146 434; x_wconf 81' lang='lat' dir='ltr'>Matth.</span> <span class='ocrx_word' id='word_1_383' title='bbox 1160 405 1240 434; x_wconf 91' lang='lat' dir='ltr'>Hom.</span> <span class='ocrx_word' id='word_1_384' title='bbox 1258 405 1305 435; x_wconf 85' lang='lat'>43.</span> <span class='ocrx_word' id='word_1_385' title='bbox 1319 412 1337 434; x_wconf 85' lang='lat' dir='ltr'>t.</span> <span class='ocrx_word' id='word_1_386' title='bbox 1349 407 1378 433; x_wconf 85' lang='lat'>7.</span> <span class='ocrx_word' id='word_1_387' title='bbox 1396 416 1422 443; x_wconf 85' lang='lat' dir='ltr'>p.</span> <span class='ocrx_word' id='word_1_388' title='bbox 1438 404 1505 432; x_wconf 92' lang='lat'>451.</span> 
     </span>
    </p>

    <p class='ocr_par' dir='ltr' id='par_1_31' title="bbox 1045 448 1786 581">
     <span class='ocr_line' id='line_1_57' title="bbox 1086 448 1782 489; baseline -0.004 -10"><span class='ocrx_word' id='word_1_389' title='bbox 1086 451 1172 479; x_wconf 79' lang='grc' dir='ltr'>Πάλιν</span> <span class='ocrx_word' id='word_1_390' title='bbox 1184 453 1262 487; x_wconf 74' lang='grc' dir='ltr'>ἡμᾶς,</span> <span class='ocrx_word' id='word_1_391' title='bbox 1274 451 1418 488; x_wconf 81' lang='grc' dir='ltr'>ἀγαπητοὶ,</span> <span class='ocrx_word' id='word_1_392' title='bbox 1428 450 1498 489; x_wconf 67' lang='grc' dir='ltr'>ᾄδειν</span> <span class='ocrx_word' id='word_1_393' title='bbox 1511 451 1523 477; x_wconf 81' lang='grc' dir='ltr'>ὁ</span> <span class='ocrx_word' id='word_1_394' title='bbox 1537 448 1593 486; x_wconf 82' lang='grc' dir='ltr'>μέν,</span> <span class='ocrx_word' id='word_1_395' title='bbox 1610 448 1637 476; x_wconf 84' lang='lat' dir='ltr'>in</span> <span class='ocrx_word' id='word_1_396' title='bbox 1655 449 1697 476; x_wconf 88' lang='lat' dir='ltr'>Ps.</span> <span class='ocrx_word' id='word_1_397' title='bbox 1715 452 1782 478; x_wconf 89' lang='lat'>100.</span> 
     </span>
     <span class='ocr_line' id='line_1_58' title="bbox 1045 493 1786 535; baseline -0.007 -9"><span class='ocrx_word' id='word_1_398' title='bbox 1045 503 1066 526; x_wconf 82' lang='lat' dir='ltr'>t.</span> <span class='ocrx_word' id='word_1_399' title='bbox 1081 499 1107 525; x_wconf 87' lang='lat'>5.</span> <span class='ocrx_word' id='word_1_400' title='bbox 1124 507 1150 535; x_wconf 85' lang='lat' dir='ltr'>p.</span> <span class='ocrx_word' id='word_1_401' title='bbox 1166 498 1233 526; x_wconf 83' lang='lat'>637.</span> <span class='ocrx_word' id='word_1_402' title='bbox 1249 496 1320 524; x_wconf 83' lang='lat' dir='ltr'>Vide</span> <span class='ocrx_word' id='word_1_403' title='bbox 1340 496 1420 532; x_wconf 86' lang='lat' dir='ltr'>infra,</span> <span class='ocrx_word' id='word_1_404' title='bbox 1437 495 1522 524; x_wconf 82' lang='grc' dir='ltr'>Πάλιν</span> <span class='ocrx_word' id='word_1_405' title='bbox 1537 497 1611 531; x_wconf 75' lang='grc' dir='ltr'>ἡμῖν,</span> <span class='ocrx_word' id='word_1_406' title='bbox 1636 493 1786 532; x_wconf 80' lang='grc' dir='ltr'>ἀγαπητοὶ,</span> 
     </span>
     <span class='ocr_line' id='line_1_59' title="bbox 1046 542 1323 581; baseline -0.004 -10"><span class='ocrx_word' id='word_1_407' title='bbox 1046 545 1230 579; x_wconf 80' lang='grc' dir='ltr'>πνευματικῶς</span> <span class='ocrx_word' id='word_1_408' title='bbox 1244 542 1323 581; x_wconf 77' lang='grc' dir='ltr'>ᾄδειν.</span> 
     </span>
    </p>

    <p class='ocr_par' dir='ltr' id='par_1_32' title="bbox 1047 586 1785 673">
     <span class='ocr_line' id='line_1_60' title="bbox 1087 586 1785 627; baseline -0.006 -10"><span class='ocrx_word' id='word_1_409' title='bbox 1087 590 1173 617; x_wconf 87' lang='grc' dir='ltr'>Πάλιν</span> <span class='ocrx_word' id='word_1_410' title='bbox 1185 592 1255 626; x_wconf 80' lang='grc' dir='ltr'>ἡμᾶς</span> <span class='ocrx_word' id='word_1_411' title='bbox 1267 591 1283 623; x_wconf 80' lang='grc' dir='ltr'><strong>ἡ</strong></span> <span class='ocrx_word' id='word_1_412' title='bbox 1294 588 1356 627; x_wconf 81' lang='grc' dir='ltr'>ἁγία</span> <span class='ocrx_word' id='word_1_413' title='bbox 1368 587 1485 624; x_wconf 78' lang='grc' dir='ltr'>νηστεία,</span> <span class='ocrx_word' id='word_1_414' title='bbox 1493 587 1526 616; x_wconf 88' lang='lat' dir='ltr'>de</span> <span class='ocrx_word' id='word_1_415' title='bbox 1534 586 1641 626; x_wconf 83' lang='lat' dir='ltr'>Jejunio</span> <span class='ocrx_word' id='word_1_416' title='bbox 1649 587 1742 616; x_wconf 85' lang='lat' dir='ltr'>Sermo</span> <span class='ocrx_word' id='word_1_417' title='bbox 1755 587 1785 622; x_wconf 82' lang='lat'>2,</span> 
     </span>
     <span class='ocr_line' id='line_1_61' title="bbox 1047 635 1371 673; baseline -0.003 -11"><span class='ocrx_word' id='word_1_418' title='bbox 1047 635 1170 672; x_wconf 80' lang='lat' dir='ltr'>spurius,</span> <span class='ocrx_word' id='word_1_419' title='bbox 1187 641 1207 662; x_wconf 90' lang='lat' dir='ltr'>t.</span> <span class='ocrx_word' id='word_1_420' title='bbox 1224 636 1253 663; x_wconf 89' lang='lat'>9.</span> <span class='ocrx_word' id='word_1_421' title='bbox 1266 645 1292 673; x_wconf 90' lang='lat' dir='ltr'>p.</span> <span class='ocrx_word' id='word_1_422' title='bbox 1305 636 1371 663; x_wconf 79' lang='lat'>795.</span> 
     </span>
    </p>

    <p class='ocr_par' dir='ltr' id='par_1_33' title="bbox 1048 676 1789 764">
     <span class='ocr_line' id='line_1_62' title="bbox 1088 676 1789 718; baseline -0.006 -10"><span class='ocrx_word' id='word_1_423' title='bbox 1088 680 1173 709; x_wconf 80' lang='grc' dir='ltr'>Πάλιν</span> <span class='ocrx_word' id='word_1_424' title='bbox 1187 683 1251 717; x_wconf 84' lang='grc' dir='ltr'>ἡμῖν</span> <span class='ocrx_word' id='word_1_425' title='bbox 1263 703 1270 716; x_wconf 91' lang='grc'>,</span> <span class='ocrx_word' id='word_1_426' title='bbox 1286 679 1418 718; x_wconf 79' lang='grc' dir='ltr'>ἀγαπητοὶ</span> <span class='ocrx_word' id='word_1_427' title='bbox 1429 700 1436 713; x_wconf 85' lang='grc'>,</span> <span class='ocrx_word' id='word_1_428' title='bbox 1451 679 1635 715; x_wconf 80' lang='grc' dir='ltr'>πνευματικῶς</span> <span class='ocrx_word' id='word_1_429' title='bbox 1653 677 1722 716; x_wconf 78' lang='grc' dir='ltr'>ᾄδειν</span> <span class='ocrx_word' id='word_1_430' title='bbox 1736 700 1744 712; x_wconf 84' lang='grc'>,</span> <span class='ocrx_word' id='word_1_431' title='bbox 1761 676 1789 704; x_wconf 85' lang='lat' dir='ltr'>in</span> 
     </span>
     <span class='ocr_line' id='line_1_63' title="bbox 1048 723 1746 764; baseline -0.001 -11"><span class='ocrx_word' id='word_1_432' title='bbox 1048 725 1147 753; x_wconf 74' lang='lat' dir='ltr'>Psalm.</span> <span class='ocrx_word' id='word_1_433' title='bbox 1168 729 1235 761; x_wconf 88' lang='lat'>100,</span> <span class='ocrx_word' id='word_1_434' title='bbox 1247 729 1346 764; x_wconf 79' lang='lat' dir='ltr'>spuria</span> <span class='ocrx_word' id='word_1_435' title='bbox 1358 732 1391 759; x_wconf 83' lang='lat' dir='ltr'>‚t.</span> <span class='ocrx_word' id='word_1_436' title='bbox 1403 727 1430 753; x_wconf 79' lang='lat'>5.</span> <span class='ocrx_word' id='word_1_437' title='bbox 1443 735 1469 763; x_wconf 86' lang='lat' dir='ltr'>p.</span> <span class='ocrx_word' id='word_1_438' title='bbox 1482 726 1550 753; x_wconf 88' lang='grc'><strong>637.</strong></span> <span class='ocrx_word' id='word_1_439' title='bbox 1568 723 1640 753; x_wconf 87' lang='lat' dir='ltr'>Vide</span> <span class='ocrx_word' id='word_1_440' title='bbox 1655 733 1746 762; x_wconf 86' lang='lat' dir='ltr'>supra.</span> 
     </span>
    </p>

    <p class='ocr_par' dir='ltr' id='par_1_34' title="bbox 1050 768 1790 901">
     <span class='ocr_line' id='line_1_64' title="bbox 1089 768 1790 809; baseline -0.004 -10"><span class='ocrx_word' id='word_1_441' title='bbox 1089 771 1175 799; x_wconf 79' lang='grc' dir='ltr'>Πάλιν</span> <span class='ocrx_word' id='word_1_442' title='bbox 1185 774 1249 808; x_wconf 77' lang='grc' dir='ltr'>ἡμῖν</span> <span class='ocrx_word' id='word_1_443' title='bbox 1262 774 1278 805; x_wconf 77' lang='grc' dir='ltr'>ἦ</span> <span class='ocrx_word' id='word_1_444' title='bbox 1293 774 1338 799; x_wconf 76' lang='grc' dir='ltr'>τοῦ</span> <span class='ocrx_word' id='word_1_445' title='bbox 1351 770 1480 809; x_wconf 87' lang='grc' dir='ltr'>μακαρίου</span> <span class='ocrx_word' id='word_1_446' title='bbox 1492 770 1583 804; x_wconf 75' lang='grc' dir='ltr'>Δαυίδ,</span> <span class='ocrx_word' id='word_1_447' title='bbox 1598 769 1625 797; x_wconf 86' lang='lat' dir='ltr'>in</span> <span class='ocrx_word' id='word_1_448' title='bbox 1641 768 1719 805; x_wconf 87' lang='lat' dir='ltr'>illud,</span> <span class='ocrx_word' id='word_1_449' title='bbox 1730 769 1790 796; x_wconf 88' lang='lat' dir='ltr'>Do-</span> 
     </span>
     <span class='ocr_line' id='line_1_65' title="bbox 1050 811 1788 855; baseline -0.003 -12"><span class='ocrx_word' id='word_1_450' title='bbox 1050 818 1145 845; x_wconf 82' lang='lat' dir='ltr'>minus</span> <span class='ocrx_word' id='word_1_451' title='bbox 1160 819 1306 855; x_wconf 73' lang='lat' dir='ltr'>regnavit,</span> <span class='ocrx_word' id='word_1_452' title='bbox 1321 816 1445 845; x_wconf 70' lang='lat' dir='ltr'>exsultet</span> <span class='ocrx_word' id='word_1_453' title='bbox 1459 838 1466 851; x_wconf 90' lang='lat'>‚</span> <span class='ocrx_word' id='word_1_454' title='bbox 1483 811 1583 844; x_wconf 77' lang='lat' dir='ltr'>Psalm.</span> <span class='ocrx_word' id='word_1_455' title='bbox 1595 814 1634 844; x_wconf 83' lang='lat'>94</span> <span class='ocrx_word' id='word_1_456' title='bbox 1642 837 1654 850; x_wconf 84' lang='lat'>.,</span> <span class='ocrx_word' id='word_1_457' title='bbox 1668 815 1768 853; x_wconf 84' lang='lat' dir='ltr'>spuria</span> <span class='ocrx_word' id='word_1_458' title='bbox 1778 835 1788 848; x_wconf 89' lang='lat'><em>,</em></span> 
     </span>
     <span class='ocr_line' id='line_1_66' title="bbox 1050 864 1228 901; baseline -0.006 -11"><span class='ocrx_word' id='word_1_459' title='bbox 1050 868 1070 892; x_wconf 82' lang='lat' dir='ltr'>t.</span> <span class='ocrx_word' id='word_1_460' title='bbox 1084 864 1110 891; x_wconf 85' lang='lat'>5.</span> <span class='ocrx_word' id='word_1_461' title='bbox 1122 873 1147 901; x_wconf 90' lang='lat' dir='ltr'>p.</span> <span class='ocrx_word' id='word_1_462' title='bbox 1161 864 1228 892; x_wconf 89' lang='lat'>610.</span> 
     </span>
    </p>

    <p class='ocr_par' dir='ltr' id='par_1_35' title="bbox 1052 906 1791 994">
     <span class='ocr_line' id='line_1_67' title="bbox 1091 906 1791 948; baseline -0.004 -10"><span class='ocrx_word' id='word_1_463' title='bbox 1091 909 1176 938; x_wconf 81' lang='grc' dir='ltr'>Πάλιν</span> <span class='ocrx_word' id='word_1_464' title='bbox 1189 911 1251 946; x_wconf 79' lang='grc' dir='ltr'>ἡμῖν</span> <span class='ocrx_word' id='word_1_465' title='bbox 1262 912 1275 938; x_wconf 78' lang='grc' dir='ltr'><em>ὃ</em></span> <span class='ocrx_word' id='word_1_466' title='bbox 1286 908 1381 948; x_wconf 81' lang='grc' dir='ltr'>Σωτὴρ</span> <span class='ocrx_word' id='word_1_467' title='bbox 1392 909 1468 946; x_wconf 80' lang='grc' dir='ltr'>ἡμῶν</span> <span class='ocrx_word' id='word_1_468' title='bbox 1479 907 1546 945; x_wconf 78' lang='grc' dir='ltr'>μετὰ</span> <span class='ocrx_word' id='word_1_469' title='bbox 1557 908 1665 943; x_wconf 84' lang='grc' dir='ltr'>πολλῆς,</span> <span class='ocrx_word' id='word_1_470' title='bbox 1673 907 1700 936; x_wconf 88' lang='lat' dir='ltr'>in</span> <span class='ocrx_word' id='word_1_471' title='bbox 1713 906 1791 943; x_wconf 86' lang='lat' dir='ltr'>illud,</span> 
     </span>
     <span class='ocr_line' id='line_1_68' title="bbox 1052 957 1716 994; baseline -0.003 -9"><span class='ocrx_word' id='word_1_472' title='bbox 1052 958 1124 986; x_wconf 80' lang='lat' dir='ltr'>Cum</span> <span class='ocrx_word' id='word_1_473' title='bbox 1140 959 1239 992; x_wconf 74' lang='lat' dir='ltr'>oratis,</span> <span class='ocrx_word' id='word_1_474' title='bbox 1256 957 1357 993; x_wconf 76' lang='lat' dir='ltr'>nolite,</span> <span class='ocrx_word' id='word_1_475' title='bbox 1373 963 1412 984; x_wconf 84' lang='lat' dir='ltr'>etc</span> <span class='ocrx_word' id='word_1_476' title='bbox 1429 978 1437 992; x_wconf 88' lang='lat'><strong><em>,</em></strong></span> <span class='ocrx_word' id='word_1_477' title='bbox 1449 958 1548 994; x_wconf 77' lang='lat' dir='ltr'>spuria</span> <span class='ocrx_word' id='word_1_478' title='bbox 1557 962 1584 984; x_wconf 85' lang='lat' dir='ltr'>et</span> <span class='ocrx_word' id='word_1_479' title='bbox 1597 957 1716 984; x_wconf 80' lang='lat' dir='ltr'>omissa.</span> 
     </span>
    </p>

    <p class='ocr_par' dir='ltr' id='par_1_36' title="bbox 1054 1000 1792 1087">
     <span class='ocr_line' id='line_1_69' title="bbox 1090 1000 1792 1041; baseline -0.004 -9"><span class='ocrx_word' id='word_1_480' title='bbox 1090 1004 1176 1032; x_wconf 77' lang='grc' dir='ltr'>Πάλιν</span> <span class='ocrx_word' id='word_1_481' title='bbox 1191 1006 1253 1041; x_wconf 75' lang='grc' dir='ltr'>ἡμῖν</span> <span class='ocrx_word' id='word_1_482' title='bbox 1265 1003 1338 1041; x_wconf 73' lang='grc' dir='ltr'>παρὰ</span> <span class='ocrx_word' id='word_1_483' title='bbox 1349 1006 1393 1031; x_wconf 81' lang='grc' dir='ltr'>τοῦ</span> <span class='ocrx_word' id='word_1_484' title='bbox 1407 1001 1502 1039; x_wconf 85' lang='grc' dir='ltr'>Κυρίου</span> <span class='ocrx_word' id='word_1_485' title='bbox 1515 1002 1559 1030; x_wconf 79' lang='grc' dir='ltr'>καὶ</span> <span class='ocrx_word' id='word_1_486' title='bbox 1568 1003 1637 1030; x_wconf 77' lang='grc' dir='ltr'>Θεοῦ</span> <span class='ocrx_word' id='word_1_487' title='bbox 1647 1023 1654 1036; x_wconf 94' lang='grc'>,</span> <span class='ocrx_word' id='word_1_488' title='bbox 1669 1000 1703 1029; x_wconf 86' lang='lat' dir='ltr'>de</span> <span class='ocrx_word' id='word_1_489' title='bbox 1713 1000 1792 1030; x_wconf 85' lang='lat' dir='ltr'><strong>Elee-</strong></span> 
     </span>
     <span class='ocr_line' id='line_1_70' title="bbox 1054 1049 1499 1087; baseline -0.004 -11"><span class='ocrx_word' id='word_1_490' title='bbox 1054 1059 1176 1087; x_wconf 87' lang='lat' dir='ltr'>mosyna,</span> <span class='ocrx_word' id='word_1_491' title='bbox 1195 1052 1305 1086; x_wconf 81' lang='lat' dir='ltr'>spuria,</span> <span class='ocrx_word' id='word_1_492' title='bbox 1317 1055 1334 1076; x_wconf 86' lang='lat' dir='ltr'>t.</span> <span class='ocrx_word' id='word_1_493' title='bbox 1348 1050 1375 1077; x_wconf 89' lang='lat'>9.</span> <span class='ocrx_word' id='word_1_494' title='bbox 1392 1059 1417 1086; x_wconf 88' lang='lat' dir='ltr'>p.</span> <span class='ocrx_word' id='word_1_495' title='bbox 1432 1049 1499 1077; x_wconf 83' lang='lat'>832.</span> 
     </span>
    </p>

    <p class='ocr_par' dir='ltr' id='par_1_37' title="bbox 1054 1093 1794 1178">
     <span class='ocr_line' id='line_1_71' title="bbox 1095 1093 1794 1132; baseline -0.001 -10"><span class='ocrx_word' id='word_1_496' title='bbox 1095 1095 1180 1123; x_wconf 77' lang='grc' dir='ltr'>Πάλιν</span> <span class='ocrx_word' id='word_1_497' title='bbox 1195 1094 1228 1122; x_wconf 79' lang='lat' dir='ltr'>‘H</span> <span class='ocrx_word' id='word_1_498' title='bbox 1234 1094 1327 1132; x_wconf 78' lang='grc' dir='ltr'>ρωδιὰς</span> <span class='ocrx_word' id='word_1_499' title='bbox 1342 1095 1471 1131; x_wconf 84' lang='grc' dir='ltr'>μαίνεται,</span> <span class='ocrx_word' id='word_1_500' title='bbox 1481 1094 1561 1122; x_wconf 78' lang='grc' dir='ltr'>πάλιν</span> <span class='ocrx_word' id='word_1_501' title='bbox 1572 1105 1632 1131; x_wconf 87' lang='grc' dir='ltr'>ταρ.</span> <span class='ocrx_word' id='word_1_502' title='bbox 1645 1115 1652 1128; x_wconf 91' lang='grc'>,</span> <span class='ocrx_word' id='word_1_503' title='bbox 1661 1093 1687 1121; x_wconf 88' lang='lat' dir='ltr'>in</span> <span class='ocrx_word' id='word_1_504' title='bbox 1698 1093 1794 1121; x_wconf 84' lang='lat' dir='ltr'>Decol-</span> 
     </span>
     <span class='ocr_line' id='line_1_72' title="bbox 1054 1140 1794 1178; baseline 0 -10"><span class='ocrx_word' id='word_1_505' title='bbox 1054 1140 1180 1168; x_wconf 82' lang='lat' dir='ltr'>latiouem</span> <span class='ocrx_word' id='word_1_506' title='bbox 1191 1141 1221 1169; x_wconf 82' lang='lat' dir='ltr'>S.</span> <span class='ocrx_word' id='word_1_507' title='bbox 1235 1142 1311 1169; x_wconf 79' lang='lat' dir='ltr'>Joan.</span> <span class='ocrx_word' id='word_1_508' title='bbox 1324 1140 1463 1178; x_wconf 73' lang='lat' dir='ltr'>Baptistae,</span> <span class='ocrx_word' id='word_1_509' title='bbox 1478 1147 1496 1167; x_wconf 90' lang='lat' dir='ltr'>t.</span> <span class='ocrx_word' id='word_1_510' title='bbox 1508 1142 1525 1169; x_wconf 89' lang='grc'>8</span> <span class='ocrx_word' id='word_1_511' title='bbox 1547 1141 1577 1167; x_wconf 84' lang='lat' dir='ltr'>in</span> <span class='ocrx_word' id='word_1_512' title='bbox 1590 1140 1710 1177; x_wconf 81' lang='lat' dir='ltr'>Spurii5‚</span> <span class='ocrx_word' id='word_1_513' title='bbox 1721 1151 1748 1178; x_wconf 85' lang='lat' dir='ltr'>p.</span> <span class='ocrx_word' id='word_1_514' title='bbox 1768 1143 1794 1169; x_wconf 89' lang='lat'>1.</span> 
     </span>
    </p>

    <p class='ocr_par' dir='ltr' id='par_1_38' title="bbox 1054 1185 1794 1270">
     <span class='ocr_line' id='line_1_73' title="bbox 1094 1185 1794 1221; baseline -0.003 -6"><span class='ocrx_word' id='word_1_515' title='bbox 1094 1187 1182 1215; x_wconf 85' lang='grc' dir='ltr'>Πάλιν</span> <span class='ocrx_word' id='word_1_516' title='bbox 1199 1185 1329 1220; x_wconf 76' lang='grc' dir='ltr'>Ἰουδαϊκὴ</span> <span class='ocrx_word' id='word_1_517' title='bbox 1343 1187 1424 1213; x_wconf 84' lang='grc' dir='ltr'>κακία</span> <span class='ocrx_word' id='word_1_518' title='bbox 1437 1185 1504 1213; x_wconf 81' lang='grc' dir='ltr'>κατὰ</span> <span class='ocrx_word' id='word_1_519' title='bbox 1517 1188 1571 1221; x_wconf 77' lang='grc' dir='ltr'>τῆς,</span> <span class='ocrx_word' id='word_1_520' title='bbox 1581 1186 1678 1213; x_wconf 80' lang='lat' dir='ltr'>Contra</span> <span class='ocrx_word' id='word_1_521' title='bbox 1687 1185 1794 1215; x_wconf 86' lang='lat' dir='ltr'>Judaeos</span> 
     </span>
     <span class='ocr_line' id='line_1_74' title="bbox 1054 1232 1690 1270; baseline 0.002 -10"><span class='ocrx_word' id='word_1_522' title='bbox 1054 1239 1079 1260; x_wconf 85' lang='lat' dir='ltr'>et</span> <span class='ocrx_word' id='word_1_523' title='bbox 1092 1233 1200 1261; x_wconf 76' lang='lat' dir='ltr'>Graecos</span> <span class='ocrx_word' id='word_1_524' title='bbox 1212 1239 1237 1259; x_wconf 85' lang='lat' dir='ltr'>et</span> <span class='ocrx_word' id='word_1_525' title='bbox 1252 1232 1391 1260; x_wconf 77' lang='lat' dir='ltr'>haereticos</span> <span class='ocrx_word' id='word_1_526' title='bbox 1401 1254 1408 1266; x_wconf 93' lang='lat'>‚</span> <span class='ocrx_word' id='word_1_527' title='bbox 1419 1234 1518 1270; x_wconf 81' lang='lat' dir='ltr'>spuria</span> <span class='ocrx_word' id='word_1_528' title='bbox 1532 1239 1560 1260; x_wconf 79' lang='lat' dir='ltr'>et</span> <span class='ocrx_word' id='word_1_529' title='bbox 1573 1233 1690 1261; x_wconf 76' lang='lat' dir='ltr'>omissa.</span> 
     </span>
    </p>

    <p class='ocr_par' dir='ltr' id='par_1_39' title="bbox 1055 1277 1796 1362">
     <span class='ocr_line' id='line_1_75' title="bbox 1094 1277 1796 1316; baseline 0 -11"><span class='ocrx_word' id='word_1_530' title='bbox 1094 1277 1179 1306; x_wconf 81' lang='grc' dir='ltr'>Πάλιν</span> <span class='ocrx_word' id='word_1_531' title='bbox 1193 1277 1366 1316; x_wconf 80' lang='grc' dir='ltr'>ἱπποδρομίαι</span> <span class='ocrx_word' id='word_1_532' title='bbox 1383 1277 1427 1305; x_wconf 80' lang='grc' dir='ltr'>καὶ</span> <span class='ocrx_word' id='word_1_533' title='bbox 1439 1278 1518 1305; x_wconf 85' lang='grc' dir='ltr'>πάλιν</span> <span class='ocrx_word' id='word_1_534' title='bbox 1534 1280 1547 1305; x_wconf 84' lang='grc' dir='ltr'>ὁ</span> <span class='ocrx_word' id='word_1_535' title='bbox 1563 1277 1698 1315; x_wconf 82' lang='grc' dir='ltr'>σύλλογος,</span> <span class='ocrx_word' id='word_1_536' title='bbox 1708 1277 1734 1306; x_wconf 83' lang='grc' dir='ltr'>ἰι]</span> <span class='ocrx_word' id='word_1_537' title='bbox 1752 1288 1796 1306; x_wconf 86' lang='lat' dir='ltr'>eos</span> 
     </span>
     <span class='ocr_line' id='line_1_76' title="bbox 1055 1323 1570 1362; baseline -0.002 -11"><span class='ocrx_word' id='word_1_538' title='bbox 1055 1323 1102 1362; x_wconf 85' lang='lat' dir='ltr'>qni</span> <span class='ocrx_word' id='word_1_539' title='bbox 1119 1323 1152 1351; x_wconf 81' lang='lat' dir='ltr'>ad</span> <span class='ocrx_word' id='word_1_540' title='bbox 1168 1323 1294 1361; x_wconf 75' lang='lat' dir='ltr'>synaxin,</span> <span class='ocrx_word' id='word_1_541' title='bbox 1307 1329 1369 1357; x_wconf 60' lang='lat' dir='ltr'>etr„</span> <span class='ocrx_word' id='word_1_542' title='bbox 1381 1329 1401 1350; x_wconf 88' lang='lat' dir='ltr'>t.</span> <span class='ocrx_word' id='word_1_543' title='bbox 1419 1326 1444 1352; x_wconf 76' lang='lat'>1.</span> <span class='ocrx_word' id='word_1_544' title='bbox 1462 1333 1490 1361; x_wconf 80' lang='lat' dir='ltr'>p.</span> <span class='ocrx_word' id='word_1_545' title='bbox 1503 1325 1570 1353; x_wconf 83' lang='lat'>501.</span> 
     </span>
    </p>

    <p class='ocr_par' dir='ltr' id='par_1_40' title="bbox 1056 1368 1796 1454">
     <span class='ocr_line' id='line_1_77' title="bbox 1095 1368 1796 1409; baseline -0.001 -12"><span class='ocrx_word' id='word_1_546' title='bbox 1095 1369 1181 1398; x_wconf 86' lang='grc' dir='ltr'>Πάλιν</span> <span class='ocrx_word' id='word_1_547' title='bbox 1191 1368 1280 1408; x_wconf 78' lang='grc' dir='ltr'>καιρὸς</span> <span class='ocrx_word' id='word_1_548' title='bbox 1293 1370 1393 1408; x_wconf 73' lang='grc' dir='ltr'>ἑορτῆς,</span> <span class='ocrx_word' id='word_1_549' title='bbox 1410 1368 1489 1397; x_wconf 83' lang='grc' dir='ltr'>πάλιν</span> <span class='ocrx_word' id='word_1_550' title='bbox 1499 1370 1608 1409; x_wconf 77' lang='grc' dir='ltr'>τρυφῆς,</span> <span class='ocrx_word' id='word_1_551' title='bbox 1616 1368 1642 1397; x_wconf 93' lang='lat' dir='ltr'>in</span> <span class='ocrx_word' id='word_1_552' title='bbox 1651 1370 1796 1408; x_wconf 73' lang='lat' dir='ltr'>Martyres,</span> 
     </span>
     <span class='ocr_line' id='line_1_78' title="bbox 1056 1417 1406 1454; baseline -0.003 -10"><span class='ocrx_word' id='word_1_553' title='bbox 1056 1418 1154 1454; x_wconf 80' lang='lat' dir='ltr'>spuria</span> <span class='ocrx_word' id='word_1_554' title='bbox 1166 1421 1192 1443; x_wconf 83' lang='lat' dir='ltr'>et</span> <span class='ocrx_word' id='word_1_555' title='bbox 1201 1417 1406 1453; x_wconf 80' lang='lat' dir='ltr'>proetermis.:a.</span> 
     </span>
    </p>

    <p class='ocr_par' dir='ltr' id='par_1_41' title="bbox 1056 1460 1796 1546">
     <span class='ocr_line' id='line_1_79' title="bbox 1097 1460 1796 1500; baseline 0 -11"><span class='ocrx_word' id='word_1_556' title='bbox 1097 1462 1183 1490; x_wconf 82' lang='grc' dir='ltr'>Πάλιν</span> <span class='ocrx_word' id='word_1_557' title='bbox 1195 1461 1334 1499; x_wconf 77' lang='grc' dir='ltr'>μαρτύρων</span> <span class='ocrx_word' id='word_1_558' title='bbox 1347 1461 1437 1499; x_wconf 82' lang='grc' dir='ltr'>μνήμη</span> <span class='ocrx_word' id='word_1_559' title='bbox 1453 1461 1497 1490; x_wconf 74' lang='grc' dir='ltr'>καὶ</span> <span class='ocrx_word' id='word_1_560' title='bbox 1517 1460 1596 1489; x_wconf 82' lang='grc' dir='ltr'>πάλιν</span> <span class='ocrx_word' id='word_1_561' title='bbox 1616 1461 1708 1500; x_wconf 78' lang='grc' dir='ltr'>ἑορτή,</span> <span class='ocrx_word' id='word_1_562' title='bbox 1725 1461 1753 1489; x_wconf 85' lang='lat' dir='ltr'>in</span> <span class='ocrx_word' id='word_1_563' title='bbox 1768 1461 1796 1490; x_wconf 86' lang='lat' dir='ltr'>S.</span> 
     </span>
     <span class='ocr_line' id='line_1_80' title="bbox 1056 1507 1702 1546; baseline 0.002 -11"><span class='ocrx_word' id='word_1_564' title='bbox 1056 1508 1206 1535; x_wconf 85' lang='lat' dir='ltr'>Romanum</span> <span class='ocrx_word' id='word_1_565' title='bbox 1219 1513 1364 1545; x_wconf 80' lang='lat' dir='ltr'>martyrem</span> <span class='ocrx_word' id='word_1_566' title='bbox 1378 1507 1456 1534; x_wconf 89' lang='lat' dir='ltr'>Hom.</span> <span class='ocrx_word' id='word_1_567' title='bbox 1470 1510 1495 1536; x_wconf 95' lang='lat'>1.</span> <span class='ocrx_word' id='word_1_568' title='bbox 1509 1514 1530 1535; x_wconf 86' lang='lat' dir='ltr'>t.</span> <span class='ocrx_word' id='word_1_569' title='bbox 1547 1510 1574 1536; x_wconf 87' lang='lat'>2.</span> <span class='ocrx_word' id='word_1_570' title='bbox 1592 1512 1620 1546; x_wconf 80' lang='lat' dir='ltr'>p.</span> <span class='ocrx_word' id='word_1_571' title='bbox 1634 1508 1702 1536; x_wconf 90' lang='lat'>611.</span> 
     </span>
    </p>

    <p class='ocr_par' dir='ltr' id='par_1_42' title="bbox 1057 1553 1798 1638">
     <span class='ocr_line' id='line_1_81' title="bbox 1098 1553 1798 1592; baseline 0.003 -12"><span class='ocrx_word' id='word_1_572' title='bbox 1098 1553 1186 1581; x_wconf 85' lang='grc' dir='ltr'>Πάλιν</span> <span class='ocrx_word' id='word_1_573' title='bbox 1203 1553 1341 1592; x_wconf 80' lang='grc' dir='ltr'>μαρτύρων</span> <span class='ocrx_word' id='word_1_574' title='bbox 1357 1553 1460 1591; x_wconf 83' lang='grc' dir='ltr'>μνήμη,</span> <span class='ocrx_word' id='word_1_575' title='bbox 1472 1553 1552 1581; x_wconf 86' lang='grc' dir='ltr'>πάλιν</span> <span class='ocrx_word' id='word_1_576' title='bbox 1563 1553 1687 1589; x_wconf 70' lang='grc' dir='ltr'>εὗσεὸῶν,</span> <span class='ocrx_word' id='word_1_577' title='bbox 1699 1553 1726 1582; x_wconf 88' lang='lat' dir='ltr'>in</span> <span class='ocrx_word' id='word_1_578' title='bbox 1740 1564 1798 1582; x_wconf 88' lang='lat' dir='ltr'>me-</span> 
     </span>
     <span class='ocr_line' id='line_1_82' title="bbox 1057 1599 1677 1638; baseline 0.002 -12"><span class='ocrx_word' id='word_1_579' title='bbox 1057 1599 1170 1627; x_wconf 79' lang='lat' dir='ltr'>moriam</span> <span class='ocrx_word' id='word_1_580' title='bbox 1185 1600 1350 1637; x_wconf 81' lang='lat' dir='ltr'>Martyrum,</span> <span class='ocrx_word' id='word_1_581' title='bbox 1362 1601 1471 1638; x_wconf 79' lang='lat' dir='ltr'>spuria,</span> <span class='ocrx_word' id='word_1_582' title='bbox 1486 1605 1505 1626; x_wconf 86' lang='lat' dir='ltr'>t.</span> <span class='ocrx_word' id='word_1_583' title='bbox 1521 1601 1548 1629; x_wconf 91' lang='lat'>3.</span> <span class='ocrx_word' id='word_1_584' title='bbox 1569 1609 1595 1637; x_wconf 89' lang='lat' dir='ltr'>p.</span> <span class='ocrx_word' id='word_1_585' title='bbox 1609 1601 1677 1629; x_wconf 87' lang='lat'>811.</span> 
     </span>
    </p>

    <p class='ocr_par' dir='ltr' id='par_1_43' title="bbox 1055 1644 1801 1730">
     <span class='ocr_line' id='line_1_83' title="bbox 1098 1644 1801 1685; baseline 0.001 -12"><span class='ocrx_word' id='word_1_586' title='bbox 1098 1645 1184 1673; x_wconf 73' lang='grc' dir='ltr'>Πάλιν</span> <span class='ocrx_word' id='word_1_587' title='bbox 1198 1645 1320 1679; x_wconf 80' lang='grc' dir='ltr'>νηστείας</span> <span class='ocrx_word' id='word_1_588' title='bbox 1336 1645 1425 1684; x_wconf 82' lang='grc' dir='ltr'>καιρὸς</span> <span class='ocrx_word' id='word_1_589' title='bbox 1436 1667 1443 1680; x_wconf 90' lang='grc'>,</span> <span class='ocrx_word' id='word_1_590' title='bbox 1458 1644 1537 1673; x_wconf 82' lang='grc' dir='ltr'>πάλιν</span> <span class='ocrx_word' id='word_1_591' title='bbox 1554 1647 1666 1684; x_wconf 72' lang='grc' dir='ltr'>τρυφῆς,</span> <span class='ocrx_word' id='word_1_592' title='bbox 1679 1645 1713 1673; x_wconf 89' lang='lat' dir='ltr'>de</span> <span class='ocrx_word' id='word_1_593' title='bbox 1726 1646 1801 1685; x_wconf 75' lang='lat' dir='ltr'>JeJu-</span> 
     </span>
     <span class='ocr_line' id='line_1_84' title="bbox 1055 1691 1599 1730; baseline 0 -12"><span class='ocrx_word' id='word_1_594' title='bbox 1055 1691 1132 1730; x_wconf 85' lang='lat' dir='ltr'>junio</span> <span class='ocrx_word' id='word_1_595' title='bbox 1148 1691 1227 1719; x_wconf 87' lang='lat' dir='ltr'>Hom.</span> <span class='ocrx_word' id='word_1_596' title='bbox 1242 1691 1272 1723; x_wconf 89' lang='grc'>6,</span> <span class='ocrx_word' id='word_1_597' title='bbox 1287 1694 1397 1728; x_wconf 79' lang='lat' dir='ltr'>spuria,</span> <span class='ocrx_word' id='word_1_598' title='bbox 1413 1697 1432 1718; x_wconf 83' lang='lat' dir='ltr'>t.</span> <span class='ocrx_word' id='word_1_599' title='bbox 1449 1693 1476 1720; x_wconf 92' lang='lat'>9.</span> <span class='ocrx_word' id='word_1_600' title='bbox 1489 1701 1516 1729; x_wconf 91' lang='lat' dir='ltr'>p.</span> <span class='ocrx_word' id='word_1_601' title='bbox 1532 1693 1599 1720; x_wconf 87' lang='lat'>802.</span> 
     </span>
    </p>

    <p class='ocr_par' dir='ltr' id='par_1_44' title="bbox 1061 1731 1801 1821">
     <span class='ocr_line' id='line_1_85' title="bbox 1099 1731 1801 1776; baseline 0.004 -12"><span class='ocrx_word' id='word_1_602' title='bbox 1099 1736 1185 1764; x_wconf 84' lang='grc' dir='ltr'>Πάλιν</span> <span class='ocrx_word' id='word_1_603' title='bbox 1208 1738 1221 1764; x_wconf 81' lang='grc' dir='ltr'>ὁ</span> <span class='ocrx_word' id='word_1_604' title='bbox 1240 1736 1366 1775; x_wconf 81' lang='grc' dir='ltr'>ἡμέτερος</span> <span class='ocrx_word' id='word_1_605' title='bbox 1383 1736 1526 1771; x_wconf 57' lang='grc' dir='ltr'>Ἰωάννης,</span> <span class='ocrx_word' id='word_1_606' title='bbox 1537 1731 1558 1764; x_wconf 68' lang='grc' dir='ltr'><em>ὦ</em></span> <span class='ocrx_word' id='word_1_607' title='bbox 1574 1737 1703 1776; x_wconf 78' lang='grc' dir='ltr'>Ἐφέσιοι,</span> <span class='ocrx_word' id='word_1_608' title='bbox 1719 1737 1745 1766; x_wconf 87' lang='lat' dir='ltr'>in</span> <span class='ocrx_word' id='word_1_609' title='bbox 1772 1738 1801 1767; x_wconf 87' lang='lat' dir='ltr'>S.</span> 
     </span>
     <span class='ocr_line' id='line_1_86' title="bbox 1061 1782 1722 1821; baseline -0.002 -10"><span class='ocrx_word' id='word_1_610' title='bbox 1061 1783 1190 1811; x_wconf 82' lang='lat' dir='ltr'>Joaimem</span> <span class='ocrx_word' id='word_1_611' title='bbox 1207 1782 1389 1819; x_wconf 82' lang='lat' dir='ltr'>Tlieologum,</span> <span class='ocrx_word' id='word_1_612' title='bbox 1401 1785 1510 1819; x_wconf 78' lang='lat' dir='ltr'>spuria,</span> <span class='ocrx_word' id='word_1_613' title='bbox 1523 1789 1542 1811; x_wconf 88' lang='lat' dir='ltr'>t.</span> <span class='ocrx_word' id='word_1_614' title='bbox 1553 1786 1599 1812; x_wconf 90' lang='lat'>10.</span> <span class='ocrx_word' id='word_1_615' title='bbox 1610 1793 1638 1821; x_wconf 90' lang='lat' dir='ltr'>p.</span> <span class='ocrx_word' id='word_1_616' title='bbox 1655 1785 1722 1812; x_wconf 78' lang='lat'>772.</span> 
     </span>
    </p>

    <p class='ocr_par' dir='ltr' id='par_1_45' title="bbox 1061 1828 1803 1914">
     <span class='ocr_line' id='line_1_87' title="bbox 1101 1828 1803 1868; baseline 0.003 -12"><span class='ocrx_word' id='word_1_617' title='bbox 1101 1829 1187 1857; x_wconf 84' lang='grc' dir='ltr'>Πάλιν</span> <span class='ocrx_word' id='word_1_618' title='bbox 1209 1831 1232 1856; x_wconf 87' lang='grc' dir='ltr'>οἱ</span> <span class='ocrx_word' id='word_1_619' title='bbox 1255 1828 1361 1857; x_wconf 78' lang='grc' dir='ltr'>δείλαιοι</span> <span class='ocrx_word' id='word_1_620' title='bbox 1378 1829 1422 1857; x_wconf 79' lang='grc' dir='ltr'>καὶ</span> <span class='ocrx_word' id='word_1_621' title='bbox 1445 1829 1550 1857; x_wconf 75' lang='grc' dir='ltr'>πάντων</span> <span class='ocrx_word' id='word_1_622' title='bbox 1568 1829 1713 1868; x_wconf 79' lang='grc' dir='ltr'>ἀνθρώπων</span> <span class='ocrx_word' id='word_1_623' title='bbox 1734 1831 1803 1865; x_wconf 81' lang='grc' dir='ltr'><strong>ἀθλ.,</strong></span> 
     </span>
     <span class='ocr_line' id='line_1_88' title="bbox 1061 1874 1636 1914; baseline 0.003 -11"><span class='ocrx_word' id='word_1_624' title='bbox 1061 1883 1154 1903; x_wconf 80' lang='lat' dir='ltr'>contra</span> <span class='ocrx_word' id='word_1_625' title='bbox 1169 1874 1278 1904; x_wconf 77' lang='lat' dir='ltr'>Judaeos</span> <span class='ocrx_word' id='word_1_626' title='bbox 1293 1875 1388 1903; x_wconf 75' lang='lat' dir='ltr'>Sermo</span> <span class='ocrx_word' id='word_1_627' title='bbox 1400 1875 1429 1903; x_wconf 88' lang='lat'>4.</span> <span class='ocrx_word' id='word_1_628' title='bbox 1444 1881 1463 1905; x_wconf 83' lang='lat' dir='ltr'>t.</span> <span class='ocrx_word' id='word_1_629' title='bbox 1482 1879 1506 1904; x_wconf 93' lang='lat' dir='ltr'>l.</span> <span class='ocrx_word' id='word_1_630' title='bbox 1525 1886 1553 1914; x_wconf 88' lang='lat' dir='ltr'>p.</span> <span class='ocrx_word' id='word_1_631' title='bbox 1568 1876 1636 1905; x_wconf 87' lang='lat'>616.</span> 
     </span>
    </p>

    <p class='ocr_par' dir='ltr' id='par_1_46' title="bbox 1063 1920 1804 2005">
     <span class='ocr_line' id='line_1_89' title="bbox 1101 1920 1804 1959; baseline 0.001 -11"><span class='ocrx_word' id='word_1_632' title='bbox 1101 1920 1188 1949; x_wconf 83' lang='grc' dir='ltr'>Πάλιν</span> <span class='ocrx_word' id='word_1_633' title='bbox 1210 1922 1234 1949; x_wconf 83' lang='grc' dir='ltr'>οἷ</span> <span class='ocrx_word' id='word_1_634' title='bbox 1255 1921 1348 1949; x_wconf 84' lang='grc' dir='ltr'>κόλποι</span> <span class='ocrx_word' id='word_1_635' title='bbox 1373 1922 1486 1959; x_wconf 76' lang='grc' dir='ltr'>Χριστοῦ</span> <span class='ocrx_word' id='word_1_636' title='bbox 1509 1921 1641 1949; x_wconf 78' lang='grc' dir='ltr'>ἄπαυστον</span> <span class='ocrx_word' id='word_1_637' title='bbox 1655 1943 1662 1954; x_wconf 88' lang='grc'>,</span> <span class='ocrx_word' id='word_1_638' title='bbox 1678 1920 1706 1949; x_wconf 82' lang='lat' dir='ltr'>in</span> <span class='ocrx_word' id='word_1_639' title='bbox 1729 1921 1804 1949; x_wconf 86' lang='lat' dir='ltr'>Dra-</span> 
     </span>
     <span class='ocr_line' id='line_1_90' title="bbox 1063 1967 1610 2005; baseline 0.004 -11"><span class='ocrx_word' id='word_1_640' title='bbox 1063 1967 1182 2004; x_wconf 71' lang='lat' dir='ltr'>climam‚</span> <span class='ocrx_word' id='word_1_641' title='bbox 1198 1973 1262 1999; x_wconf 58' lang='lat' dir='ltr'>eto,</span> <span class='ocrx_word' id='word_1_642' title='bbox 1278 1968 1388 2005; x_wconf 78' lang='lat' dir='ltr'>spuria,</span> <span class='ocrx_word' id='word_1_643' title='bbox 1405 1973 1423 1994; x_wconf 93' lang='lat' dir='ltr'>t.</span> <span class='ocrx_word' id='word_1_644' title='bbox 1442 1969 1486 1995; x_wconf 90' lang='lat'>10.</span> <span class='ocrx_word' id='word_1_645' title='bbox 1501 1977 1528 2005; x_wconf 85' lang='lat' dir='ltr'>p.</span> <span class='ocrx_word' id='word_1_646' title='bbox 1543 1968 1610 1996; x_wconf 82' lang='lat'>838.</span> 
     </span>
    </p>

    <p class='ocr_par' dir='ltr' id='par_1_47' title="bbox 1064 2012 1805 2095">
     <span class='ocr_line' id='line_1_91' title="bbox 1102 2012 1805 2051; baseline -0.003 -10"><span class='ocrx_word' id='word_1_647' title='bbox 1102 2012 1188 2041; x_wconf 81' lang='grc' dir='ltr'>Πάλιν</span> <span class='ocrx_word' id='word_1_648' title='bbox 1204 2012 1307 2044; x_wconf 80' lang='grc' dir='ltr'>ὁτάλας</span> <span class='ocrx_word' id='word_1_649' title='bbox 1318 2012 1368 2051; x_wconf 74' lang='grc' dir='ltr'>ἐγὼ</span> <span class='ocrx_word' id='word_1_650' title='bbox 1383 2012 1426 2040; x_wconf 74' lang='grc' dir='ltr'>τὸν</span> <span class='ocrx_word' id='word_1_651' title='bbox 1441 2015 1497 2041; x_wconf 74' lang='grc' dir='ltr'>νοῦν</span> <span class='ocrx_word' id='word_1_652' title='bbox 1511 2012 1553 2041; x_wconf 78' lang='grc' dir='ltr'>ἐπὶ</span> <span class='ocrx_word' id='word_1_653' title='bbox 1569 2012 1627 2047; x_wconf 86' lang='grc' dir='ltr'>τόν,</span> <span class='ocrx_word' id='word_1_654' title='bbox 1648 2012 1675 2040; x_wconf 87' lang='lat' dir='ltr'>in</span> <span class='ocrx_word' id='word_1_655' title='bbox 1692 2012 1805 2040; x_wconf 83' lang='lat' dir='ltr'>Infanti-</span> 
     </span>
     <span class='ocr_line' id='line_1_92' title="bbox 1064 2058 1583 2095; baseline 0 -8"><span class='ocrx_word' id='word_1_656' title='bbox 1064 2058 1163 2087; x_wconf 83' lang='lat' dir='ltr'>cidium</span> <span class='ocrx_word' id='word_1_657' title='bbox 1180 2058 1302 2093; x_wconf 85' lang='lat' dir='ltr'>Herodis,</span> <span class='ocrx_word' id='word_1_658' title='bbox 1319 2060 1416 2095; x_wconf 70' lang='lat' dir='ltr'>spuria</span> <span class='ocrx_word' id='word_1_659' title='bbox 1428 2065 1453 2086; x_wconf 80' lang='lat' dir='ltr'>el</span> <span class='ocrx_word' id='word_1_660' title='bbox 1466 2060 1583 2087; x_wconf 78' lang='lat' dir='ltr'>omissa.</span> 
     </span>
    </p>

    <p class='ocr_par' dir='ltr' id='par_1_48' title="bbox 1065 2103 1805 2188">
     <span class='ocr_line' id='line_1_93' title="bbox 1104 2103 1805 2144; baseline -0.003 -10"><span class='ocrx_word' id='word_1_661' title='bbox 1104 2105 1188 2134; x_wconf 74' lang='grc' dir='ltr'>Πάλιν</span> <span class='ocrx_word' id='word_1_662' title='bbox 1198 2105 1350 2144; x_wconf 82' lang='grc' dir='ltr'>παραίνεσις</span> <span class='ocrx_word' id='word_1_663' title='bbox 1359 2104 1403 2132; x_wconf 78' lang='grc' dir='ltr'>καὶ</span> <span class='ocrx_word' id='word_1_664' title='bbox 1415 2103 1479 2142; x_wconf 71' lang='grc' dir='ltr'>εὐχὴ</span> <span class='ocrx_word' id='word_1_665' title='bbox 1489 2104 1555 2140; x_wconf 76' lang='grc' dir='ltr'>μετὰ</span> <span class='ocrx_word' id='word_1_666' title='bbox 1566 2104 1612 2139; x_wconf 87' lang='grc' dir='ltr'>τὴν</span> <span class='ocrx_word' id='word_1_667' title='bbox 1625 2116 1700 2142; x_wconf 84' lang='grc' dir='ltr'>παρ.,</span> <span class='ocrx_word' id='word_1_668' title='bbox 1712 2104 1739 2132; x_wconf 85' lang='lat' dir='ltr'>in</span> <span class='ocrx_word' id='word_1_669' title='bbox 1750 2103 1805 2142; x_wconf 88' lang='lat' dir='ltr'>Ep.</span> 
     </span>
     <span class='ocr_line' id='line_1_94' title="bbox 1065 2150 1561 2188; baseline 0 -9"><span class='ocrx_word' id='word_1_670' title='bbox 1065 2152 1099 2180; x_wconf 84' lang='lat' dir='ltr'>ad</span> <span class='ocrx_word' id='word_1_671' title='bbox 1117 2153 1194 2180; x_wconf 79' lang='lat' dir='ltr'>Rom.</span> <span class='ocrx_word' id='word_1_672' title='bbox 1209 2151 1290 2179; x_wconf 86' lang='lat' dir='ltr'>Hom.</span> <span class='ocrx_word' id='word_1_673' title='bbox 1309 2153 1391 2180; x_wconf 60' lang='lat'>321.</span> <span class='ocrx_word' id='word_1_674' title='bbox 1407 2152 1434 2179; x_wconf 90' lang='lat'>9.</span> <span class='ocrx_word' id='word_1_675' title='bbox 1451 2161 1477 2188; x_wconf 90' lang='lat' dir='ltr'>p.</span> <span class='ocrx_word' id='word_1_676' title='bbox 1494 2150 1561 2179; x_wconf 74' lang='lat'>754.</span> 
     </span>
    </p>

    <p class='ocr_par' dir='ltr' id='par_1_49' title="bbox 1066 2194 1809 2281">
     <span class='ocr_line' id='line_1_95' title="bbox 1106 2194 1809 2236; baseline -0.001 -11"><span class='ocrx_word' id='word_1_677' title='bbox 1106 2197 1190 2225; x_wconf 79' lang='grc' dir='ltr'>Πάλιν</span> <span class='ocrx_word' id='word_1_678' title='bbox 1202 2197 1261 2236; x_wconf 77' lang='grc' dir='ltr'>περὶ</span> <span class='ocrx_word' id='word_1_679' title='bbox 1275 2199 1320 2230; x_wconf 77' lang='grc' dir='ltr'>τῆς</span> <span class='ocrx_word' id='word_1_680' title='bbox 1334 2199 1379 2224; x_wconf 72' lang='grc' dir='ltr'>τοῦ</span> <span class='ocrx_word' id='word_1_681' title='bbox 1395 2197 1510 2234; x_wconf 72' lang='grc' dir='ltr'>Χριστοῦ</span> <span class='ocrx_word' id='word_1_682' title='bbox 1529 2194 1684 2233; x_wconf 75' lang='grc' dir='ltr'>κηδεμονίας</span> <span class='ocrx_word' id='word_1_683' title='bbox 1693 2195 1809 2230; x_wconf 75' lang='grc' dir='ltr'>διαλ.,ἰῐ1</span> 
     </span>
     <span class='ocr_line' id='line_1_96' title="bbox 1066 2240 1609 2281; baseline -0.006 -11"><span class='ocrx_word' id='word_1_684' title='bbox 1066 2242 1119 2281; x_wconf 78' lang='lat' dir='ltr'>Ep.</span> <span class='ocrx_word' id='word_1_685' title='bbox 1132 2242 1167 2270; x_wconf 80' lang='lat' dir='ltr'>ad</span> <span class='ocrx_word' id='word_1_686' title='bbox 1182 2243 1259 2270; x_wconf 87' lang='lat' dir='ltr'>Rom.</span> <span class='ocrx_word' id='word_1_687' title='bbox 1272 2242 1350 2270; x_wconf 87' lang='lat' dir='ltr'>Hom.</span> <span class='ocrx_word' id='word_1_688' title='bbox 1364 2244 1410 2270; x_wconf 74' lang='lat'>28.</span> <span class='ocrx_word' id='word_1_689' title='bbox 1426 2248 1444 2269; x_wconf 93' lang='lat' dir='ltr'>t.</span> <span class='ocrx_word' id='word_1_690' title='bbox 1459 2243 1488 2270; x_wconf 86' lang='lat'>9.</span> <span class='ocrx_word' id='word_1_691' title='bbox 1503 2251 1530 2279; x_wconf 85' lang='lat' dir='ltr'>p.</span> <span class='ocrx_word' id='word_1_692' title='bbox 1543 2240 1609 2269; x_wconf 75' lang='lat'>7:24.</span> 
     </span>
    </p>

    <p class='ocr_par' dir='ltr' id='par_1_50' title="bbox 1067 2284 1810 2370">
     <span class='ocr_line' id='line_1_97' title="bbox 1107 2284 1810 2326; baseline -0.006 -10"><span class='ocrx_word' id='word_1_693' title='bbox 1107 2288 1191 2316; x_wconf 83' lang='grc' dir='ltr'>Πάλιν</span> <span class='ocrx_word' id='word_1_694' title='bbox 1205 2288 1236 2316; x_wconf 83' lang='grc' dir='ltr'>τὰ</span> <span class='ocrx_word' id='word_1_695' title='bbox 1247 2288 1361 2326; x_wconf 78' lang='grc' dir='ltr'>σήμερον</span> <span class='ocrx_word' id='word_1_696' title='bbox 1375 2287 1574 2324; x_wconf 78' lang='grc' dir='ltr'>ἀναγνωσθέντα</span> <span class='ocrx_word' id='word_1_697' title='bbox 1588 2284 1631 2314; x_wconf 73' lang='grc' dir='ltr'>ἐπὶ</span> <span class='ocrx_word' id='word_1_698' title='bbox 1641 2284 1688 2320; x_wconf 81' lang='grc' dir='ltr'>τήν</span> <span class='ocrx_word' id='word_1_699' title='bbox 1697 2284 1740 2321; x_wconf 88' lang='lat' dir='ltr'>‚in</span> <span class='ocrx_word' id='word_1_700' title='bbox 1753 2285 1810 2313; x_wconf 89' lang='lat' dir='ltr'>Ge-</span> 
     </span>
     <span class='ocr_line' id='line_1_98' title="bbox 1067 2332 1499 2370; baseline -0.005 -8"><span class='ocrx_word' id='word_1_701' title='bbox 1067 2336 1150 2363; x_wconf 71' lang='lat' dir='ltr'>nesim</span> <span class='ocrx_word' id='word_1_702' title='bbox 1165 2334 1244 2362; x_wconf 85' lang='lat' dir='ltr'>Hom.</span> <span class='ocrx_word' id='word_1_703' title='bbox 1261 2335 1306 2362; x_wconf 73' lang='lat'>38.</span> <span class='ocrx_word' id='word_1_704' title='bbox 1323 2340 1339 2360; x_wconf 81' lang='lat' dir='ltr'>t.</span> <span class='ocrx_word' id='word_1_705' title='bbox 1355 2332 1381 2361; x_wconf 91' lang='lat'>4.</span> <span class='ocrx_word' id='word_1_706' title='bbox 1394 2343 1419 2370; x_wconf 85' lang='lat' dir='ltr'>p.</span> <span class='ocrx_word' id='word_1_707' title='bbox 1432 2334 1499 2362; x_wconf 78' lang='lat'>382.</span> 
     </span>
    </p>

    <p class='ocr_par' dir='ltr' id='par_1_51' title="bbox 1070 2376 1809 2464">
     <span class='ocr_line' id='line_1_99' title="bbox 1108 2376 1809 2417; baseline -0.006 -9"><span class='ocrx_word' id='word_1_708' title='bbox 1108 2380 1193 2408; x_wconf 71' lang='grc' dir='ltr'>Πάλιν</span> <span class='ocrx_word' id='word_1_709' title='bbox 1216 2379 1262 2412; x_wconf 74' lang='grc' dir='ltr'>τὰς</span> <span class='ocrx_word' id='word_1_710' title='bbox 1285 2378 1331 2416; x_wconf 82' lang='grc' dir='ltr'>μὲν</span> <span class='ocrx_word' id='word_1_711' title='bbox 1349 2378 1445 2417; x_wconf 83' lang='grc' dir='ltr'>μικρὰς</span> <span class='ocrx_word' id='word_1_712' title='bbox 1468 2376 1663 2415; x_wconf 77' lang='grc' dir='ltr'>παρατρέχουσι</span> <span class='ocrx_word' id='word_1_713' title='bbox 1686 2377 1746 2405; x_wconf 81' lang='grc' dir='ltr'>πολ.</span> <span class='ocrx_word' id='word_1_714' title='bbox 1757 2399 1764 2413; x_wconf 83' lang='grc'>,</span> <span class='ocrx_word' id='word_1_715' title='bbox 1782 2376 1809 2404; x_wconf 89' lang='lat' dir='ltr'>in</span> 
     </span>
     <span class='ocr_line' id='line_1_100' title="bbox 1070 2425 1613 2464; baseline -0.007 -10"><span class='ocrx_word' id='word_1_716' title='bbox 1070 2429 1133 2454; x_wconf 67' lang='lat' dir='ltr'>Arta</span> <span class='ocrx_word' id='word_1_717' title='bbox 1152 2429 1247 2464; x_wconf 71' lang='lat' dir='ltr'>Apost.</span> <span class='ocrx_word' id='word_1_718' title='bbox 1266 2425 1344 2452; x_wconf 90' lang='lat' dir='ltr'>Hom.</span> <span class='ocrx_word' id='word_1_719' title='bbox 1359 2426 1407 2453; x_wconf 86' lang='lat'>37.</span> <span class='ocrx_word' id='word_1_720' title='bbox 1422 2431 1442 2451; x_wconf 89' lang='lat' dir='ltr'>t.</span> <span class='ocrx_word' id='word_1_721' title='bbox 1455 2425 1484 2452; x_wconf 89' lang='lat'>9.</span> <span class='ocrx_word' id='word_1_722' title='bbox 1502 2434 1528 2462; x_wconf 88' lang='lat' dir='ltr'>p.</span> <span class='ocrx_word' id='word_1_723' title='bbox 1544 2425 1613 2452; x_wconf 73' lang='lat'>280.</span> 
     </span>
    </p>

    <p class='ocr_par' dir='ltr' id='par_1_52' title="bbox 1070 2468 1806 2555">
     <span class='ocr_line' id='line_1_101' title="bbox 1110 2468 1806 2510; baseline -0.006 -10"><span class='ocrx_word' id='word_1_724' title='bbox 1110 2472 1194 2500; x_wconf 79' lang='grc' dir='ltr'>Πάλιν</span> <span class='ocrx_word' id='word_1_725' title='bbox 1218 2471 1251 2500; x_wconf 78' lang='grc' dir='ltr'>τὰ</span> <span class='ocrx_word' id='word_1_726' title='bbox 1278 2470 1459 2510; x_wconf 73' lang='grc' dir='ltr'>φορτικώτερα</span> <span class='ocrx_word' id='word_1_727' title='bbox 1484 2469 1572 2504; x_wconf 80' lang='grc' dir='ltr'>τίθησι</span> <span class='ocrx_word' id='word_1_728' title='bbox 1586 2468 1648 2504; x_wconf 85' lang='grc' dir='ltr'>καί,</span> <span class='ocrx_word' id='word_1_729' title='bbox 1664 2468 1690 2496; x_wconf 86' lang='lat' dir='ltr'>in</span> <span class='ocrx_word' id='word_1_730' title='bbox 1703 2468 1806 2496; x_wconf 80' lang='lat' dir='ltr'>Matth.</span> 
     </span>
     <span class='ocr_line' id='line_1_102' title="bbox 1070 2518 1413 2555; baseline -0.003 -9"><span class='ocrx_word' id='word_1_731' title='bbox 1070 2519 1148 2547; x_wconf 86' lang='lat' dir='ltr'>Hom.</span> <span class='ocrx_word' id='word_1_732' title='bbox 1165 2520 1212 2548; x_wconf 82' lang='lat'>36.</span> <span class='ocrx_word' id='word_1_733' title='bbox 1226 2524 1244 2546; x_wconf 82' lang='lat' dir='ltr'>t.</span> <span class='ocrx_word' id='word_1_734' title='bbox 1263 2519 1290 2546; x_wconf 89' lang='lat'>7.</span> <span class='ocrx_word' id='word_1_735' title='bbox 1310 2528 1335 2555; x_wconf 90' lang='lat' dir='ltr'>p.</span> <span class='ocrx_word' id='word_1_736' title='bbox 1347 2518 1413 2546; x_wconf 86' lang='lat'>397.</span> 
     </span>
    </p>

    <p class='ocr_par' dir='ltr' id='par_1_53' title="bbox 1113 2559 1809 2599">
     <span class='ocr_line' id='line_1_103' title="bbox 1113 2559 1809 2599; baseline -0.007 -6"><span class='ocrx_word' id='word_1_737' title='bbox 1113 2564 1197 2593; x_wconf 78' lang='grc' dir='ltr'>Πάλιν</span> <span class='ocrx_word' id='word_1_738' title='bbox 1222 2563 1268 2598; x_wconf 81' lang='grc' dir='ltr'>τὴν</span> <span class='ocrx_word' id='word_1_739' title='bbox 1289 2562 1374 2591; x_wconf 81' lang='grc' dir='ltr'>αἰτίαν</span> <span class='ocrx_word' id='word_1_740' title='bbox 1398 2562 1499 2597; x_wconf 80' lang='grc' dir='ltr'>τίθησιν</span> <span class='ocrx_word' id='word_1_741' title='bbox 1523 2563 1537 2590; x_wconf 83' lang='grc' dir='ltr'>ὁ</span> <span class='ocrx_word' id='word_1_742' title='bbox 1563 2560 1746 2599; x_wconf 80' lang='grc' dir='ltr'>εὖαγγελιστής</span> <span class='ocrx_word' id='word_1_743' title='bbox 1758 2582 1765 2595; x_wconf 93' lang='grc'>,</span> <span class='ocrx_word' id='word_1_744' title='bbox 1782 2559 1809 2588; x_wconf 77' lang='lat' dir='ltr'>in</span> 
     </span>
    </p>
   </div>
   <div class='ocr_carea' id='block_1_9' title="bbox 1072 2607 1529 2646">
    <p class='ocr_par' dir='ltr' id='par_1_54' title="bbox 1072 2607 1529 2646">
     <span class='ocr_line' id='line_1_104' title="bbox 1072 2607 1529 2646; baseline -0.007 -7"><span class='ocrx_word' id='word_1_745' title='bbox 1072 2611 1170 2640; x_wconf 73' lang='lat' dir='ltr'>matth.</span> <span class='ocrx_word' id='word_1_746' title='bbox 1188 2610 1266 2637; x_wconf 87' lang='lat' dir='ltr'>Hom.</span> <span class='ocrx_word' id='word_1_747' title='bbox 1281 2611 1329 2638; x_wconf 77' lang='lat'>72.</span> <span class='ocrx_word' id='word_1_748' title='bbox 1344 2615 1363 2637; x_wconf 84' lang='lat' dir='ltr'>t.</span> <span class='ocrx_word' id='word_1_749' title='bbox 1378 2610 1406 2636; x_wconf 85' lang='lat'>7.</span> <span class='ocrx_word' id='word_1_750' title='bbox 1422 2618 1447 2646; x_wconf 85' lang='lat' dir='ltr'>p.</span> <span class='ocrx_word' id='word_1_751' title='bbox 1463 2607 1529 2637; x_wconf 80' lang='lat'>694.</span> 
     </span>
    </p>
   </div>
  </div>
 </body>
</html>
