1884 2922
724 234 826 258 Innssx

123 303 258 331 Pnozmx
270 324 277 337 ,
300 299 458 340 Amyntoris
478 298 554 328 filius
567 320 574 334 ,
598 297 712 327 Achiuis
725 307 823 337 praece-

84 353 154 385 ptor.
171 353 217 375 XI.
234 350 299 374 827.
316 345 391 375 Vide
409 350 518 372 notam.

123 395 315 422 Pnonrosmx
328 417 335 431 ,
349 394 459 432 quinam
476 392 540 420 sint.
555 398 601 420 VI.
614 395 678 419 229.
694 401 722 418 Α.

120 443 274 471 ΦΩΣΣᾹΤΟΧ
290 465 297 478 ,
309 443 461 481 fossatum,
474 450 529 468 vox
541 438 676 467 militaris.
691 444 737 466 XI.
755 441 821 465 205.

122 492 242 521 Pnortst
267 490 372 519 haeresis
391 499 522 527 qurcnam.
555 495 600 518 XI.
627 492 690 516 270.
716 497 744 514 n.
763 492 821 514 XII.

84 541 148 565 127.
178 536 322 564 photinum
343 533 489 573 prosternit
506 532 618 561 Paulus.
646 537 693 560 XI.
713 534 777 558 270.
793 540 821 558 A.

86 580 217 609 Photinus
232 579 384 608 damnatur.
407 584 464 606 XII.
484 581 527 605 19.
545 586 571 607 Β.
589 580 635 604 20.
655 585 683 603 D.
702 574 825 602 Phocini

87 624 205 653 haeresis
218 630 379 662 exponitur.
397 628 443 649 VI.
457 624 522 650 865.
539 631 564 648 13.

130 674 333 701 PurLAc‘rnntA
358 667 424 707 quid
449 674 545 696 essent.
570 673 629 695 VII.
653 669 716 694 793.
751 671 822 693 VIII.

89 720 154 745 712.
172 726 200 743 E.

128 766 240 795 Pinus,
255 763 308 791 vita
323 773 391 802 pura
404 784 411 798 ‚
441 760 592 789 institutum
615 758 756 797 optimum.
776 764 823 786 XI.

106 810 168 836 70“.
187 818 214 836 Ε.
234 807 346 835 Pietatis
358 816 448 834 semen
461 806 587 843 lacrymae
603 803 701 841 rigant.
726 808 759 831 II.
777 805 822 829 58.

87 863 115 880 D.
135 851 164 880 Si
179 850 284 890 pietatis
296 849 374 878 radix
394 855 562 888 permaneat,
575 847 622 875 etsi
634 845 738 874 divitia:
748 844 825 872 aufe-

87 901 180 923 rantur
194 918 201 930 ,
224 901 249 922 et
277 904 373 932 corpus
393 898 600 931 corrumpatur,
620 900 709 918 omnta
733 899 826 916 rursus

87 939 165 966 nobis
178 949 240 966 cum
253 938 348 975 majori
363 937 446 975 gloria
463 936 585 965 redeunt.
610 941 644 962 II.
659 937 704 960 66.
722 942 747 961 E.
764 931 826 959 Pie-

86 981 148 1010 tatis
159 982 268 1010 obtentu
282 981 328 1018 qui
343 981 411 1008 male
427 986 568 1018 operatur,
582 976 704 1015 graviore
715 982 752 1003 est
762 985 824 1013 sup-

87 1025 168 1064 plicio
193 1025 303 1063 dignus.
329 1031 387 1053 VII.
406 1030 472 1052 798.
495 1024 583 1051 Pietas
610 1020 664 1049 sola
689 1019 826 1047 ecclesiam

87 1068 264 1097 commendat.
279 1076 324 1098 IX.
344 1073 407 1097 251.
433 1079 458 1096 e.
486 1067 610 1095 Pietatis
624 1064 733 1104 gradus
756 1063 823 1091 duo.

89 1119 135 1141 VI.
153 1117 219 1141 933.
235 1123 259 1140 c.

127 1161 258 1189 Ptcntrtx
274 1166 385 1188 stantem
401 1158 493 1187 cadere
508 1156 580 1185 facit.
595 1163 627 1184 II.
642 1159 707 1185 331.

129 1210 182 1237 P1L
190 1219 252 1237 [τι-5
267 1220 314 1237 cur
329 1208 459 1236 visionem
473 1216 525 1233 non
541 1203 682 1237 habuerit,
700 1202 746 1231 sed
757 1213 826 1231 uxor

87 1252 156 1289 ejus.
172 1259 229 1282 VII.
251 1257 317 1281 917.
334 1262 361 1280 A.
378 1250 457 1278 Pilati
476 1248 632 1288 praetorium
644 1247 775 1274 nefarium
803 1253 824 1275 I.

87 1300 152 1324 802.
170 1296 388 1324 Commentaria
402 1295 454 1322 sub
466 1293 567 1321 Pilato
576 1292 684 1329 scripta
695 1290 825 1319 Pascha-

89 1340 125 1367 tt's
140 1346 252 1378 [empus
267 1339 418 1378 definiunt.
439 1342 510 1364 VIII.
523 1339 586 1363 968.
597 1345 625 1362 D.

128 1388 255 1416 Pmnffl
268 1386 383 1414 dictum.
398 1392 418 1413 1.
435 1389 481 1414 91.

127 1436 307 1463 Ptscsrtoms
319 1432 466 1472 spiritualis
476 1442 490 1459 a
504 1431 611 1469 vulgari
622 1431 784 1460 differentia:
799 1430 824 1458 in

87 1477 137 1506 hac
151 1477 199 1516 qui
211 1477 352 1516 capiuntur
366 1475 529 1508 educuntur,
543 1474 569 1502 in
582 1475 628 1503 illa
642 1485 706 1503 vero
719 1475 766 1512 qui
781 1484 823 1502 ca-

86 1521 206 1560 piuntur,
226 1520 381 1560 injiciuntur
394 1519 420 1546 in
432 1529 540 1555 aquam.
552 1525 584 1546 11.
601 1523 665 1547 525.
678 1529 703 1547 c.

125 1569 296 1597 Piscuonns
317 1567 425 1605 regibus
447 1565 618 1604 potentiores.
640 1573 672 1594 V.
697 1570 761 1594 217.
793 1575 820 1594 c.

86 1613 155 1641 Nam
168 1612 239 1651 leges
252 1622 345 1639 eorum
362 1621 409 1650 per
427 1611 581 1638 universum
596 1610 688 1638 orbem
710 1616 823 1638 extensae

85 1663 159 1685 sunt.
172 1663 204 1684 v.
220 1660 285 1684 217.
299 1666 328 1684 n.
341 1662 368 1683 ct
381 1654 435 1682 illis
446 1654 524 1682 ctiam
536 1654 649 1682 mortuis
661 1654 823 1682 confirmatae

85 1706 158 1730 suut.
172 1707 205 1729 V.
219 1704 283 1728 217.
299 1710 326 1727 Ε.
343 1699 508 1727 Piscatorum
524 1698 645 1736 scpulcra
665 1697 751 1735 magis
772 1698 821 1726 ho-

86 1751 214 1772 norantur
227 1754 307 1781 quam
319 1744 524 1782 Imperatorum.
535 1749 569 1770 x.
583 1746 646 1770 742.
665 1753 694 1769 n.
710 1741 823 1770 PI'scato·

85 1798 126 1816 res
151 1789 176 1816 in
196 1787 387 1816 resurrectione
411 1787 482 1826 ipsos
512 1785 688 1824 Imperatores
720 1795 824 1825 preecc-

85 1827 159 1857 dent.
180 1829 224 1856 ΙΙ).

125 1873 227 1900 Pisces.
244 1872 284 1899 De
301 1871 417 1910 piscium
439 1877 465 1899 et
479 1871 596 1898 serarum
611 1869 695 1898 variis
712 1870 823 1907 generi-

84 1914 134 1942 bus
153 1915 208 1953 agit
233 1915 449 1954 Chrysostomus.
470 1922 514 1943 III.
537 1918 600 1942 573.
621 1923 647 1941 A.
665 1914 686 1940 A
704 1912 823 1951 piscibus

85 1958 234 1986 abstinetur
245 1959 272 1986 in
287 1958 507 1997 Quadragcsima.
521 1965 554 1986 II.
569 1962 614 1985 49.
632 1968 657 1984 A.

126 2007 236 2034 Pisum]
249 2007 350 2035 Christi
360 2007 387 2035 in
400 2017 452 2044 quo
465 2006 571 2034 differat
582 2016 595 2033 a
610 2006 711 2044 piscina
726 2006 823 2045 proba-

86 2049 148 2080 tica.
161 2057 181 2080 I.
195 2055 260 2079 670.
277 2061 302 2079 c.
319 2055 384 2079 671.
400 2051 503 2078 Piscina
516 2049 652 2088 probatica
664 2060 743 2088 quam
758 2049 822 2078 insc-

85 2094 140 2122 rior
152 2094 253 2133 piscina
273 2094 410 2133 baptismi.
432 2101 464 2123 II.
485 2099 547 2122 526.
565 2094 664 2132 Figura
678 2101 718 2122 est
737 2093 823 2132 bapti-

85 2137 147 2165 smi.
162 2145 232 2166 VIII.
257 2142 320 2167 239.
342 2149 370 2166 n.
387 2139 499 2166 Piscinae
523 2147 603 2165 sacra:
625 2137 753 2176 sanguine
773 2138 822 2165 im-

83 2181 161 2218 pletae
172 2187 231 2209 sunt
247 2181 273 2209 in
283 2182 441 2220 expulsione
454 2181 648 2220 Chrysostomi.
662 2188 707 2209 III.
722 2186 820 2210 618.A.

83 2229 205 2257 Piscina
218 2230 292 2268 sons
308 2231 487 2269 baptismatis
508 2229 682 2269 appellatur.
702 2236 735 2258 ΙΙ.
755 2233 819 2258 968.

123 2272 163 2299 Pt.
171 2283 255 2300 &cent-2
270 2274 327 2302 Deo
341 2274 388 2311 qui
404 2274 473 2309 vult,
488 2273 697 2311 haudquaquam
708 2279 821 2301 sectetur

83 2316 167 2345 vitam
178 2317 285 2345 mollem
295 2328 325 2345 ac
334 2317 503 2351 dissolutam,
516 2317 563 2345 sed
578 2317 738 2346 laboriosam
752 2317 822 2345 mul-

83 2361 171 2398 tisque
183 2360 327 2389 sudoribus
338 2361 454 2399 plenam.
471 2368 492 2389 Ι.
508 2366 572 2389 919.
590 2372 616 2389 Β.

125 2402 272 2428 Primum
290 2402 376 2428 Deum
397 2400 502 2428 modus.
528 2407 559 2428 V.
576 2405 604 2427 7.
620 2411 646 2430 c.
666 2405 691 2429 8.
708 2402 767 2430 Non
785 2401 821 2429 ita

83 2454 144 2472 eum
164 2454 213 2482 per
234 2442 299 2471 alios
315 2444 455 2482 placamus
473 2450 587 2477 orantes,
608 2443 676 2472 sicu't
695 2455 741 2483 per
761 2455 822 2473 nos-

83 2487 165 2526 ipsos.
186 2493 217 2514 V.
235 2492 279 2515 10.
295 2498 322 2516 A.

123 2536 270 2563 PLAGIARII
285 2536 412 2575 pucrulos
428 2545 496 2574 saepe
509 2546 606 2574 parvos
621 2535 821 2575 praedabantur.

86 2586 118 2609 11.
140 2582 202 2607 196.
215 2589 238 2608 r.

855 233 980 258 nntium.
1545 224 1612 270 357

916 298 1063 326 Pmscrus
1076 296 1178 326 funeris
1190 306 1238 325 cur
1251 306 1363 336 magnus
1374 297 1401 325 in
1415 298 1509 328 Veteri
1522 298 1618 327 Testa-

877 347 974 370 mcnto.
990 348 1036 370 tv.
1051 346 1117 370 743.
1135 352 1162 369 c.

917 389 1010 417 PLATo
1021 389 1049 417 in
1064 388 1232 428 pbilosophis
1248 389 1427 427 praestantior.
1445 396 1491 418 IX.
1508 394 1573 420 491.
1590 400 1617 417 n.

878 433 1030 472 Opulentus
1047 439 1111 462 erat.
1127 440 1172 461 IX.
1188 438 1250 461 308.
1267 445 1291 461 A.
1308 433 1375 471 Ejus
1387 433 1469 462 fastus
1483 434 1612 472 carpitur.

879 484 924 505 IX.
937 481 999 504 482.
1016 487 1041 504 c.
1056 476 1302 516 Metempsychosin
1315 475 1437 505 docebat.
1450 484 1520 505 VIII.
1532 481 1576 505 13.
1591 487 1617 505 c.

879 521 998 549 Platonis
1010 530 1096 558 nugae.
1118 527 1164 549 tX.
1182 524 1228 547 45.
1248 530 1275 547 D.
1292 519 1358 558 Ejus
1367 520 1400 548 de
1412 523 1468 548 Deo
1479 519 1618 558 opiniones

878 574 954 601 nugae
973 570 1045 591 sunt.
1069 571 1117 592 [Χ.
1132 567 1196 591 321.
1212 573 1238 593 e.
1259 562 1333 591 Plato
1356 563 1425 591 male
1439 563 1472 591 de
1490 563 1543 591 diis
1557 573 1617 591 sen-

878 607 958 642 tiens,
972 606 1045 644 ipsos
1058 613 1146 635 tamen
1163 606 1280 635 exterius
1296 605 1409 634 colebat.
1427 613 1461 635 X.
1482 612 1529 635 70.
1547 617 1571 635 c.
1589 617 1618 636 D.

879 651 950 679 Eum
970 650 1140 689 impugnavit
1155 650 1319 678 Aristoteles.
1337 657 1384 679 IX.
1405 655 1470 679 491.
1493 661 1521 679 D.
1542 651 1618 679 Plato

879 693 993 722 multum
1008 694 1139 723 laboravit
1152 694 1222 722 circa
1239 693 1345 730 lineam,
1364 694 1494 732 angulum
1505 701 1530 722 et
1545 705 1617 734 pun-

879 744 962 765 ctum.
981 745 1014 766 X.
1032 743 1077 766 32.
1101 750 1125 767 A.
1152 738 1195 766 Ex
1217 738 1327 766 Platone
1352 738 1468 766 Socratis
1484 739 1575 768 verba.
1593 746 1615 767 I.

880 786 944 810 117.
960 793 985 810 A.
1006 782 1125 810 Platonis
1143 782 1225 809 locus.
1245 789 1265 810 t.
1284 786 1329 809 77.
1345 793 1371 810 A.
1389 781 1467 810 alius.
1487 789 1507 810 I.
1523 787 1618 811 3:34.n.

880 825 956 853 Plato
970 824 1036 854 dicit
1047 826 1212 854 divinatores
1232 832 1257 853 et
1274 831 1349 853 vates
1362 836 1452 853 eorum
1469 837 1528 864 quae
1546 826 1619 854 dice-

879 868 943 896 bant
962 868 1030 896 nihil
1049 870 1167 898 scivisse.
1186 877 1220 898 X.
1248 873 1310 897 313.
1327 879 1353 897 E.
1370 869 1437 907 Ejus
1456 870 1481 897 in
1496 869 1617 898 Siciliam

879 911 939 940 iter.
962 919 996 941 X.
1021 917 1064 940 34.
1080 924 1105 940 B.
1124 913 1189 951 Ejus
1209 912 1327 950 epistolae
1343 923 1388 951 per
1402 912 1514 941 Dionem
1530 913 1617 941 missae

879 955 1094 983 Atheniensibus.
1111 962 1167 986 VII.
1186 960 1249 984 432.
1263 956 1339 983 Plato
1357 955 1500 994 Dionysio,
1518 957 1617 985 Siciliae

879 1005 1002 1037 tyranno,
1020 999 1158 1027 celebrior.
1174 1007 1193 1027 I.
1208 1004 1254 1027 80.
1272 1010 1298 1028 c.
1315 1000 1465 1028 Ambitioni
1480 1000 1614 1029 studebat.

881 1049 950 1070 VIII.
976 1047 1020 1072 13.
1048 1054 1073 1071 n.
1098 1043 1172 1071 Licet
1187 1053 1314 1081 maguum
1330 1050 1510 1081 consequutus
1531 1043 1617 1073 hono-

879 1096 947 1122 rem,
966 1096 995 1114 co
1010 1085 1132 1114 redactus
1151 1086 1200 1114 fuit
1222 1093 1251 1114 ut
1270 1086 1350 1114 etiam
1364 1087 1533 1115 venderetur.
1556 1094 1612 1117 VII.

880 1135 944 1158 431.
962 1140 989 1158 A.
1003 1129 1121 1158 Platonis
1136 1130 1296 1159 sublimitas.
1311 1137 1329 1158 I.
1346 1135 1410 1158 503.
1428 1142 1453 1160 A.

920 1173 996 1201 Plato
1009 1183 1042 1201 an
1057 1173 1160 1201 doctior
1173 1173 1267 1202 Paulo,
1286 1180 1318 1201 X.
1334 1178 1377 1201 23.
1394 1184 1418 1201 c.
1443 1175 1532 1209 Quam
1545 1174 1616 1202 infe-

881 1216 934 1244 rior
945 1217 1083 1255 apostolis.
1109 1224 1178 1245 VIII.
1201 1221 1265 1246 435.
1282 1228 1305 1245 B.
1320 1217 1424 1245 Novam
1440 1218 1523 1246 voluit
1538 1218 1618 1246 insti-

881 1267 954 1288 tuere
965 1261 1158 1299 rempublicam
1171 1283 1178 1296 ,
1199 1260 1244 1289 sed
1256 1271 1312 1288 eam
1325 1261 1476 1289 ridiculam.
1494 1269 1552 1292 VII.
1570 1267 1616 1290 11.

881 1315 905 1332 c.
919 1311 951 1332 X.
969 1309 1013 1333 34.
1035 1315 1059 1332 Β.
1085 1306 1191 1333 Novam
1215 1305 1324 1333 vivendi
1338 1308 1465 1333 rationem
1489 1305 1614 1340 induxit,

879 1358 938 1385 quae
955 1358 1006 1376 non
1021 1348 1103 1377 stetit.
1120 1355 1139 1378 I.
1157 1353 1223 1376 770.
1241 1359 1268 1376 A.
1291 1349 1369 1376 Pueri
1391 1348 1475 1377 instar
1498 1349 1617 1388 philoso-

879 1391 989 1429 phatur.
1006 1398 1077 1421 VIII.
1092 1396 1119 1421 9.
1147 1402 1173 1419 c.
1193 1397 1235 1419 10.
1253 1391 1296 1420 Ex
1319 1402 1371 1429 quo
1401 1392 1513 1430 apostoli
1537 1403 1618 1422 venc-

879 1441 960 1468 runt,
990 1435 1150 1473 Pythagorae
1185 1435 1357 1472 Platonisque
1376 1434 1534 1474 disciplinae,
1559 1446 1618 1474 quoe

878 1477 953 1516 prius
978 1478 1098 1506 obtinere
1122 1477 1303 1514 videbantur,
1318 1478 1424 1507 silentio
1443 1479 1529 1507 missae
1543 1486 1615 1508 sunt.

878 1528 949 1550 YIII.
975 1527 1018 1550 11.
1034 1533 1060 1550 D.
1073 1522 1192 1550 Platonis
1208 1532 1282 1550 sensa
1304 1532 1355 1550 non
1379 1529 1467 1550 nostra
1488 1530 1559 1553 sunt.
1580 1530 1614 1552 Χ.

878 1570 924 1595 68.
934 1576 960 1594 Ε.
972 1566 1047 1595 Plato
1059 1566 1155 1605 turpis,
1169 1565 1312 1600 absurdus,
1328 1566 1443 1605 ineptus.
1457 1573 1488 1595 II.
1503 1571 1569 1595 657.
1586 1577 1614 1595 1).

877 1610 1066 1649 Impugnatur.
1085 1617 1156 1639 VIII.
1177 1615 1220 1640 14.
1236 1621 1259 1639 Β.
1276 1610 1350 1638 Plato
1366 1611 1464 1649 ejectus
1476 1634 1483 1648 ‚
1504 1621 1555 1640 non
1569 1622 1616 1650 per

877 1653 958 1682 alium
974 1654 1170 1693 sapientiorem,
1181 1654 1226 1682 scd
1239 1665 1287 1693 per
1302 1655 1466 1693 piscatorem.
1482 1662 1516 1684 x.
1530 1660 1575 1684 30.
1586 1666 1616 1684 D.

878 1709 901 1726 E.
916 1699 989 1727 Plato
1001 1700 1089 1728 minus
1107 1701 1214 1739 potuit,
1231 1710 1312 1737 quam
1324 1700 1432 1728 Paulus.
1445 1708 1494 1730 XI.
1510 1706 1575 1731 801.
1587 1713 1614 1729 A.

917 1744 1076 1772 Platonica
1083 1750 1255 1783 argumenta
1265 1745 1301 1772 ab
1314 1745 1454 1773 haereticis
1465 1752 1614 1783 usurpata.

878 1794 924 1816 ΙΙΙ.
937 1793 1001 1817 979.

916 1832 1043 1861 ptiust-s
1057 1831 1210 1861 auditorum
1228 1831 1418 1870 Chrysostomo
1433 1832 1613 1862 concionante.

877 1883 898 1905 I.
916 1880 979 1904 968.
1004 1886 1029 1904 C.
1055 1883 1101 1905 IV.
1117 1881 1143 1905 lt.
1172 1887 1197 1905 B.
1216 1880 1280 1904 626.
1298 1886 1324 1903 Ε.
1350 1880 1415 1904 781.
1438 1886 1463 1904 C.
1480 1882 1549 1903 VIII.
1568 1881 1613 1905 19.

877 1920 1018 1954 Quomodo
1033 1930 1076 1948 eos
1089 1919 1239 1959 excipiebat
1255 1919 1470 1957 Chrysostomus.
1488 1927 1533 1947 IX.
1547 1924 1613 1950 263.

877 1965 1041 1994 A.264.Eos
1053 1965 1150 2003 rejicit.
1165 1972 1183 1993 I.
1197 1969 1261 1993 821.
1278 1975 1304 1991 E.
1318 1971 1351 1992 II.
1366 1968 1412 1992 29.
1427 1975 1453 1992 A.
1469 1969 1515 1992 71.
1526 1975 1553 1992 A.
1566 1972 1612 1993 III.

878 2014 942 2038 189.
957 2020 982 2038 c.
999 2016 1044 2038 tv.
1066 2014 1248 2038 605.n.v11.
1266 2012 1329 2037 265.
1347 2018 1374 2036 n.
1387 2015 1420 2036 x.
1438 2012 1484 2037 37.
1498 2018 1525 2038 Α.
1540 2014 1564 2036 et
1579 2009 1614 2036 si-

877 2053 988 2081 lentium
999 2064 1080 2091 quam
1092 2053 1202 2092 plausus
1219 2051 1332 2080 mavult.
1350 2058 1370 2081 l.
1391 2056 1456 2081 894.
1468 2051 1613 2080 A.Plausus

877 2097 943 2125 nihil
959 2097 1081 2125 utilitatis
1090 2097 1214 2125 afferunt.
1228 2103 1274 2125 XI.
1293 2100 1357 2123 803.
1373 2105 1399 2123 c.
1417 2105 1446 2123 D.

916 2140 1002 2168 Pinns
1017 2140 1177 2177 ignorationi
1198 2146 1223 2167 et
1236 2139 1356 2167 stultitiae
1372 2138 1463 2166 affixa.
1482 2145 1514 2167 v.
1533 2143 1578 2167 25.
1590 2150 1613 2167 n.

876 2183 978 2212 Intimae
992 2183 1079 2222 plebis
1094 2183 1190 2221 imago.
1208 2189 1278 2211 VIII.
1295 2186 1341 2211 27.
1354 2193 1382 2209 n.

917 2228 1070 2256 sze'rnmu
1090 2227 1199 2255 caelestis
1215 2226 1328 2254 musices
1348 2225 1382 2253 sit
1408 2225 1501 2264 lingua
1524 2232 1613 2255 nostra

875 2282 994 2310 precans.
1009 2278 1041 2299 V.
1060 2276 1104 2299 15.
1120 2281 1146 2298 E.

915 2315 1085 2342 anruno
1101 2313 1201 2342 Christi
1213 2319 1250 2341 est
1265 2312 1392 2341 Ecclesia.
1405 2320 1453 2341 XI.
1468 2318 1512 2342 22.
1526 2325 1552 2342 A.
1564 2318 1610 2342 23.

875 2357 1017 2386 Plenitudo
1028 2364 1189 2396 temporum,
1202 2356 1231 2384 id
1239 2356 1470 2395 est‚dispensatio.
1486 2364 1530 2385 XI.
1545 2363 1571 2385 9.
1585 2368 1612 2386 Α.

917 2403 1078 2433 ΠΛΕΟΝΕΞιΑ
1091 2425 1098 2435 ,
1120 2401 1156 2429 rei
1172 2400 1264 2428 alicnae
1284 2400 1430 2438 usurpatio.
1459 2407 1490 2428 X.
1509 2404 1573 2430 5:39.
1587 2412 1612 2428 A.

915 2445 1025 2473 PnuvtA
1041 2445 1134 2483 ingens
1149 2454 1245 2472 messes
1262 2443 1354 2482 dejicit
1377 2444 1446 2472 circa
1460 2443 1612 2473 Constanti-

876 2488 1006 2527 nopolim.
1019 2494 1065 2516 VI.
1080 2493 1144 2518 318.
1160 2499 1182 2515 Β.

917 2538 1161 2566 PNEUMATOMACIII
1188 2535 1363 2575 blasphemiis
1389 2536 1506 2575 SPIritus
1530 2535 1614 2564 sancti

877 2587 1005 2620 appetunt
1025 2580 1187 2618 majestatem
1202 2590 1231 2608 ac
1252 2590 1361 2608 uuincn.
1378 2587 1410 2608 II.
1431 2584 1494 2608 556.
1520 2591 1543 2609 Β.
1562 2580 1614 2608 Im-
