1884 2922
274 171 343 217 370

315 246 484 274 finum-..Tio
499 243 616 283 Spiritus
627 243 708 271 sancti
721 241 787 280 quid
800 242 842 270 sit.
860 250 906 271 XI.
921 246 1011 271 8261).

276 288 410 327 quomodo
426 288 482 315 ficri
497 287 603 326 poterit.
622 293 666 314 xt.
685 290 746 314 112.
767 296 794 313 r.

319 332 508 360 Remum-mur.
530 329 654 358 omnibus
673 336 711 357 est
733 329 1016 367 lucrum.nonjactu-

279 384 318 403 ra.
337 381 394 403 VII.
415 378 477 401 550.
498 384 524 401 c.

319 418 572 445 Rnpnenmsmm
582 415 716 453 quomodo
725 415 863 446 faciendae.
876 423 906 444 v.
919 420 981 445 287.
992 426 1017 443 r..

279 461 330 488 Per
344 470 371 487 se
389 458 570 487 intolerabiles
585 465 657 493 sunt,
673 459 724 487 nisi
741 459 951 488 obsecrationem
967 458 1019 487 ad-

279 502 392 531 mixtam
406 502 531 531 habeant.
545 509 592 531 XI.
607 508 672 531 774.
687 502 774 541 AEquo
786 503 875 531 animo
892 502 1015 531 ferendae.

280 553 326 574 III.
346 551 409 575 140.
425 557 454 576 n.
470 546 557 575 Utiles
571 553 643 576 sunt.
658 553 702 575 III.
724 551 788 575 141.
806 558 832 576 A.

320 590 559 619 Rsspnonmoms
574 590 693 619 maxima
706 601 784 630 poeua
806 591 938 630 separatio
953 598 990 620 est
1005 602 1018 619 a

280 633 398 663 Christo.
412 641 431 662 1.
448 638 511 662 171.
527 644 554 661 A.

320 678 452 706 Rsseaom.
472 678 544 705 Vide
556 678 710 705 Dum-nn

321 722 458 750 REPTILIA
476 728 500 750 et
517 722 580 750 ferae
600 732 682 760 quare
697 729 782 751 creata
795 722 857 754 sint.
872 730 917 752 IV.
934 727 980 752 66.
994 734 1020 752 C.

280 766 348 800 Quae
362 764 464 794 utilitas
477 775 510 793 ex
521 765 576 794 illis
587 765 698 793 oriatur.
715 772 758 794 tv.
771 771 816 794 66.
832 777 858 795 E.

320 808 445 836 REPUnn
459 808 582 836 libellum
603 809 698 837 offerre
712 819 761 837 cur
777 809 878 839 Judaeis
891 810 1018 849 permise-

280 851 315 880 rit
332 855 413 880 Deus.
436 859 457 882 I.
476 857 539 881 367.
559 863 582 881 n.
597 860 641 882 vr.
663 859 706 882 ιι.
724 864 752 881 o.
771 861 830 882 vn.
850 858 913 883 259.
926 865 953 882 n.
967 855 1020 883 Re-

280 896 358 935 pudii
374 896 419 924 lex
430 907 444 924 a
461 896 552 924 multis
564 897 674 925 violata.
689 904 710 927 I.
727 902 791 926 156.
809 909 837 926 n.

320 941 491 968 Responsum
508 942 607 969 mortis
623 942 779 970 habuimus
792 964 799 978 ,
819 941 892 981 apud
904 941 1018 970 Paulum

278 983 412 1021 significat
425 990 538 1012 mortem
548 985 752 1023 exspectandam
763 996 826 1014 esse.
843 993 874 1015 II.
892 990 955 1014 166.

320 1027 495 1055 nmmum-,A
520 1028 680 1067 philosopho
707 1028 921 1058 administranda
949 1029 1020 1058 tradi

279 1069 368 1098 debet.
386 1076 432 1099 VI.
449 1074 476 1098 2.
492 1081 517 1098 A.

320 1114 517 1142 Rx-:smtnizcrxo
528 1115 675 1153 antiquitus
688 1115 852 1154 sperabatur.
866 1123 912 1145 111.
926 1121 1018 1146 238.n.

280 1156 510 1185 Resurrectionem
546 1158 656 1195 quidam
685 1169 736 1187 non
772 1158 924 1190 credebant.
948 1166 1019 1188 VIII.

279 1204 342 1229 456.
360 1211 388 1230 n.
409 1200 442 1228 Hi
457 1201 638 1230 confutantur.
661 1209 706 1231 XI.
727 1207 791 1231 419.
806 1213 833 1231 c.
850 1203 1020 1232 Resurrectio

279 1243 350 1271 unde
360 1243 433 1282 apud
445 1243 567 1272 infideles
581 1244 674 1273 dubia.
689 1253 734 1276 Vl.
752 1251 817 1276 359.

319 1287 487 1315 Resurrectio
508 1288 626 1317 omnium
646 1296 814 1318 mortuorum
831 1289 961 1329 praedicta
983 1291 1017 1319 ab

278 1330 347 1359 Isaia
362 1330 503 1369 propheta.
526 1339 546 1360 Ι.
565 1336 630 1361 695.
649 1344 672 1361 n.
707 1334 906 1362 Resurrectioni
935 1335 1019 1363 fidem

278 1373 342 1402 facit
361 1374 466 1403 Enochi
485 1375 633 1404 translatio.
654 1383 687 1404 V.
707 1381 770 1405 387.
787 1388 815 1405 c.
833 1387 933 1406 necnon
949 1378 1018 1407 Eliae

279 1424 381 1456 raptus.
395 1425 428 1446 V.
442 1423 504 1446 387.
519 1429 545 1447 o.
559 1419 726 1449 Resurrectio
740 1421 765 1448 in
777 1421 857 1449 veteri
873 1421 934 1459 lege
944 1422 1018 1460 figu-

279 1467 344 1488 rata.
361 1468 406 1489 lx.
424 1466 486 1491 149.
500 1472 528 1491 Ι).
544 1463 665 1492 obscure
677 1464 796 1502 primum
812 1464 937 1494 indicata.
956 1474 1015 1495 XII.

280 1509 345 1532 477.
371 1515 397 1532 e..
419 1505 469 1533 Per
490 1505 630 1544 aenigmata
652 1508 739 1536 solum
758 1508 937 1538 exhibebatur
960 1517 1020 1539 ante

280 1547 419 1576 Christum
439 1559 485 1587 per
500 1550 651 1579 Enochum.
668 1559 726 1581 XII.
749 1557 812 1581 479.
836 1564 864 1581 Ε.
888 1554 1019 1583 Resurre-

280 1591 395 1620 ctionem
408 1592 497 1621 Judaei
512 1593 664 1624 credebant.
681 1603 728 1624 Ix.
745 1601 789 1624 96.
800 1608 826 1627 n.

320 1636 550 1665 Resurrectionem
564 1648 614 1667 non
627 1639 768 1668 credebant
783 1640 930 1669 Christiani
941 1643 1018 1671 multi

280 1679 447 1707 Antioclieni.
468 1688 500 1709 x.
519 1686 565 1710 36.
583 1694 608 1712 A.
630 1693 677 1711 uec
695 1684 828 1712 Corinthii
847 1685 966 1722 quidam.
986 1693 1018 1715 Χ.

280 1727 306 1752 2.
326 1734 352 1752 n.
368 1724 429 1758 Quo
443 1725 506 1752 fulti
518 1726 659 1754 ratiocinio
672 1728 827 1765 negaverint
841 1728 960 1766 quidam.
973 1738 1018 1759 XI.

280 1771 344 1796 549.
359 1779 383 1796 c..
394 1775 453 1797 XII.
471 1773 536 1797 259.
551 1780 577 1797 c.
592 1771 759 1799 Resurrectio
771 1772 919 1800 communis
930 1773 1017 1802 homi—

278 1820 353 1839 num.
364 1818 397 1839 v.
415 1815 480 1840 254.
497 1822 522 1840 c.
538 1819 584 1841 IX.
602 1817 665 1841 506.
683 1825 705 1842 n.
718 1815 790 1842 Vere
803 1816 861 1844 erit.
878 1823 924 1845 lx.
939 1822 1017 1847 26.c.

280 1855 346 1893 Ejus
370 1855 468 1884 veritas
486 1857 626 1895 probatur.
647 1865 679 1888 ll.
702 1862 765 1886 513.
792 1871 817 1887 A.
842 1864 905 1890 735.
926 1873 952 1890 A.
971 1869 1016 1890 IV.

278 1903 344 1927 788.
363 1909 391 1927 E.
411 1906 480 1928 VIII.
497 1904 560 1928 308.
583 1913 608 1929 Δ.
632 1909 665 1930 Χ.
692 1907 754 1931 172.
776 1913 802 1933 C.
825 1908 887 1933 174.
910 1910 973 1934 463,
991 1918 1017 1933 A.

280 1942 490 1971 Resurrectionis
501 1951 689 1982 argumentum
700 1946 859 1975 maximum.
875 1956 906 1978 V.
918 1954 982 1978 337.
995 1961 1015 1977 x.

279 1985 346 2023 Ejus
361 1985 482 2014 doctrina
494 1987 653 2018 adstruitur.
673 1996 705 2017 x.
722 1994 785 2018 593.
802 2002 827 2018 E.
842 1992 884 2020 Ex
895 1993 1017 2032 Evange-

277 2029 322 2057 liis
334 2029 449 2058 orditur.
464 2037 534 2060 VIII.
548 2037 593 2061 44.
611 2043 640 2061 A.
659 2034 887 2064 Resurrectionem
900 2037 1018 2066 futuram

279 2072 402 2101 Christus
414 2095 421 2109 ,
444 2076 558 2113 apostoli
576 2083 601 2104 et
619 2084 751 2116 martyres
767 2079 951 2109 testificantur.
970 2089 1014 2110 VI.

279 2119 342 2145 360.
373 2117 440 2145 Eam
465 2128 512 2146 cur
539 2130 608 2159 stepe
631 2120 754 2150 Christus
779 2131 918 2155 memoret.
945 2132 1014 2154 VIII.

279 2163 342 2188 307.
367 2171 394 2188 1).
414 2162 625 2192 Resurrectionis
638 2165 733 2194 futurae
749 2166 855 2205 signum
868 2175 941 2197 erant
956 2179 1016 2198 cor-

278 2213 342 2242 pora
355 2212 507 2235 sanctorum
517 2229 524 2243 ‚
537 2207 582 2246 qui
597 2208 623 2236 in
639 2216 724 2237 morte
742 2210 842 2239 Christi
860 2222 1017 2242 resurrexe-

278 2254 348 2275 runt.
362 2255 419 2278 VII.
433 2254 496 2279 934.
514 2261 541 2279 Ε.
560 2252 769 2282 Resurrectionis
779 2254 968 2285 demonstratio
979 2264 1018 2286 est

277 2292 392 2320 Actuum
409 2293 486 2322 liber.
503 2301 547 2323 IX.
566 2300 594 2324 4.
617 2307 644 2325 ε.

318 2336 549 2367 Resurrectionem
568 2340 685 2368 futuram
705 2352 760 2370 esse
776 2343 904 2381 probatur
924 2355 956 2373 ex
975 2356 1015 2374 re-

278 2379 440 2408 surrectione
452 2381 562 2413 Christi.
585 2391 615 2412 Χ.
634 2389 697 2413 422.
713 2396 738 2413 A.
754 2387 921 2417 Resurrectio
934 2388 1016 2417 Chri-

277 2421 310 2449 sti
327 2422 462 2460 probatur.
478 2432 521 2453 lx.
541 2431 605 2456 361.
619 2439 645 2458 E.
659 2429 751 2458 multis
767 2432 939 2468 argumenti&
955 2439 1014 2462 VII.

278 2470 341 2494 939.
361 2471 424 2495 940.
442 2473 506 2498 948.
524 2469 751 2501 Resurrectionem
770 2484 845 2502 suam
864 2475 1016 2505 subindicat

278 2508 409 2555 Christus.
427 2518 482 2540 VII.
502 2518 566 2542 757.
592 2527 614 2543 n.
636 2517 802 2546 Resurrectio
820 2519 915 2547 Lazari
935 2520 1014 2548 Chri-

275 2558 307 2578 sti
324 2555 508 2584 resurrectioni
524 2557 602 2586 sidem
620 2560 690 2588 facit.
716 2568 747 2589 II.
763 2566 824 2591 772.
840 2574 862 2591 r..
882 2564 1010 2593 Resurre-

906 180 1008 204 INDEx
1038 179 1162 202 RERUM.

1071 241 1166 269 ctionis
1177 246 1363 277 argumentum
1377 248 1414 269 cst
1428 241 1542 280 potentia
1552 241 1651 270 Christi
1667 247 1724 280 post
1738 250 1809 268 mor-

1071 291 1133 314 tem.
1158 292 1190 313 It.
1214 289 1279 312 714.
1300 296 1323 312 n.
1349 284 1516 313 Resurrectio
1538 285 1638 313 Christi
1660 284 1809 313 indubitata

1071 328 1193 357 redditur
1208 338 1240 356 ex
1256 328 1404 356 miraculis.
1430 335 1475 356 ΙΙΙ.
1496 333 1559 356 109.
1580 340 1605 356 A.
1627 336 1671 357 lx.
1692 334 1718 355 8.
1742 339 1766 356 A.
1785 335 1809 355 ct

1071 383 1105 401 ex
1119 372 1211 410 signis.
1226 379 1271 400 tx.
1288 377 1350 400 107.
1365 372 1434 400 Vere
1445 381 1502 399 eam
1511 371 1591 399 fuisse
1601 372 1730 410 probatur
1744 381 1811 400 con-

1072 422 1111 444 tra
1127 415 1244 445 Jndaeos.
1261 423 1304 445 III.
1324 421 1387 444 111.
1408 414 1553 443 Conversio
1567 415 1642 443 Pauli
1652 415 1751 443 Christi
1768 425 1812 443 re-

1072 459 1260 487 surrectionem
1282 459 1386 498 probat.
1402 466 1446 487 III.
1466 463 1527 489 126,
1545 470 1569 485 A.
1583 469 1606 486 B.
1625 469 1648 485 c.
1666 462 1728 486 127.
1743 459 1811 487 Eam

1073 513 1120 531 cur
1137 503 1254 531 maxime
1271 504 1386 542 probare
1407 503 1507 531 nitatur
1527 503 1637 531 Paulus.
1658 509 1714 530 XII.
1734 507 1761 532 5.
1784 514 1809 532 Β.

1074 547 1284 575 Resurrectionis
1299 547 1389 582 finem,
1407 557 1459 575 non
1479 546 1598 581 initium,
1611 553 1636 574 et
1652 546 1812 574 ascensionis

1073 590 1192 624 initium,
1214 601 1266 619 non
1282 591 1362 619 finem
1375 590 1500 619 viderunt
1516 590 1639 629 apostoli.
1658 597 1704 618 IX.
1720 593 1765 619 20.
1783 600 1808 617 c.

1074 635 1284 663 Resurrectionis
1298 646 1331 663 cx
1345 635 1458 663 testibus
1472 645 1555 662 unum
1569 633 1649 672 elegit
1663 634 1768 668 Petrus,
1781 640 1812 661 ut

1074 679 1141 707 inter
1166 679 1299 718 apostolos
1313 689 1373 707 eum
1389 685 1505 718 poneret.
1518 686 1563 707 tx.
1579 682 1624 708 33.
1643 689 1671 706 E.
1684 678 1812 705 Resurre-

1073 723 1125 751 ctio
1140 723 1239 752 Christi
1266 730 1331 761 quot
1358 723 1428 752 bona
1450 722 1606 751 hominibus
1619 720 1747 750 attulerit.
1763 727 1809 749 111.

1074 771 1139 795 905.
1164 777 1192 796 A.
1217 771 1279 796 906.
1305 778 1333 797 A.
1352 768 1400 796 Est
1424 766 1574 795 divinitatis
1596 765 1712 803 signum.
1739 771 1808 793 VIII.

1075 815 1138 839 156.
1158 822 1182 839 Β.
1202 812 1261 840 Non
1276 817 1317 839 est
1329 821 1389 838 cum
1402 811 1462 838 aliis
1480 809 1640 838 communis.
1659 816 1703 837 tx.
1720 812 1765 837 57.
1781 818 1809 837 A.

1075 855 1103 882 ln
1118 865 1171 892 quo
1186 854 1293 882 differat
1306 865 1320 882 a
1333 855 1524 883 resurrectione
1534 853 1659 882 aliorum.
1675 859 1694 881 I.
1709 856 1773 880 563.
1787 862 1811 880 c,

1073 899 1253 926 Resurrectio
1265 898 1420 926 Dominica
1430 904 1471 926 est
1485 899 1572 925 totius
1584 897 1812 925 mundicircum-

1072 943 1152 970 cisio.
1162 949 1195 972 lI.
1210 947 1274 971 974.
1289 952 1313 970 Β.
1327 941 1537 970 Resurrectionis
1549 941 1612 968 item
1623 946 1810 978 argumentum

1072 991 1134 1013 sunt
1156 991 1309 1013 sanctorum
1329 985 1355 1012 in
1370 984 1422 1012 hac
1437 984 1491 1013 vita
1507 993 1641 1012 aerumnae.
1660 989 1692 1010 II.
1718 987 1762 1010 16.
1780 992 1809 1012 n.

1073 1028 1270 1057 Resurrectioni
1281 1027 1388 1056 omnino
1403 1026 1574 1056 credendum.
1590 1033 1635 1055 XI.
1653 1030 1716 1054 556.

1111 1071 1342 1100 Resurrectionem
1363 1081 1414 1099 non
1436 1071 1493 1098 sore
1516 1069 1626 1108 quidam
1649 1069 1775 1098 dicebant
1803 1081 1808 1096 :

1074 1115 1122 1143 lios
1136 1115 1253 1143 confutat
1266 1114 1484 1153 Chrysostomus.
1496 1121 1542 1142 lx.
1559 1118 1605 1142 23.
1616 1126 1641 1142 A.
1658 1120 1690 1143 Χ.
1705 1117 1768 1141 174.
1780 1124 1807 1141 A.

1074 1158 1304 1187 Resurrectionem
1323 1158 1378 1196 jam
1396 1158 1492 1185 saetam
1511 1168 1567 1186 esse
1586 1157 1711 1186 dicebant
1726 1157 1811 1194 aliqui

1074 1201 1180 1230 exitiosi
1191 1201 1324 1230 homines.
1339 1208 1385 1230 XI.
1403 1206 1467 1230 591.
1485 1202 1552 1230 Eam
1565 1201 1644 1240 probi
1658 1201 1770 1229 credunt
1786 1207 1812 1228 et

1073 1252 1182 1284 optant,
1199 1245 1315 1284 improbi
1337 1255 1389 1273 non
1404 1245 1524 1273 credunt.
1541 1252 1610 1273 VIII.
1633 1250 1697 1273 309.
1715 1255 1742 1273 e.
1759 1245 1812 1272 Rc-

1074 1289 1246 1318 surrectionis
1257 1295 1283 1318 et
1294 1288 1501 1317 immortalitatis
1516 1288 1612 1317 animae
1627 1287 1724 1326 dogma
1738 1287 1813 1316 laedit

1073 1334 1134 1361 vitae
1145 1332 1312 1370 improbitas.
1331 1339 1376 1360 ix.
1394 1337 1458 1360 400.
1478 1342 1503 1359 n.

1114 1376 1324 1405 Resurrectionis
1334 1386 1476 1414 corporum
1489 1375 1566 1403 ratio.
1578 1383 1598 1404 1.
1613 1380 1677 1406 956,
1692 1386 1715 1404 B.
1726 1385 1752 1403 c.
1768 1381 1812 1404 Iv.

1074 1425 1137 1449 814.
1155 1432 1179 1449 Β.
1199 1420 1289 1448 Partui
1305 1426 1485 1458 comparatur.
1498 1427 1568 1448 VIII.
1590 1424 1654 1449 533.
1672 1430 1699 1448 Λ.
1714 1420 1814 1447 Resur-

1074 1464 1155 1493 rectio
1171 1464 1261 1502 quales
1276 1474 1322 1492 nos
1342 1464 1474 1493 restituat.
1494 1471 1538 1493 VI.
1553 1468 1617 1492 358.
1632 1463 1814 1492 Resurrectio-

1074 1519 1133 1537 nem
1159 1508 1290 1547 promissa
1311 1508 1420 1547 praemia
1444 1515 1602 1546 sequuntur.
1626 1514 1672 1538 IV.
1699 1511 1763 1537 429.
1784 1520 1810 1536 A.

1073 1552 1242 1581 Resurrectio
1263 1559 1316 1580 tota
1335 1562 1395 1590 spes
1413 1559 1512 1580 nostra.
1536 1559 1567 1580 x.
1583 1557 1647 1580 407.
1669 1563 1695 1580 A.
1712 1552 1814 1579 Resur-

1073 1596 1155 1624 rectio
1169 1596 1257 1624 futura
1273 1594 1326 1623 fide
1337 1595 1491 1634 suscipitur.
1506 1602 1539 1623 V.
1555 1599 1617 1623 369.
1636 1606 1661 1623 c.
1676 1594 1743 1633 Ejus
1754 1604 1814 1633 spes

1073 1642 1245 1671 moerentibus
1261 1641 1361 1670 sufficit
1383 1641 1416 1669 ad
1436 1641 1657 1669 consolationem.
1681 1648 1726 1669 XI.
1745 1645 1809 1669 541.

1072 1686 1108 1715 ad
1128 1693 1241 1715 mortem
1262 1685 1429 1714 subeundam
1451 1686 1589 1713 confortat.
1612 1692 1668 1713 VII.
1692 1689 1756 1713 628.
1782 1695 1810 1712 D.

1074 1730 1286 1759 Resurrectionis
1301 1730 1444 1758 celebratio
1464 1729 1494 1757 fit
1508 1729 1610 1757 divinis
1623 1728 1751 1766 eloquiis,
1766 1728 1813 1756 be-

1073 1775 1270 1803 nedictionibus
1294 1774 1471 1809 sacerdotum,
1493 1784 1556 1812 pace
1580 1780 1606 1802 et
1628 1780 1812 1805 consensu,11.

1073 1824 1137 1848 524.
1162 1818 1330 1847 Resurrectio
1347 1829 1416 1856 saepe
1433 1817 1583 1855 cogitanda.
1604 1824 1674 1847 YIII.
1699 1822 1761 1845 307.
1784 1828 1810 1847 Α.

1074 1864 1140 1901 Ejus
1158 1863 1255 1901 imago.
1277 1869 1310 1892 V.
1331 1867 1397 1893 309.
1421 1873 1446 1890 c.
1469 1867 1532 1891 310.
1553 1866 1614 1890 387.
1640 1873 1665 1891 c.
1690 1861 1814 1899 variique

1073 1906 1155 1935 modi.
1172 1914 1206 1937 X.
1228 1911 1292 1935 454.
1314 1917 1339 1935 Β,
1360 1906 1460 1934 Omnes
1476 1906 1533 1944 ipsa
1548 1906 1669 1934 fruentur
1680 1916 1686 1940 ;
1699 1904 1746 1933 sed
1760 1914 1811 1933 non

1072 1961 1162 1979 omnes
1180 1957 1257 1978 erunt
1277 1950 1304 1979 in
1321 1950 1415 1988 gloria.
1432 1957 1478 1979 XI.
1497 1955 1560 1979 548.
1578 1960 1606 1977 E.
1623 1950 1758 1978 Bonorum
1772 1959 1812 1976 re-

1072 1995 1200 2023 surrectio
1213 2005 1283 2032 quae.
1298 2002 1366 2023 VIII.
1380 1998 1443 2023 305.
1462 2005 1486 2022 A.
1499 1994 1667 2022 Resurrectio
1681 2004 1742 2022 cum
1754 1993 1811 2031 glo-

1072 2038 1110 2066 ria
1123 2045 1182 2077 post
1195 2038 1307 2067 labores.
1320 2046 1366 2067 XI.
1383 2042 1447 2067 330.
1463 2049 1489 2066 F.
1503 2039 1558 2066 Est
1570 2044 1680 2076 tempus
1697 2039 1807 2065 messis.

1073 2089 1119 2112 III.
1133 2087 1196 2111 994.
1212 2094 1238 2111 Δ.

1112 2127 1288 2155 Rmucvtcm
1302 2133 1487 2154 ornamentum
1504 2134 1614 2153 aureum
1629 2124 1699 2152 circa
1717 2130 1808 2162 caput.

1072 2177 1117 2199 VI.
1136 2175 1180 2199 52.
1193 2181 1219 2198 E.

1110 2214 1286 2242 Bai-manno
1300 2219 1398 2251 quanto
1415 2212 1502 2251 magis
1515 2211 1650 2245 differtur,
1667 2217 1740 2240 tanto
1755 2222 1811 2240 ma-

1071 2257 1111 2296 gis
1126 2264 1257 2296 augentur
1276 2258 1387 2285 soenora.
1406 2265 1450 2286 lx.
1471 2261 1535 2285 367.
1554 2256 1613 2290 Qua
1626 2254 1660 2283 de
1674 2265 1752 2284 causa
1766 2255 1812 2283 hic

1070 2301 1256 2330 retributiones
1271 2311 1321 2329 non
1334 2301 1507 2340 accipiamus.
1527 2307 1559 2328 V.
1577 2304 1623 2329 26.
1641 2309 1669 2327 t).

1111 2347 1271 2374 Rmmwo
1282 2346 1418 2383 quomodo
1433 2345 1531 2373 veniat.
1548 2351 1582 2373 X.
1600 2349 1646 2372 11.
1663 2354 1688 2371 c.

1110 2391 1328 2418 Remu-noxis
1342 2389 1436 2427 opinio
1452 2389 1477 2416 in
1488 2388 1615 2417 Ecclesiae
1628 2386 1754 2424 dogmata
1769 2386 1810 2414 in-

1069 2433 1159 2462 ducta.
1177 2440 1234 2462 vu.
1250 2437 1315 2461 821.
1329 2443 1355 2461 c.

1108 2478 1159 2505 1³21
1175 2476 1197 2504 si
1220 2476 1253 2504 de
1270 2477 1413 2516 tyrannide
1425 2482 1470 2504 aut
1484 2475 1517 2503 de
1529 2474 1599 2503 caede
1613 2483 1719 2503 causam
1733 2473 1808 2501 dice-

1069 2522 1147 2554 bant.
1164 2519 1252 2549 omnia
1267 2520 1436 2559 deponebant
1453 2519 1564 2557 insignia
1579 2517 1728 2556 dignitatis.
1745 2523 1806 2545 VII.

1069 2570 1132 2593 644.
1150 2576 1174 2593 n.
1190 2565 1248 2592 Non
1259 2564 1351 2592 auditu
1368 2564 1423 2593 solo
1435 2562 1762 2592 comlomnandhiww'o.
1774 2570 1800 2588 ι).
