1950 2922
729 355 1290 436 SYNOPSIS

363 537 600 591 EORUM,
638 537 772 593 QUAE
807 538 870 581 IN
909 537 1209 580 OPERIBUS
1236 534 1655 580 CHRYSOSTOMI

826 684 1189 721 OBSERVANTUR.

814 955 1200 1006 PROLOGUS.

277 1111 343 1139 Rem
358 1119 494 1148 operosam
509 1115 588 1146 atque
602 1107 730 1136 hactenus
745 1108 901 1136 intentatam
916 1107 1101 1146 aggredimur,
1127 1118 1186 1136 cum
1202 1107 1236 1136 ad
1250 1108 1357 1136 lectoris
1372 1107 1544 1140 commodum
1560 1119 1589 1136 ea
1602 1119 1661 1147 quae
1679 1109 1707 1138 in
1720 1116 1775 1138 tam

237 1156 324 1194 ampla
339 1163 377 1184 tot
390 1155 558 1183 voluminum
573 1154 642 1182 mole
656 1154 775 1193 dispersa
788 1162 859 1187 sunt,
878 1153 1024 1184 secundum
1040 1154 1157 1181 materiae
1174 1153 1307 1188 ordinem,
1325 1165 1409 1182 unum
1421 1155 1471 1182 sub
1485 1162 1657 1194 conspectum
1677 1166 1775 1194 ponere

236 1201 412 1229 destinamus.
429 1202 462 1228 At
476 1200 546 1228 enim
561 1210 612 1228 non
627 1199 659 1228 iis
671 1200 761 1236 modo,
778 1201 851 1237 queis
864 1199 990 1227 immensa
1003 1199 1047 1226 illa
1060 1210 1140 1237 opera
1153 1199 1238 1237 legere
1251 1210 1302 1227 non
1315 1207 1391 1230 vacat
1404 1210 1451 1238 per
1464 1199 1549 1227 otium
1561 1223 1568 1233 ,
1585 1200 1631 1228 sed
1646 1201 1679 1229 iis
1694 1201 1775 1230 etiam

236 1247 282 1285 qui
295 1247 421 1275 diuturna
435 1246 545 1275 lectione
559 1252 627 1273 totos
639 1245 781 1273 duodecim
796 1252 881 1273 tomos
895 1245 1029 1279 evolvent,
1045 1244 1157 1273 difficile
1172 1244 1318 1273 admodum
1333 1252 1402 1273 esset
1422 1245 1513 1273 omnia
1529 1245 1677 1274 secundum
1693 1258 1776 1286 argu-

236 1291 319 1320 menti
332 1291 459 1320 rationem
476 1301 618 1329 excerpere
632 1297 658 1318 et
677 1290 704 1318 in
719 1297 787 1318 certa
802 1289 888 1329 capita
903 1289 1081 1327 distribuere3
1109 1290 1240 1319 nimirum
1258 1302 1316 1329 quae
1330 1291 1366 1319 ad
1382 1291 1531 1320 doctrinam
1546 1298 1571 1320 et
1592 1292 1754 1331 theologiam
1764 1318 1775 1332 7

235 1348 294 1376 quae
310 1337 345 1366 ad
362 1336 533 1375 disciplinam
546 1343 572 1364 et
584 1336 652 1364 ritus
666 1335 756 1365 varios
770 1342 830 1363 tum
846 1335 1024 1364 Antiochenos
1039 1343 1097 1364 tum
1112 1337 1435 1376 Constantinopolitanos;
1450 1337 1590 1366 innumera
1601 1338 1648 1366 illa
1664 1349 1722 1376 quae
1742 1338 1776 1367 de

236 1383 367 1412 haereticis
386 1390 412 1412 et
424 1382 608 1410 haeresiarchis
627 1382 728 1421 passim
747 1388 907 1418 occurrunt;
925 1382 1095 1411 miscellanea
1109 1383 1194 1411 multa
1211 1393 1270 1421 quae
1285 1382 1311 1410 in
1327 1390 1514 1421 argumentum
1529 1383 1639 1421 aliquod
1656 1384 1776 1423 redigere

238 1430 265 1458 in
280 1436 387 1468 promtu
406 1439 458 1457 non
485 1435 533 1457 est.
554 1429 671 1456 Demum
684 1429 805 1467 πάρεργα
820 1428 1039 1466 frequentissima
1059 1439 1117 1466 quae
1136 1429 1163 1456 in
1180 1428 1404 1457 similitudinibus
1417 1428 1527 1457 adhibet
1542 1430 1753 1469 Chrysostomus
1765 1452 1773 1464 ,

239 1475 286 1504 ubi
303 1475 407 1503 infinita
429 1484 494 1513 pene
508 1473 544 1502 ad
561 1475 628 1502 ritus
640 1481 665 1502 et
687 1484 773 1502 mores
787 1474 828 1502 sui
851 1475 977 1513 temporis
991 1474 1162 1513 pertinentia,
1182 1484 1241 1512 quae
1256 1473 1290 1502 ad
1305 1474 1462 1513 religionem
1477 1486 1529 1503 non
1553 1475 1723 1514 spectabant,
1747 1476 1775 1504 in

237 1520 478 1560 comparationibus
493 1527 617 1549 recenset.
635 1520 699 1548 Haec
715 1520 804 1548 omnia
816 1519 843 1548 in
858 1520 991 1548 diatribas
1006 1520 1125 1558 quinque
1139 1519 1284 1548 distributa
1293 1520 1349 1558 jam
1366 1520 1540 1559 proferemus.
1558 1522 1598 1549 De
1611 1520 1682 1561 stylo
1695 1522 1776 1550 etiam

238 1568 294 1606 ejus
309 1566 398 1604 aliqua
413 1565 501 1594 dicere
515 1566 620 1594 animus
634 1572 689 1594 erat
703 1577 708 1593 ε
721 1565 767 1593 sed
783 1565 847 1603 quia
860 1566 887 1594 in
903 1566 1062 1594 Praefatione
1074 1564 1157 1604 primi
1168 1563 1233 1592 tomi
1248 1563 1298 1592 hac
1314 1563 1347 1592 de
1359 1574 1388 1592 re
1399 1564 1547 1593 luculenter
1561 1571 1651 1593 actum
1669 1571 1726 1601 est,
1747 1564 1775 1593 id

239 1619 379 1640 retractare
398 1621 624 1650 supervacaneum
638 1611 695 1639 fore
712 1611 843 1640 diximus.

196 1842 231 1859 27¹.-
904 1829 1080 1858 DIATRIBA
1103 1829 1124 1858 1.

424 1937 470 1964 De
486 1938 521 1963 iis
534 1945 598 1973 ‘71‘ae
615 1935 657 1963 ad
669 1935 833 1963 doctrinam
847 1940 977 1973 spectant
991 1940 1019 1962 et
1032 1935 1072 1962 ad
1085 1935 1262 1971 theologicas
1277 1937 1425 1973 opiniones
1441 1935 1522 1964 illius
1536 1937 1600 1964 aevi.

288 2043 329 2071 De
353 2042 499 2070 substantia
523 2042 573 2070 Dei
593 2042 679 2080 deque
702 2040 833 2069 Trinitate
854 2042 985 2069 Persona·
1038 2048 1130 2069 rentur
1142 2041 1198 2069 lime
1212 2041 1292 2070 verba
1309 2042 1497 2081 proferebant:
1511 2041 1697 2070 Abrenuntio
1711 2042 1773 2076 tibi,
1788 2059 1897 2089 T.2.p.⁷t

249 2099 309 2115 rum
322 2098 350 2115 ea
363 2098 413 2116 non
426 2098 486 2115 raro
498 2087 597 2126 profert
610 2087 827 2125 Chrysostomus,
840 2096 897 2123 quae
908 2085 986 2114 Chri-
1039 2094 1158 2122 satana‚
1177 2094 1203 2115 et
1216 2098 1328 2127 pompa?
1346 2094 1402 2115 tuce
1420 2093 1447 2115 et
1462 2087 1556 2115 cultui
1568 2093 1633 2121 tuo,
1655 2093 1683 2114 et
1703 2097 1775 2114 con-
1788 2098 1809 2112 e.

248 2134 325 2161 stiani
347 2143 436 2161 omncs
459 2133 628 2171 profitentur.
652 2133 693 2160 De
715 2132 901 2160 Incarnatione
922 2142 984 2160 vero
1033 2134 1142 2171 jungor
1155 2134 1219 2169 tibi,
1236 2133 1349 2161 Christe
1362 2132 1437 2160 :illis
1451 2143 1515 2161 vero
1528 2132 1626 2161 addere
1638 2132 1774 2171 jubeban-
1812 2148 1840 2170 T·
1857 2152 1902 2169 ω’,

249 2178 349 2207 Christi
364 2185 389 2206 et
400 2179 456 2217 ejus
471 2189 531 2206 cum
544 2179 622 2206 Patre
635 2177 786 2215 aequalitate
801 2176 946 2205 innumeris
958 2177 985 2204 in
1040 2184 1093 2212 tur,
1105 2178 1197 2207 Credo
1211 2180 1242 2206 in
1256 2180 1491 2206 resurrectionem
1506 2185 1694 2206 mortuorum.
1704 2179 1776 2207 Post·
1788 2178 1842 2209 379·
1851 2180 1875 2202 ¹³·

248 2224 314 2251 locis
326 2224 380 2261 agit
395 2231 423 2252 ut
437 2226 628 2252 Auornoeorum
642 2224 692 2251 tela
704 2223 851 2262 propulset,
866 2223 912 2261 qui
923 2230 986 2251 tunc
1038 2234 1121 2262 eaque
1140 2231 1180 2252 ter
1200 2224 1227 2252 in
1244 2224 1316 2252 unda
1328 2224 1524 2261 mergebantur.
1538 2224 1568 2252 In
1582 2224 1695 2252 homilia
1711 2234 1776 2252 vero
1814 2222 1842 2243 Τ·
1859 2216 1899 2244 Π)

249 2269 396 2297 Antiochia*
420 2276 443 2297 et
472 2269 700 2308 Constantinopoli
720 2276 811 2297 contra
835 2269 986 2297 Catholicos
1039 2277 1113 2298 sexta
1124 2270 1151 2298 in
1164 2269 1312 2308 Epistolam
1324 2269 1359 2297 ad
1369 2269 1544 2304 Colossenses,
1559 2270 1594 2298 ita
1604 2270 1683 2299 refert
1695 2270 1777 2300 verba
1789 2253 1843 2281 370'
1855 2253 1879 2275 b.
1896 2299 1898 2302 ,
1932 2262 1947 2284 ¹¹³

248 2315 452 2343 velilicabantur
468 2326 473 2341 z
489 2325 573 2353 neque
587 2322 625 2343 est
640 2326 668 2343 ea
684 2315 710 2343 in
730 2326 758 2343 re
771 2315 873 2343 diutius
890 2315 986 2344 immo·
1040 2316 1074 2344 ab
1094 2327 1124 2344 eo
1144 2316 1191 2354 qui
1210 2316 1372 2355 baptismum
1392 2322 1550 2355 accepturus
1571 2322 1627 2344 erat
1646 2316 1750 2355 prolata
1768 2327 1775 2344 z

95 2375 234 2403 T'hlffiffi
250 2361 374 2391 randum,
388 2361 484 2388 Contra
499 2363 639 2388 Anomoeos
654 2369 742 2388 autem
757 2367 909 2389 concertans
920 2361 986 2389 duas
1040 2361 1226 2390 Abrenuntio
1239 2363 1301 2397 tibi,
1314 2368 1432 2395 satana,
1447 2368 1592 2400 elpompoe
1604 2367 1660 2389 tuae
1674 2368 1701 2390 et
1713 2362 1777 2390 cul-

249 2407 275 2434 in
291 2407 397 2435 Christo
413 2406 560 2433 voluntates
573 2406 651 2434 fuisse
666 2414 782 2444 pugnat,
802 2413 826 2434 et
841 2406 986 2435 Monothe-
1041 2410 1082 2435 tui
1100 2414 1148 2436 mo
1167 2414 1192 2435 et
1211 2407 1321 2446 angelis
1344 2409 1409 2435 luis.
1429 2406 1502 2434 Illud
1518 2417 1596 2441 vero,
1615 2413 1643 2435 et
1664 2408 1776 2446 angelis

249 2453 356 2480 tuarum
371 2452 415 2490 qui
434 2459 521 2490 postca
541 2453 625 2480 exorti
641 2459 715 2489 sunt,
735 2452 812 2490 quasi
830 2451 891 2480 data
906 2463 983 2491 opera
1040 2455 1108 2489 tuis,
1130 2453 1156 2481 in
1174 2453 1333 2492 praecedenti
1355 2463 1407 2481 non
1422 2452 1536 2481 liabetur
1554 2465 1559 2480 :
1575 2452 1621 2481 sed
1637 2452 1682 2481 illa
1704 2453 1777 2492 prior

249 2499 368 2526 haeresin]
388 2498 523 2536 profligat.
1039 2499 1187 2527 Antiochiae
1202 2498 1334 2537 descripta
1348 2499 1410 2534 suit,
1424 2499 1554 2538 posterior
1566 2510 1628 2528 vero
1646 2499 1776 2527 Constan-

286 2544 416 2583 llaptismi
437 2544 518 2571 ritum
542 2543 578 2571 ita
598 2542 725 2571 describit
745 2544 953 2583 Chrysostomus
975 2557 981 2573 :
1038 2543 1162 2583 tinopoli,
1177 2544 1224 2572 ubi
1242 2543 1352 2573 fortasse
1368 2544 1435 2573 levis
1450 2544 1495 2572 illa
1515 2543 1657 2573 diversitas
1676 2543 1703 2571 in
1722 2554 1773 2572 usu

246 2590 298 2625 Qui
310 2589 461 2629 baptizandi
472 2595 546 2618 crant
560 2599 607 2628 per
620 2588 677 2617 dies
691 2588 800 2627 triginta
811 2590 847 2618 ad
860 2597 980 2619 sanctum
1035 2597 1099 2618 erat.
1116 2590 1267 2629 Baptismus
1280 2600 1354 2625 vero,
1372 2590 1458 2628 inquit
1472 2589 1528 2625 ille,
1548 2600 1600 2618 non
1613 2589 1729 2618 dabatur
1743 2589 1770 2617 in
1783 2601 1811 2623 Τ,
1823 2608 1846 2631 9,
1859 2610 1880 2631 Ρ,

243 2635 311 2664 illud
331 2636 467 2665 lavacrum
487 2634 685 2674 apparabantur
705 2646 710 2662 :
732 2641 872 2673 antequam
894 2635 979 2674 tinge·
1034 2636 1196 2673 Pentecoste,
1211 2647 1290 2675 quam
1306 2643 1381 2666 vocat
1395 2636 1440 2664 ille
1451 2635 1608 2675 metropolin
1623 2636 1767 2665 festorum:
1782 2640 1800 2654 Ε·
