1910 2922
79 787 145 808 Rom.
162 786 197 809 16.

81 824 119 838 22.

80 849 184 878 Philipp.
198 854 219 869 2.

81 885 118 900 21.

86 2344 160 2366 Eccli.
174 2350 211 2365 21.

91 2376 126 2397 18.

86 2409 142 2429 CAP.
164 2414 227 2428 xvin.

234 203 279 247 74

231 277 354 306 animatis
364 299 371 313 ,
385 283 410 305 et
426 275 512 304 rarius
525 275 619 304 balneo
632 276 726 303 utitur.
743 274 773 303 Si
794 280 882 302 autem
898 283 965 312 pro-

231 330 289 362 pter
311 323 494 352 infirmitatem
513 322 687 357 utitur(natn
708 321 806 358 saepius
829 318 966 347 stomacho

229 369 332 397 laborat
344 372 368 405 )‚
390 379 451 397 cum
474 368 563 396 tunica
589 368 616 395 in
641 378 736 405 aquam
761 364 897 394 descendit
908 387 916 401 ,
940 374 967 392 se

229 425 335 453 quoque
357 415 456 453 ipsam,
481 420 511 441 ut
531 414 625 448 aiunt,
642 412 764 440 reverita.
786 412 867 440 Duc.
891 410 966 438 Dici-

230 466 275 488 tur
288 461 367 488 etiam
383 460 438 499 ipsa
454 459 569 487 multum
590 469 696 486 curasse
709 458 817 486 beatum
829 458 966 486 Joannem.

231 506 323 534 Eme.
341 505 445 543 Ecquid
459 505 571 542 dignum
593 504 650 542 ejus
668 503 767 532 virtute
782 503 808 531 in
824 513 884 531 eum
896 513 967 541 prae-

230 552 322 580 stitit?
343 552 393 579 nisi
417 550 488 588 quod
510 560 561 577 non
583 549 704 588 permisit
728 549 885 587 quotidiano
907 558 968 576 eum

232 599 292 626 cibo
309 597 444 625 distrahi:
466 595 539 634 quod
561 595 670 633 quidem
692 595 835 623 minimum
856 604 908 622 non
931 600 969 621 est

230 643 331 672 Christi
356 642 486 681 operariis
501 664 508 677 ‚
534 641 651 670 interdiu
676 648 810 679 noctuque
832 640 866 668 de
890 639 969 668 rebus

230 688 329 718 Christi
341 688 472 718 sollicitis.
489 687 619 717 Similiter
632 688 743 719 Paulus.
752 687 869 715 salutans
882 686 970 715 Persi-

230 734 291 763 dem
302 757 310 770 ,
326 745 385 773 quae
399 734 450 773 ipsi
463 735 563 762 fortean
575 744 627 762 non
644 733 775 762 dissimile
790 733 968 761 ministerium

231 781 347 821 praebuit
359 781 508 810 :Salutate
519 801 527 815 ,
537 780 637 817 inquit,
648 781 788 808 dilectam
800 779 948 807 Persidem
962 799 969 813 ,

233 838 297 866 quoe
321 828 444 855 multum
471 827 615 855 laboravit
637 828 668 854 in
695 827 833 854 Domino.
864 826 971 853 Omnes

233 875 311 901 enim
333 884 397 912 1711oe
421 882 475 901 sua
506 879 575 900 sunt
598 878 731 910 quoerunt
745 894 751 907 ,
773 878 801 900 et
824 882 882 899 non
906 881 971 910 quoe

234 920 352 948 Christi.
369 918 430 946 Scio
445 924 470 946 et
483 917 590 946 beatum
608 917 761 946 Nectarium
777 917 838 956 plus
850 927 907 945 eam
929 926 970 944 co-

231 965 329 1003 luisse,
346 965 382 993 ita
397 971 426 992 ut
437 964 463 992 in
475 963 659 992 ecclesiasticis
672 964 751 991 rebus
764 964 786 991 ei
801 963 971 1001 obtempera—

232 1018 279 1040 ret.
292 1012 403 1040 Sanctos
418 1021 481 1038 vero
498 1009 718 1049 Amphilochium
734 1016 760 1037 et
779 1008 922 1047 Optimum
946 1014 971 1035 et

232 1057 396 1095 Gregorium
422 1067 453 1085 ac
477 1057 602 1091 Petrum,
626 1056 734 1084 fratrem
757 1055 853 1083 Basilii
865 1077 871 1089 ‚
894 1061 972 1092 atque

231 1103 417 1142 Epiphanium
429 1125 437 1139 ,
452 1102 536 1141 Cypri
552 1102 721 1141 episcopum,
735 1100 802 1139 quid
821 1101 914 1129 attinet
929 1099 972 1127 di-

232 1159 310 1186 cere,
333 1150 429 1187 quibus
450 1159 576 1186 agrorum
597 1147 773 1186 possessiones
797 1153 822 1174 et
846 1145 972 1185 pecunias

231 1192 361 1221 dederit?
377 1192 509 1221 Moriente
529 1198 618 1220 autem
641 1189 874 1229 Constantinopoli
890 1189 972 1227 Opti-

232 1249 291 1275 mo,
307 1240 364 1277 ejus
378 1239 459 1266 etiam
471 1237 561 1266 oculos
574 1237 698 1265 manibus
709 1237 764 1264 suis
779 1235 884 1264 clausit.
899 1236 973 1263 Prae-

231 1290 300 1312 terea
314 1284 480 1312 miserabiles
490 1294 596 1321 quoque
607 1283 667 1310 illos
679 1293 730 1310 non
747 1282 915 1310 mediocriter
927 1292 973 1309 re-

231 1330 372 1368 frigeravit
395 1330 422 1357 in
442 1329 583 1363 omnibus,
602 1329 781 1363 Antiochum,
803 1327 931 1356 Acacium
949 1334 974 1355 et

231 1376 424 1410 Severianum3
435 1382 528 1413 atque,
544 1381 574 1402 ut
592 1385 644 1402 uno
661 1374 743 1402 verbo
757 1384 792 1401 ex
805 1380 881 1412 parte
901 1383 975 1402 com-

231 1419 350 1459 plectar,
364 1429 455 1448 omnes
473 1419 672 1458 peregrinantes
691 1418 818 1453 clericos,
833 1424 859 1445 et
879 1427 972 1445 mona-

233 1465 346 1493 chorum
369 1475 399 1493 ac
428 1464 565 1502 virginum
593 1463 726 1491 infinitam
759 1462 972 1491 multitudinem.

232 1512 348 1540 Joannes
361 1518 449 1539 tamen
459 1532 466 1545 ‚
478 1517 571 1549 utpote
583 1510 679 1538 missus
692 1509 737 1547 qui
752 1508 875 1548 exemplo
890 1515 974 1544 esset,

234 1564 264 1585 ut
288 1557 324 1585 ita
346 1557 452 1593 dicam,
471 1555 591 1584 venturis
613 1555 760 1594 episcopis,
778 1554 912 1592 quomodo
934 1555 977 1583 vi-

233 1613 296 1632 vere
311 1602 438 1638 debeant,
449 1601 604 1630 decreverat
617 1600 763 1629 secundum
776 1600 891 1629 Paulum
902 1622 910 1637 ,
922 1600 978 1628 suis

239 1648 381 1687 stipendiis
395 1647 541 1687 praedicare
552 1646 735 1686 poenitentiam
749 1658 755 1673 :
767 1646 835 1674 nihil
850 1646 975 1674 ecclesia-

236 1695 366 1724 sticarum
379 1705 469 1723 rerum
484 1694 625 1732 attingens,
636 1693 821 1731 quotidianum
836 1692 978 1722 dumtaxat

235 1741 327 1769 cibum
352 1741 473 1770 sumebat
485 1762 493 1776 ‚
507 1740 588 1768 talem
612 1749 717 1778 semper
741 1749 833 1766 curam
860 1739 974 1777 fugiens.

236 1787 320 1815 Aiunt
337 1793 427 1815 autem
448 1785 609 1815 verecundia
626 1785 697 1813 affici
712 1785 821 1820 visum,
840 1785 906 1813 dum
919 1795 980 1813 sen-

237 1832 310 1861 sibili
333 1838 485 1861 vesceretur
507 1831 577 1860 cibo.
595 1829 833 1867 Quemadmodum
857 1831 927 1859 enim
952 1831 979 1860 in

237 1878 340 1917 pomis,
355 1888 417 1906 cum
436 1889 466 1906 ea
487 1877 522 1906 ad
539 1888 671 1906 summam
684 1877 853 1916 pervenerint
868 1878 981 1906 maturi-

236 1931 317 1953 tatem
327 1947 336 1962 ,
350 1924 378 1953 in
391 1934 466 1952 ramo
480 1934 637 1963 permanere
650 1934 702 1951 non
717 1923 864 1961 sustinent,
877 1922 981 1952 domiui

236 1981 346 1999 manum
357 1970 492 2010 poscentia
506 1981 512 1997 :
525 1969 596 1998 sicet
606 1969 632 1998 in
644 1969 752 2005 sanctis,
761 1979 822 1997 cum
833 1979 914 2008 supra
925 1979 981 1997 mo-

237 2015 303 2044 dum
325 2016 469 2045 caelestium
490 2026 579 2044 rerum
592 2014 795 2054 pulchritudine
810 2015 880 2054 capti
899 2022 978 2052 sunt,

236 2069 297 2091 ante
305 2062 449 2091 definitum
460 2062 521 2090 vitae
539 2062 642 2090 exitum
657 2061 709 2088 frui
724 2060 853 2100 promissa
863 2061 979 2089 beatitu-

236 2108 299 2137 dine
315 2108 451 2137 sestinant.
468 2107 514 2137 Sic
533 2114 558 2136 et
577 2107 605 2135 in
625 2107 757 2135 herilibus
775 2107 908 2146 parvulis.
933 2107 978 2135 Illi

236 2154 307 2182 enim
318 2165 388 2194 saepe
403 2154 520 2183 crustula
532 2160 731 2193 exspectantes,
744 2153 881 2192 appositos
905 2153 978 2181 cibos

237 2210 289 2228 non
302 2206 425 2238 tangunt,
435 2199 635 2238 appetitumque
644 2198 778 2234 cohibent,
787 2205 817 2226 ut
825 2205 978 2238 exspectata

237 2244 379 2273 dulcedine
390 2251 552 2273 saturentur.
562 2247 712 2282 Agnoscent
724 2251 813 2273 autem
821 2244 870 2273 hos
881 2254 980 2273 sermo-

239 2302 301 2327 nes,
315 2290 362 2329 qui
378 2290 472 2320 iisdem
486 2290 607 2329 vestigiis
620 2290 681 2318 vitae
696 2290 824 2329 spiritalis
843 2289 978 2318 insistunt.

242 2338 366 2366 Verbum
375 2337 445 2365 enim
456 2338 571 2375 sapiens
579 2339 603 2364 si
612 2337 737 2364 audierit
750 2340 835 2372 scius,
846 2337 981 2365 laudabit

240 2384 324 2420 illud,
339 2389 367 2411 et
382 2382 421 2411 ad
435 2393 465 2411 se
476 2383 604 2421 adjiciet.
619 2383 702 2411 Duc.
718 2383 875 2412 Consolatus
888 2394 914 2411 es
927 2394 980 2420 me,

240 2428 391 2459 venerande
401 2435 474 2467 pater
484 2450 492 2465 ,
506 2427 553 2466 qui
566 2427 633 2455 mibi
648 2435 769 2456 accurate
781 2429 946 2465 narraveris,
957 2435 983 2458 et

274 2542 283 2553 =
301 2534 421 2568 [ot-Mysia,
441 2541 489 2557 vox
508 2531 588 2556 nihili.
602 2533 712 2564 Interpr.
734 2541 785 2556 non
805 2539 921 2566 tangunt,
933 2542 963 2558 ac
973 2535 993 2558 si

240 2572 337 2606 legisset
358 2577 463 2604 ἀθυμίαι,
477 2580 545 2604 cujus
559 2577 641 2595 tamen
659 2571 726 2596 verbi
745 2570 915 2597 desideramus
931 2572 991 2596 alte-

838 208 995 232 PALLADu
1023 207 1188 230 DIALOGL‘S

1020 273 1046 301 δὲ
1058 274 1228 306 τελευτῶντος
1239 274 1264 302 ἐν
1278 271 1553 302 Κωνσταντινουπόλει
1566 271 1610 299 καὶ
1621 272 1679 303 τοὺς
1690 273 1786 309 ὀφθαλ-

1020 317 1083 354 μοὺς
1097 317 1173 351 ἰδίαις
1183 318 1273 358 χερσὶν
1289 318 1449 355 ἐκάμμυσεν.
1467 317 1536 354 Πρὸς
1551 317 1651 349 τούτοις
1666 317 1710 345 καὶ
1727 317 1786 350 τοὺς

1019 364 1142 396 ἐλεεινοὺς
1155 366 1183 393 οὗ
1196 365 1307 404 μετρίως
1320 363 1443 402 ἀνέψυξεν
1455 365 1480 391 ἐν
1494 367 1583 397 πᾶσιν,
1599 362 1729 401 Ἀντίοχον
1741 363 1787 391 καὶ

1021 409 1140 438 Ἀκάκιον
1156 410 1200 438 καὶ
1216 410 1382 449 Σευηριανὸν,
1397 409 1442 437 καὶ
1457 408 1547 441 ἁπλῶς
1566 410 1595 437 ἐκ
1611 408 1703 447 μέρους
1718 408 1785 436 ποίν-

1020 468 1066 488 τας
1086 456 1143 488 τοὺς
1166 457 1355 494 ἐπιδημοῦντας
1380 453 1544 495 ἱερατικοὺς,
1571 457 1694 488 ἀσκητῶν
1719 455 1746 483 δὲ
1769 454 1785 488 ἢ

1021 502 1156 541 παρθένων
1180 503 1382 541 ἀναριθμήτους.
1415 500 1538 535 Ἰωάννης
1562 499 1650 537 μέντοι
1661 522 1669 535 ,
1695 500 1785 535 ἐπειδὴ

1021 549 1110 586 κρίνας
1124 544 1167 583 ἦν,
1187 550 1222 580 ὡς
1243 550 1333 583 εἰπεῖν,
1353 547 1432 579 τύπος
1454 546 1610 578 ἀποσταλεὶς
1630 550 1683 578 τοῖς
1706 545 1787 581 μετέ-

1021 606 1099 622 πειτα
1111 593 1262 626 ἐπισκόποις
1274 615 1281 629 ,
1297 594 1326 622 τὸ
1347 593 1419 625 ὅπως
1437 592 1568 631 ὀφείλουσι
1582 593 1637 629 ζῇν,
1659 591 1728 620 κατὰ
1743 590 1788 618 τὸν

1024 642 1139 675 Παῦλον,
1158 642 1183 669 ἐν
1200 639 1256 678 ἰδίῳ
1277 640 1428 678 μισθώματι
1449 637 1558 675 κηρῦξαι
1573 638 1620 672 τὴν
1638 637 1789 675 μετάνοιαν,

1025 686 1134 725 μηδενὸς
1147 686 1291 723 ἁπτόμενος
1302 687 1352 714 τῶν
1367 687 1413 719 τῆς
1424 684 1586 719 Ἐκκλησίας
1596 707 1602 717 ,
1616 684 1648 711 τὰ
1660 686 1708 718 τῆς
1721 683 1789 721 ἡμέ-

1026 745 1071 772 ρας
1092 732 1172 770 μόνης
1185 732 1316 769 ἐλάμὸανε
1339 731 1467 770 βρώματα
1479 754 1486 766 ,
1505 730 1670 769 δραπετεύων
1686 729 1726 758 ἀεὶ
1740 729 1788 764 τὴν

1023 778 1145 813 τοιαύτην
1168 778 1301 817 φροντίδα.
1326 777 1439 815 Λέγεται
1464 776 1490 805 δὲ
1514 776 1554 805 ὅτι
1576 776 1621 804 καὶ
1646 774 1791 812 αἰδουμένῳ

1025 824 1118 864 ἐῴκει,
1133 826 1180 858 τῆς
1194 825 1319 858 αἷσθητῆς
1334 822 1546 861 μεταλαμὸάνων
1564 824 1669 860 τροφῆς.
1684 821 1790 858 τὨσπερ

1024 870 1074 909 γὰρ
1090 870 1132 899 ἐπὶ
1146 872 1198 898 τῶν
1213 870 1314 907 μήλων,
1328 868 1393 897 ἐπὰν
1408 870 1576 897 πεπανθῶσιν
1591 869 1627 899 εἷς
1641 867 1731 905 ἄκρον,
1745 867 1792 895 οὐκ

1026 916 1163 955 ἀνέχονται
1176 915 1338 954 παραμένειν
1357 917 1395 953 τῷ
1415 914 1521 953 κλάδῳ,
1536 913 1583 947 τὴν
1601 916 1646 941 τοῦ
1666 913 1792 941 δεσπότου

1025 966 1101 1001 χεῖρα
1119 963 1307 996 ἐπιζητοῦντα’
1323 960 1391 989 οὕτω
1413 960 1458 988 καὶ
1479 960 1522 988 ἐπὶ
1543 961 1594 987 τῶν
1616 959 1706 997 ἁγίων,
1732 958 1793 987 ὅταν

1025 1010 1161 1047 ὑπερφυῶς
1187 1009 1318 1046 ἓρασθῶσι
1340 1009 1385 1035 τοῦ
1398 1007 1509 1038 κάλλους
1522 1007 1572 1033 τῶν
1588 1004 1713 1043 οὐρανίων
1727 1017 1795 1043 πρα-

1000 1080 1007 1088 ,
1025 1054 1144 1092 γματων,
1156 1053 1207 1091 πρὸ
1221 1056 1268 1088 τῆς
1279 1052 1426 1092 ὡρισμένης
1441 1051 1526 1084 ἐξόδου
1543 1051 1692 1088 ἐπείγονται,
1705 1055 1794 1089 τυχεῖν

1026 1103 1072 1135 τῆς
1095 1100 1272 1138 ἐπαγγελίας·
1295 1098 1414 1136 καθάπερ
1436 1097 1481 1125 καὶ
1497 1097 1541 1125 ἐπὶ
1559 1099 1611 1125 τῶν
1633 1097 1794 1125 δεσποτικῶν

1026 1145 1147 1174 παιδίων.
1165 1146 1271 1174 Ἐκεῖνα
1286 1144 1337 1182 γὰρ
1352 1143 1478 1176 πολλάκις
1492 1146 1524 1181 τῇ
1539 1141 1685 1181 προσδοκία
1696 1144 1729 1180 τῇ
1743 1143 1795 1169 τῶν

1027 1193 1195 1229 μελιπήκτων
1213 1191 1360 1229 ὓάθήγουσι
1374 1192 1426 1218 τῶν
1446 1188 1625 1227 προκειμένων
1648 1188 1795 1226 βρωμάτων

1027 1237 1070 1266 ἐπὶ
1086 1239 1189 1276 φυλακῇ
1206 1239 1252 1270 τῆς
1267 1236 1374 1276 ὀρέξεως
1388 1258 1395 1271 ,
1416 1235 1450 1263 ἵν’
1465 1235 1637 1272 ἐμπλησθῶσι
1654 1236 1700 1268 τῆς
1715 1245 1796 1272 προσ-

1029 1283 1178 1320 δοκωμένης
1192 1281 1363 1321 γλυκύτητος.
1380 1280 1534 1319 Γνωρίσωσι
1548 1280 1575 1308 δὲ
1590 1279 1648 1310 τοὺς
1659 1279 1751 1317 λόγους
1771 1280 1795 1308 οἱ

1029 1330 1064 1360 εἷς
1076 1329 1106 1357 τὸ
1125 1329 1188 1357 αὐτὸ
1202 1328 1272 1367 ἴχνος
1287 1329 1334 1362 τῆς
1353 1327 1534 1364 πνευματικῆς
1549 1326 1656 1365 πορείας
1677 1325 1797 1363 ἐμέεὸη-

1029 1374 1113 1406 κότες.
1129 1374 1213 1412 Λόγον
1230 1373 1282 1413 γὰρ
1299 1373 1403 1402 συνετὸν
1423 1372 1466 1401 ἐὰν
1481 1372 1579 1410 ἀκούσῃ,
1595 1371 1685 1409 σοφὸς,
1701 1370 1798 1399 αἰνέσει

1031 1420 1116 1455 αὐτὸν,
1131 1420 1176 1448 καὶ
1191 1419 1232 1448 ἐπ’
1255 1419 1330 1447 αὐτὸν
1351 1418 1507 1458 προσθήσει.
1529 1417 1563 1445 ‘O
1584 1417 1652 1445 διάκ.
1668 1416 1797 1455 Παρεκά-

1029 1466 1108 1498 λεσάς
1123 1478 1170 1503 με,
1191 1465 1262 1502 τίμιε
1279 1465 1378 1502 πάτερ,
1393 1463 1581 1500 πεπονημένοις
1600 1474 1644 1499 μοι
1658 1463 1719 1500 περὶ
1734 1462 1798 1491 παίν-

1031 1523 1081 1540 των
1097 1511 1288 1549 διηγησάμενος
1309 1510 1342 1538 τὰ
1363 1509 1427 1538 αὐτὰ
1441 1511 1489 1543 τῆς
1502 1507 1685 1547 προλαὸούσης
1698 1507 1798 1546 φήμης,

1033 1557 1099 1596 μετά
1122 1569 1190 1589 τινος
1216 1557 1323 1595 χάριτος
1348 1555 1463 1594 ἀρτύσας
1493 1554 1526 1582 τὰ
1548 1554 1683 1592 εἰρημένα.
1713 1555 1799 1583 Τοῦτο

1032 1604 1059 1632 δὲ
1083 1603 1172 1642 λέγω,
1193 1602 1233 1631 ὅτι
1254 1602 1325 1631 οὐδὲν
1345 1601 1433 1640 &siper
1454 1600 1501 1635 τὴν
1525 1599 1688 1635 Ἐκκλησίαν
1712 1602 1728 1634 ἡ
1753 1602 1798 1628 τοῦ

1031 1649 1175 1678 ἐπισκόπου
1198 1648 1300 1686 τροφὴ,
1324 1649 1348 1676 εἷ
1370 1650 1417 1682 ’.ἧς
1443 1646 1607 1682 Ἐκκλησίας
1632 1646 1787 1684 μετελάμὸα

1032 1708 1073 1724 νεν
1086 1697 1099 1724 6
1120 1696 1191 1734 ἅγιος
1214 1695 1338 1728 Ἰωάννης
1348 1717 1355 1728 ,
1370 1692 1438 1722 κατὰ
1452 1694 1496 1721 τὸν
1511 1692 1632 1721 εἰπόντα·
1648 1692 1731 1725 Ἄξιος
1749 1693 1799 1731 γὰρ

1033 1742 1046 1768 6
1061 1740 1171 1778 ἐργάτης
1185 1742 1232 1774 τῆς
1255 1740 1351 1778 τροφῆς
1374 1739 1468 1767 αὐτοῦ·
1492 1737 1537 1765 καὶ
1556 1737 1646 1771 πάλιν,
1669 1737 1718 1769 Τίς
1737 1749 1800 1766 ποι-

1035 1786 1121 1823 μαίνει
1139 1786 1268 1823 ποίμνην,
1285 1785 1329 1813 καὶ
1351 1785 1381 1812 ἐκ
1405 1786 1450 1811 τοῦ
1466 1783 1596 1821 γάλακτος
1618 1785 1665 1817 τῆς
1687 1783 1800 1821 ποίμνης

1034 1833 1080 1860 οὐκ
1104 1831 1203 1866 ἕσθίει;
1223 1830 1262 1863 τίς
1283 1830 1310 1859 δὲ
1334 1829 1437 1869 φυτεύει
1452 1830 1616 1867 ἀμπελῶνα,
1636 1829 1681 1856 καὶ
1702 1830 1733 1857 ἐκ
1754 1831 1800 1857 τοῦ

1034 1880 1136 1916 καρποῦ
1150 1878 1228 1905 αὐτοῦ
1243 1877 1271 1904 οὗ
1285 1876 1499 1914 μεταλαμῧοίνει;
1515 1877 1555 1904 Oi]
1568 1877 1614 1909 τῆς
1626 1876 1734 1914 Γραφῆς
1745 1875 1801 1903 ἐστι

1034 1927 1116 1952 ταῦτα
1131 1923 1176 1952 καὶ
1196 1922 1282 1952 πολλὰ
1296 1921 1389 1961 ἕτερα;
1407 1921 1441 1951 <O
1463 1921 1550 1950 ἔπίσκ.
1573 1921 1734 1960 Πρεπόντως
1753 1920 1800 1959 μὲν

1034 1970 1078 1998 καὶ
1102 1971 1214 2001 συνετῶς
1235 1968 1354 2007 εἴρηκας,
1371 1962 1392 1995 ὦ
1411 1967 1546 2006 Θεόδωρε·
1570 1967 1682 2006 πρόσθες
1701 1965 1729 1995 δὲ
1748 1971 1801 1999 τοῖς

1033 2014 1181 2053 εἰρημένοις
1191 2013 1276 2051 λόγοις
1290 2013 1334 2041 καὶ
1354 2012 1386 2040 τὰ
1401 2012 1517 2050 ἑπόμενα
1534 2011 1650 2051 ῥήματα.
1664 2011 1801 2044 Ἐξουσίας

1033 2060 1084 2099 γὰρ
1099 2060 1234 2097 διδομένης
1249 2059 1321 2097 παρὰ
1334 2061 1379 2087 τοῦ
1394 2060 1463 2096 ἱεροῦ
1478 2057 1557 2095 νόμου
1571 2057 1630 2089 τοὺς
1641 2056 1675 2086 τὰ
1687 2056 1744 2095 ἱερὰ
1759 2058 1801 2095 ε’ρ-

1033 2106 1190 2144 γαζομένους
1209 2107 1239 2133 ἐκ
1258 2107 1303 2132 τοῦ
1325 2106 1394 2142 ἱεροῦ
1416 2103 1520 2137 ἐσθίειν,
1537 2105 1551 2131 6
1569 2103 1727 2138 πλεονέκτης
1747 2104 1800 2131 τῶν

1033 2153 1136 2190 ἀγαθῶν
1151 2153 1255 2182 Παῦλος
1265 2150 1290 2178 τί
1301 2150 1433 2188 ἐπιφέρεις
1447 2151 1504 2178 Οὐκ
1516 2148 1672 2188 ἐχρησάμην
1685 2151 1718 2187 τῇ
1731 2148 1801 2182 ἐξου-

1033 2198 1077 2236 σίᾳ
1089 2197 1132 2225 ἐπὶ
1144 2202 1196 2229 τοῖς
1209 2200 1384 2233 σωματικοῖς,
1396 2194 1438 2223 ἵνα
1451 2195 1622 2233 συγκοινωνὸς
1629 2194 1746 2232 γένωμαι
1756 2198 1801 2224 τοῦ

1033 2243 1182 2282 εὐαγγελίου
1195 2244 1220 2271 ἐν
1235 2247 1288 2274 τοῖς
1303 2245 1501 2278 πνευματικοῖς,
1519 2253 1538 2278 μ
1551 2260 1555 2275 ,
1571 2240 1708 2279 γενόμενος
1720 2241 1801 2280 πρόσ-

1033 2301 1126 2327 κομμα
1145 2293 1198 2321 τοῖς
1214 2287 1333 2316 ἀσθενέσι
1344 2310 1351 2321 ,
1377 2285 1445 2314 κατὰ
1465 2286 1508 2314 τὸν
1525 2285 1631 2314 εἰπόντα
1642 2298 1648 2303 ·
1671 2286 1735 2315 Ἐὰν
1750 2286 1800 2325 γάρ

1034 2348 1073 2368 τις
1085 2336 1127 2374 ἴδῃ
1140 2346 1168 2363 σε
1183 2334 1226 2362 τὸν
1240 2333 1333 2371 ἔχοντα
1349 2334 1443 2370 γνῶσιν
1460 2333 1486 2359 ἐν
1501 2331 1621 2371 ἀσθενείᾳ
1638 2332 1801 2370 κατακείμε-

1034 2394 1087 2416 νον,
1107 2381 1166 2419 οὖχὶ
1183 2382 1199 2415 ἡ
1215 2379 1360 2414 συνείδησις
1375 2380 1453 2407 αὐτοῦ
1474 2380 1596 2410 ἀσθενοῦς
1610 2378 1682 2410 ὄντος
1697 2380 1801 2408 οἰκοδο-

1037 2427 1184 2467 μηθήσεται
1196 2428 1232 2458 εἷς
1250 2426 1279 2454 τὸ
1295 2425 1328 2454 τὰ
1343 2426 1437 2459 ἀσθενῆ
1454 2427 1608 2462 μιμεὶσθαι;
1627 2425 1661 2453 Εἰ
1681 2423 1728 2463 μὲν
1749 2425 1800 2464 γὰρ

1043 2531 1340 2564 ru=nexemp1um.t³ossi<
1350 2532 1424 2555 etiam
1439 2530 1517 2562 legere
1530 2531 1709 2563 ἀπέχοντι-ΗΜ
1721 2530 1798 2556 scrib.

1043 2572 1190 2607 γνωρίσουσι]
