<?xml version="1.0" encoding="UTF-8"?>
<!DOCTYPE html PUBLIC "-//W3C//DTD XHTML 1.0 Transitional//EN"
    "http://www.w3.org/TR/xhtml1/DTD/xhtml1-transitional.dtd">
<html xmlns="http://www.w3.org/1999/xhtml" xml:lang="en" lang="en">
 <head>
  <title>
</title>
<meta http-equiv="Content-Type" content="text/html;charset=utf-8" />
  <meta name='ocr-system' content='tesseract 3.04.00' />
  <meta name='ocr-capabilities' content='ocr_page ocr_carea ocr_par ocr_line ocrx_word'/>
</head>
<body>
  <div class='ocr_page' id='page_1' title='image "./operaomniaquaeex13johnuoft_0694.png"; bbox 0 0 1884 2922; ppageno 0'>
   <div class='ocr_carea' id='block_1_1' title="bbox 237 194 983 1394">
    <p class='ocr_par' dir='ltr' id='par_1_1' title="bbox 237 194 979 477">
     <span class='ocr_line' id='line_1_1' title="bbox 237 194 306 231; baseline -0.043 0"><span class='ocrx_word' id='word_1_1' title='bbox 237 194 306 231; x_wconf 67' lang='lat'>236</span> 
     </span>
     <span class='ocr_line' id='line_1_2' title="bbox 238 258 979 305; baseline -0.016 -9"><span class='ocrx_word' id='word_1_2' title='bbox 238 274 322 297; x_wconf 78' lang='lat' dir='ltr'>catur</span> <span class='ocrx_word' id='word_1_3' title='bbox 340 271 488 305; x_wconf 75' lang='lat' dir='ltr'>peccatum</span> <span class='ocrx_word' id='word_1_4' title='bbox 505 275 523 292; x_wconf 87' lang='grc' dir='ltr'><em>α</em></span> <span class='ocrx_word' id='word_1_5' title='bbox 539 263 645 292; x_wconf 79' lang='lat' dir='ltr'>Paulo.</span> <span class='ocrx_word' id='word_1_6' title='bbox 666 268 733 289; x_wconf 80' lang='lat' dir='ltr'>VIII.</span> <span class='ocrx_word' id='word_1_7' title='bbox 749 265 810 287; x_wconf 74' lang='grc'>856.</span> <span class='ocrx_word' id='word_1_8' title='bbox 824 270 849 286; x_wconf 86' lang='grc'>0.</span> <span class='ocrx_word' id='word_1_9' title='bbox 867 258 979 286; x_wconf 82' lang='lat' dir='ltr'>camelo</span> 
     </span>
     <span class='ocr_line' id='line_1_3' title="bbox 240 303 978 349; baseline -0.016 -10"><span class='ocrx_word' id='word_1_10' title='bbox 240 316 440 349; x_wconf 78' lang='lat' dir='ltr'>comparatus,</span> <span class='ocrx_word' id='word_1_11' title='bbox 460 314 577 346; x_wconf 76' lang='lat' dir='ltr'>propter</span> <span class='ocrx_word' id='word_1_12' title='bbox 590 305 780 334; x_wconf 73' lang='lat' dir='ltr'><em>calliditatem</em></span> <span class='ocrx_word' id='word_1_13' title='bbox 797 309 822 329; x_wconf 85' lang='lat' dir='ltr'>et</span> <span class='ocrx_word' id='word_1_14' title='bbox 839 303 978 339; x_wconf 78' lang='lat' dir='ltr'>furorem.</span> 
     </span>
     <span class='ocr_line' id='line_1_4' title="bbox 244 348 978 386; baseline -0.018 -3"><span class='ocrx_word' id='word_1_15' title='bbox 244 362 313 382; x_wconf 72' lang='lat' dir='ltr'>UII.</span> <span class='ocrx_word' id='word_1_16' title='bbox 331 357 436 381; x_wconf 74' lang='grc' dir='ltr'>1“»1.“ἰ.(ῑ.</span> <span class='ocrx_word' id='word_1_17' title='bbox 454 351 572 379; x_wconf 62' lang='lat' dir='ltr'>Diaboli</span> <span class='ocrx_word' id='word_1_18' title='bbox 584 348 753 386; x_wconf 69' lang='lat' dir='ltr'>vigilantia.</span> <span class='ocrx_word' id='word_1_19' title='bbox 771 352 800 373; x_wconf 73' lang='lat' dir='ltr'>V.</span> <span class='ocrx_word' id='word_1_20' title='bbox 815 349 880 374; x_wconf 76' lang='lat'>712.</span> <span class='ocrx_word' id='word_1_21' title='bbox 899 357 923 372; x_wconf 80' lang='grc' dir='ltr'>Α.</span> <span class='ocrx_word' id='word_1_22' title='bbox 952 354 978 374; x_wconf 75' lang='lat' dir='ltr'>n,</span> 
     </span>
     <span class='ocr_line' id='line_1_5' title="bbox 242 388 978 426; baseline -0.015 -1"><span class='ocrx_word' id='word_1_23' title='bbox 242 397 385 425; x_wconf 69' lang='lat' dir='ltr'>Diabolus</span> <span class='ocrx_word' id='word_1_24' title='bbox 408 396 499 421; x_wconf 78' lang='lat' dir='ltr'>tribus</span> <span class='ocrx_word' id='word_1_25' title='bbox 520 394 611 420; x_wconf 78' lang='lat' dir='ltr'>utitur</span> <span class='ocrx_word' id='word_1_26' title='bbox 625 392 732 419; x_wconf 76' lang='lat' dir='ltr'>retibus</span> <span class='ocrx_word' id='word_1_27' title='bbox 744 411 751 425; x_wconf 83' lang='lat'><em>‚</em></span> <span class='ocrx_word' id='word_1_28' title='bbox 769 389 878 417; x_wconf 79' lang='lat' dir='ltr'>scilicet</span> <span class='ocrx_word' id='word_1_29' title='bbox 893 388 978 426; x_wconf 63' lang='lat' dir='ltr'>gutte,</span> 
     </span>
     <span class='ocr_line' id='line_1_6' title="bbox 242 437 842 477; baseline -0.017 -8"><span class='ocrx_word' id='word_1_30' title='bbox 242 451 330 469; x_wconf 62' lang='lat' dir='ltr'>‘vante</span> <span class='ocrx_word' id='word_1_31' title='bbox 341 440 454 477; x_wconf 76' lang='lat' dir='ltr'>glorioe’,</span> <span class='ocrx_word' id='word_1_32' title='bbox 471 444 498 464; x_wconf 81' lang='lat' dir='ltr'>et</span> <span class='ocrx_word' id='word_1_33' title='bbox 513 437 655 464; x_wconf 52' lang='lat' dir='ltr'>avaritiae.</span> <span class='ocrx_word' id='word_1_34' title='bbox 676 441 720 462; x_wconf 60' lang='lat' dir='ltr'>Vl.</span> <span class='ocrx_word' id='word_1_35' title='bbox 735 437 799 461; x_wconf 74' lang='lat'>772.</span> <span class='ocrx_word' id='word_1_36' title='bbox 816 444 842 460; x_wconf 86' lang='lat' dir='ltr'>c.</span> 
     </span>
    </p>

    <p class='ocr_par' dir='ltr' id='par_1_2' title="bbox 244 484 978 564">
     <span class='ocr_line' id='line_1_7' title="bbox 280 484 978 526; baseline -0.014 -7"><span class='ocrx_word' id='word_1_37' title='bbox 280 495 458 519; x_wconf 54' lang='lat' dir='ltr'>Dmcomssffi</span> <span class='ocrx_word' id='word_1_38' title='bbox 486 488 510 515; x_wconf 92' lang='lat' dir='ltr'>in</span> <span class='ocrx_word' id='word_1_39' title='bbox 535 486 672 526; x_wconf 82' lang='lat' dir='ltr'>primitiva</span> <span class='ocrx_word' id='word_1_40' title='bbox 699 484 825 513; x_wconf 77' lang='lat' dir='ltr'><strong>Ecclesia.</strong></span> <span class='ocrx_word' id='word_1_41' title='bbox 850 490 896 512; x_wconf 84' lang='lat' dir='ltr'>XI.</span> <span class='ocrx_word' id='word_1_42' title='bbox 913 487 978 510; x_wconf 75' lang='grc'>667.</span> 
     </span>
     <span class='ocr_line' id='line_1_8' title="bbox 244 545 313 564; baseline -0.029 -1"><span class='ocrx_word' id='word_1_43' title='bbox 244 549 269 564; x_wconf 54' lang='grc' dir='ltr'>Α,</span> <span class='ocrx_word' id='word_1_44' title='bbox 290 545 313 562; x_wconf 79' lang='lat'>1³.</span> 
     </span>
    </p>

    <p class='ocr_par' dir='ltr' id='par_1_3' title="bbox 240 572 982 1224">
     <span class='ocr_line' id='line_1_9' title="bbox 282 572 980 616; baseline -0.013 -7"><span class='ocrx_word' id='word_1_45' title='bbox 282 586 402 610; x_wconf 64' lang='lat' dir='ltr'>Ducum</span> <span class='ocrx_word' id='word_1_46' title='bbox 427 590 520 608; x_wconf 75' lang='lat' dir='ltr'>nomen</span> <span class='ocrx_word' id='word_1_47' title='bbox 540 589 589 607; x_wconf 87' lang='lat' dir='ltr'>non</span> <span class='ocrx_word' id='word_1_48' title='bbox 617 578 692 606; x_wconf 84' lang='lat' dir='ltr'>initio</span> <span class='ocrx_word' id='word_1_49' title='bbox 712 574 907 616; x_wconf 76' lang='lat' dir='ltr'>praedieationis</span> <span class='ocrx_word' id='word_1_50' title='bbox 932 572 980 600; x_wconf 79' lang='lat' dir='ltr'>ad-</span> 
     </span>
     <span class='ocr_line' id='line_1_10' title="bbox 242 616 979 654; baseline -0.015 0"><span class='ocrx_word' id='word_1_51' title='bbox 242 625 353 654; x_wconf 77' lang='lat' dir='ltr'>missum</span> <span class='ocrx_word' id='word_1_52' title='bbox 378 623 439 650; x_wconf 89' lang='lat' dir='ltr'>snit.</span> <span class='ocrx_word' id='word_1_53' title='bbox 464 629 509 650; x_wconf 84' lang='lat' dir='ltr'>IX.</span> <span class='ocrx_word' id='word_1_54' title='bbox 534 626 595 650; x_wconf 86' lang='lat'>133.</span> <span class='ocrx_word' id='word_1_55' title='bbox 620 631 650 648; x_wconf 78' lang='lat' dir='ltr'>A.</span> <span class='ocrx_word' id='word_1_56' title='bbox 672 631 696 649; x_wconf 78' lang='grc' dir='ltr'>Β.</span> <span class='ocrx_word' id='word_1_57' title='bbox 714 618 827 647; x_wconf 73' lang='grc' dir='ltr'>Ι)ἰ.ιςοῐ]ἰ</span> <span class='ocrx_word' id='word_1_58' title='bbox 843 627 940 645; x_wconf 89' lang='lat' dir='ltr'>munus</span> <span class='ocrx_word' id='word_1_59' title='bbox 954 616 979 643; x_wconf 91' lang='lat' dir='ltr'>in</span> 
     </span>
     <span class='ocr_line' id='line_1_11' title="bbox 244 663 981 699; baseline -0.014 -2"><span class='ocrx_word' id='word_1_60' title='bbox 244 667 374 697; x_wconf 77' lang='lat' dir='ltr'>Ecclesia.</span> <span class='ocrx_word' id='word_1_61' title='bbox 393 673 439 695; x_wconf 88' lang='lat' dir='ltr'>XI.</span> <span class='ocrx_word' id='word_1_62' title='bbox 458 670 522 694; x_wconf 83' lang='lat'>610.</span> <span class='ocrx_word' id='word_1_63' title='bbox 536 675 560 692; x_wconf 78' lang='lat' dir='ltr'>E.</span> <span class='ocrx_word' id='word_1_64' title='bbox 575 664 652 692; x_wconf 84' lang='lat' dir='ltr'>Illius</span> <span class='ocrx_word' id='word_1_65' title='bbox 665 663 762 698; x_wconf 79' lang='lat' dir='ltr'>officia,</span> <span class='ocrx_word' id='word_1_66' title='bbox 776 669 800 690; x_wconf 84' lang='lat' dir='ltr'>et</span> <span class='ocrx_word' id='word_1_67' title='bbox 815 672 881 699; x_wconf 88' lang='lat' dir='ltr'>quos</span> <span class='ocrx_word' id='word_1_68' title='bbox 896 669 981 689; x_wconf 88' lang='lat' dir='ltr'>mores</span> 
     </span>
     <span class='ocr_line' id='line_1_12' title="bbox 242 705 980 740; baseline -0.012 0"><span class='ocrx_word' id='word_1_69' title='bbox 242 712 340 740; x_wconf 80' lang='lat' dir='ltr'>habere</span> <span class='ocrx_word' id='word_1_70' title='bbox 366 709 470 737; x_wconf 77' lang='lat' dir='ltr'>debeat.</span> <span class='ocrx_word' id='word_1_71' title='bbox 502 715 547 736; x_wconf 87' lang='lat' dir='ltr'>XI.</span> <span class='ocrx_word' id='word_1_72' title='bbox 574 712 636 735; x_wconf 85' lang='grc'>666.</span> <span class='ocrx_word' id='word_1_73' title='bbox 659 719 686 736; x_wconf 86' lang='lat' dir='ltr'>D.</span> <span class='ocrx_word' id='word_1_74' title='bbox 710 717 736 736; x_wconf 77' lang='grc' dir='ltr'>Ε.</span> <span class='ocrx_word' id='word_1_75' title='bbox 759 705 871 734; x_wconf 79' lang='lat' dir='ltr'>Diaconi</span> <span class='ocrx_word' id='word_1_76' title='bbox 893 705 918 732; x_wconf 91' lang='lat' dir='ltr'>in</span> <span class='ocrx_word' id='word_1_77' title='bbox 936 715 980 732; x_wconf 59' lang='lat' dir='ltr'>ec&gt;</span> 
     </span>
     <span class='ocr_line' id='line_1_13' title="bbox 241 747 980 790; baseline -0.012 -7"><span class='ocrx_word' id='word_1_78' title='bbox 241 756 321 783; x_wconf 81' lang='lat' dir='ltr'>clesia</span> <span class='ocrx_word' id='word_1_79' title='bbox 343 753 487 782; x_wconf 84' lang='lat' dir='ltr'>tumultum</span> <span class='ocrx_word' id='word_1_80' title='bbox 510 751 721 790; x_wconf 71' lang='lat' dir='ltr'>compescebant.</span> <span class='ocrx_word' id='word_1_81' title='bbox 735 756 779 778; x_wconf 80' lang='lat' dir='ltr'>Ix-</span> <span class='ocrx_word' id='word_1_82' title='bbox 797 753 858 776; x_wconf 82' lang='grc'>198.</span> <span class='ocrx_word' id='word_1_83' title='bbox 875 759 901 776; x_wconf 90' lang='lat' dir='ltr'>c.</span> <span class='ocrx_word' id='word_1_84' title='bbox 918 747 980 775; x_wconf 83' lang='lat' dir='ltr'>Dia-</span> 
     </span>
     <span class='ocr_line' id='line_1_14' title="bbox 241 791 982 833; baseline -0.012 -6"><span class='ocrx_word' id='word_1_85' title='bbox 241 799 299 827; x_wconf 80' lang='lat' dir='ltr'>coni</span> <span class='ocrx_word' id='word_1_86' title='bbox 323 808 376 826; x_wconf 76' lang='lat' dir='ltr'>vox</span> <span class='ocrx_word' id='word_1_87' title='bbox 399 797 424 824; x_wconf 91' lang='lat' dir='ltr'>in</span> <span class='ocrx_word' id='word_1_88' title='bbox 448 795 570 833; x_wconf 81' lang='lat' dir='ltr'>Liturgia</span> <span class='ocrx_word' id='word_1_89' title='bbox 598 794 729 833; x_wconf 87' lang='lat' dir='ltr'>populum</span> <span class='ocrx_word' id='word_1_90' title='bbox 753 791 926 820; x_wconf 77' lang='lat' dir='ltr'>dimittentis:</span> <span class='ocrx_word' id='word_1_91' title='bbox 946 793 982 819; x_wconf 81' lang='lat' dir='ltr'>In</span> 
     </span>
     <span class='ocr_line' id='line_1_15' title="bbox 240 835 981 880; baseline -0.011 -9"><span class='ocrx_word' id='word_1_92' title='bbox 240 853 312 880; x_wconf 84' lang='lat' dir='ltr'>paee</span> <span class='ocrx_word' id='word_1_93' title='bbox 339 842 484 869; x_wconf 79' lang='lat' dir='ltr'><em>discedite.</em></span> <span class='ocrx_word' id='word_1_94' title='bbox 506 846 526 866; x_wconf 93' lang='lat' dir='ltr'>I.</span> <span class='ocrx_word' id='word_1_95' title='bbox 557 843 622 867; x_wconf 64' lang='lat'>749.</span> <span class='ocrx_word' id='word_1_96' title='bbox 647 848 672 867; x_wconf 74' lang='lat' dir='ltr'>c..</span> <span class='ocrx_word' id='word_1_97' title='bbox 697 848 725 865; x_wconf 89' lang='lat' dir='ltr'>D.</span> <span class='ocrx_word' id='word_1_98' title='bbox 743 841 809 865; x_wconf 76' lang='lat'>750.</span> <span class='ocrx_word' id='word_1_99' title='bbox 827 842 853 864; x_wconf 83' lang='lat' dir='ltr'>ct</span> <span class='ocrx_word' id='word_1_100' title='bbox 879 835 913 863; x_wconf 83' lang='lat' dir='ltr'>ad</span> <span class='ocrx_word' id='word_1_101' title='bbox 938 842 981 863; x_wconf 84' lang='lat' dir='ltr'>at-</span> 
     </span>
     <span class='ocr_line' id='line_1_16' title="bbox 240 880 979 914; baseline -0.008 0"><span class='ocrx_word' id='word_1_102' title='bbox 240 886 385 914; x_wconf 75' lang='lat' dir='ltr'>tentionem</span> <span class='ocrx_word' id='word_1_103' title='bbox 398 883 531 912; x_wconf 71' lang='lat' dir='ltr'><strong>auditores</strong></span> <span class='ocrx_word' id='word_1_104' title='bbox 544 881 684 910; x_wconf 70' lang='lat' dir='ltr'>excitantis</span> <span class='ocrx_word' id='word_1_105' title='bbox 699 892 704 907; x_wconf 89' lang='lat'>:</span> <span class='ocrx_word' id='word_1_106' title='bbox 718 880 925 908; x_wconf 75' lang='lat' dir='ltr'>Attendamus.</span> <span class='ocrx_word' id='word_1_107' title='bbox 935 887 979 908; x_wconf 82' lang='lat' dir='ltr'>IX.</span> 
     </span>
     <span class='ocr_line' id='line_1_17' title="bbox 243 923 980 962; baseline -0.011 -4"><span class='ocrx_word' id='word_1_108' title='bbox 243 934 306 958; x_wconf 85' lang='grc'>169.</span> <span class='ocrx_word' id='word_1_109' title='bbox 322 939 349 956; x_wconf 74' lang='grc' dir='ltr'>Ε.</span> <span class='ocrx_word' id='word_1_110' title='bbox 366 926 479 955; x_wconf 66' lang='lat' dir='ltr'>Diaconi</span> <span class='ocrx_word' id='word_1_111' title='bbox 494 936 546 954; x_wconf 76' lang='lat' dir='ltr'>vox</span> <span class='ocrx_word' id='word_1_112' title='bbox 560 925 585 953; x_wconf 91' lang='lat' dir='ltr'>in</span> <span class='ocrx_word' id='word_1_113' title='bbox 602 924 723 962; x_wconf 74' lang='lat' dir='ltr'>Liturgia</span> <span class='ocrx_word' id='word_1_114' title='bbox 742 930 770 951; x_wconf 80' lang='lat' dir='ltr'>ut</span> <span class='ocrx_word' id='word_1_115' title='bbox 785 923 816 951; x_wconf 81' lang='lat' dir='ltr'>ad</span> <span class='ocrx_word' id='word_1_116' title='bbox 836 923 980 951; x_wconf 80' lang='lat' dir='ltr'>orationem</span> 
     </span>
     <span class='ocr_line' id='line_1_18' title="bbox 242 970 979 1012; baseline -0.008 -11"><span class='ocrx_word' id='word_1_117' title='bbox 242 977 387 1012; x_wconf 77' lang='lat' dir='ltr'>provocet:</span> <span class='ocrx_word' id='word_1_118' title='bbox 408 972 531 999; x_wconf 81' lang='lat' dir='ltr'>Oremus</span> <span class='ocrx_word' id='word_1_119' title='bbox 547 979 599 1006; x_wconf 83' lang='lat' dir='ltr'>pro</span> <span class='ocrx_word' id='word_1_120' title='bbox 620 970 759 1006; x_wconf 78' lang='lat' dir='ltr'>episcopo,</span> <span class='ocrx_word' id='word_1_121' title='bbox 775 973 799 995; x_wconf 84' lang='lat' dir='ltr'>et</span> <span class='ocrx_word' id='word_1_122' title='bbox 820 973 979 1003; x_wconf 75' lang='lat' dir='ltr'><em>senectute,</em></span> 
     </span>
     <span class='ocr_line' id='line_1_19' title="bbox 241 1011 982 1054; baseline -0.007 -10"><span class='ocrx_word' id='word_1_123' title='bbox 241 1027 278 1044; x_wconf 81' lang='lat' dir='ltr'>ac</span> <span class='ocrx_word' id='word_1_124' title='bbox 291 1017 466 1054; x_wconf 67' lang='lat' dir='ltr'>patrocimo,</span> <span class='ocrx_word' id='word_1_125' title='bbox 480 1020 566 1051; x_wconf 79' lang='lat' dir='ltr'>atque</span> <span class='ocrx_word' id='word_1_126' title='bbox 582 1017 626 1049; x_wconf 78' lang='lat' dir='ltr'>ut,</span> <span class='ocrx_word' id='word_1_127' title='bbox 639 1018 689 1039; x_wconf 81' lang='lat' dir='ltr'>etc.</span> <span class='ocrx_word' id='word_1_128' title='bbox 704 1018 749 1040; x_wconf 76' lang='lat' dir='ltr'>VI.</span> <span class='ocrx_word' id='word_1_129' title='bbox 762 1015 826 1038; x_wconf 82' lang='lat'>215.</span> <span class='ocrx_word' id='word_1_130' title='bbox 849 1022 873 1039; x_wconf 79' lang='lat' dir='ltr'>A.</span> <span class='ocrx_word' id='word_1_131' title='bbox 889 1011 982 1039; x_wconf 87' lang='lat' dir='ltr'>Diaco-</span> 
     </span>
     <span class='ocr_line' id='line_1_20' title="bbox 242 1055 980 1095; baseline -0.008 -8"><span class='ocrx_word' id='word_1_132' title='bbox 242 1070 293 1088; x_wconf 87' lang='lat' dir='ltr'>nus</span> <span class='ocrx_word' id='word_1_133' title='bbox 308 1058 441 1086; x_wconf 76' lang='lat' dir='ltr'>clamabat</span> <span class='ocrx_word' id='word_1_134' title='bbox 455 1069 460 1083; x_wconf 91' lang='lat'>:</span> <span class='ocrx_word' id='word_1_135' title='bbox 478 1058 535 1085; x_wconf 83' lang='lat' dir='ltr'>Pro</span> <span class='ocrx_word' id='word_1_136' title='bbox 548 1057 582 1084; x_wconf 77' lang='lat' dir='ltr'>iis</span> <span class='ocrx_word' id='word_1_137' title='bbox 597 1057 647 1094; x_wconf 83' lang='lat' dir='ltr'>qui</span> <span class='ocrx_word' id='word_1_138' title='bbox 660 1055 789 1095; x_wconf 63' lang='lat' dir='ltr'>dqumcti</span> <span class='ocrx_word' id='word_1_139' title='bbox 799 1061 876 1089; x_wconf 78' lang='lat' dir='ltr'>sunt,</span> <span class='ocrx_word' id='word_1_140' title='bbox 891 1061 918 1082; x_wconf 78' lang='lat' dir='ltr'>et</span> <span class='ocrx_word' id='word_1_141' title='bbox 929 1065 980 1093; x_wconf 78' lang='lat' dir='ltr'>pro</span> 
     </span>
     <span class='ocr_line' id='line_1_21' title="bbox 242 1099 978 1141; baseline -0.008 -11"><span class='ocrx_word' id='word_1_142' title='bbox 242 1105 277 1130; x_wconf 81' lang='lat' dir='ltr'>iis</span> <span class='ocrx_word' id='word_1_143' title='bbox 288 1104 337 1141; x_wconf 78' lang='lat' dir='ltr'>qui</span> <span class='ocrx_word' id='word_1_144' title='bbox 349 1102 464 1129; x_wconf 79' lang='lat' dir='ltr'>illorum</span> <span class='ocrx_word' id='word_1_145' title='bbox 482 1101 649 1127; x_wconf 79' lang='lat' dir='ltr'>memoriam</span> <span class='ocrx_word' id='word_1_146' title='bbox 663 1099 790 1137; x_wconf 77' lang='lat' dir='ltr'>faciunt.</span> <span class='ocrx_word' id='word_1_147' title='bbox 808 1103 854 1125; x_wconf 91' lang='lat' dir='ltr'>IX.</span> <span class='ocrx_word' id='word_1_148' title='bbox 873 1102 935 1125; x_wconf 85' lang='lat'>188.</span> <span class='ocrx_word' id='word_1_149' title='bbox 953 1110 978 1126; x_wconf 76' lang='lat' dir='ltr'>A.</span> 
     </span>
     <span class='ocr_line' id='line_1_22' title="bbox 242 1140 978 1183; baseline -0.01 -9"><span class='ocrx_word' id='word_1_150' title='bbox 242 1145 444 1183; x_wconf 82' lang='lat' dir='ltr'>Energumenos</span> <span class='ocrx_word' id='word_1_151' title='bbox 461 1149 484 1170; x_wconf 87' lang='lat' dir='ltr'>ct</span> <span class='ocrx_word' id='word_1_152' title='bbox 501 1142 677 1170; x_wconf 71' lang='lat' dir='ltr'>daemoniacos</span> <span class='ocrx_word' id='word_1_153' title='bbox 692 1140 726 1168; x_wconf 75' lang='lat' dir='ltr'>ad</span> <span class='ocrx_word' id='word_1_154' title='bbox 739 1140 883 1168; x_wconf 80' lang='lat' dir='ltr'>orationem</span> <span class='ocrx_word' id='word_1_155' title='bbox 897 1140 978 1168; x_wconf 71' lang='lat' dir='ltr'>indu·</span> 
     </span>
     <span class='ocr_line' id='line_1_23' title="bbox 243 1184 830 1224; baseline -0.007 -8"><span class='ocrx_word' id='word_1_156' title='bbox 243 1188 289 1221; x_wconf 86' lang='lat' dir='ltr'>cit,</span> <span class='ocrx_word' id='word_1_157' title='bbox 306 1194 330 1216; x_wconf 87' lang='lat' dir='ltr'>et</span> <span class='ocrx_word' id='word_1_158' title='bbox 345 1188 432 1224; x_wconf 78' lang='lat' dir='ltr'>capita</span> <span class='ocrx_word' id='word_1_159' title='bbox 447 1185 574 1213; x_wconf 81' lang='lat' dir='ltr'>inclinare</span> <span class='ocrx_word' id='word_1_160' title='bbox 586 1184 670 1222; x_wconf 67' lang='lat' dir='ltr'>jubet.</span> <span class='ocrx_word' id='word_1_161' title='bbox 687 1191 708 1212; x_wconf 91' lang='lat' dir='ltr'>I.</span> <span class='ocrx_word' id='word_1_162' title='bbox 728 1187 790 1211; x_wconf 60' lang='lat'>585.</span> <span class='ocrx_word' id='word_1_163' title='bbox 807 1193 830 1212; x_wconf 79' lang='grc' dir='ltr'>Β.</span> 
     </span>
    </p>

    <p class='ocr_par' dir='ltr' id='par_1_4' title="bbox 243 1230 983 1394">
     <span class='ocr_line' id='line_1_24' title="bbox 281 1230 980 1271; baseline -0.01 -8"><span class='ocrx_word' id='word_1_164' title='bbox 281 1234 394 1263; x_wconf 86' lang='lat' dir='ltr'>Diaconi</span> <span class='ocrx_word' id='word_1_165' title='bbox 414 1233 605 1271; x_wconf 78' lang='lat' dir='ltr'>Chrysostomo</span> <span class='ocrx_word' id='word_1_166' title='bbox 627 1230 766 1258; x_wconf 73' lang='lat' dir='ltr'>familiaris</span> <span class='ocrx_word' id='word_1_167' title='bbox 790 1230 911 1267; x_wconf 80' lang='lat' dir='ltr'>historia,</span> <span class='ocrx_word' id='word_1_168' title='bbox 936 1233 980 1269; x_wconf 81' lang='lat' dir='ltr'>qni</span> 
     </span>
     <span class='ocr_line' id='line_1_25' title="bbox 243 1273 983 1315; baseline -0.007 -8"><span class='ocrx_word' id='word_1_169' title='bbox 243 1278 342 1306; x_wconf 79' lang='lat' dir='ltr'>multos</span> <span class='ocrx_word' id='word_1_170' title='bbox 350 1275 510 1315; x_wconf 77' lang='lat' dir='ltr'>baptizavit,</span> <span class='ocrx_word' id='word_1_171' title='bbox 520 1275 626 1302; x_wconf 77' lang='lat' dir='ltr'>absente</span> <span class='ocrx_word' id='word_1_172' title='bbox 635 1273 758 1313; x_wconf 84' lang='lat' dir='ltr'>episcopo</span> <span class='ocrx_word' id='word_1_173' title='bbox 770 1280 794 1301; x_wconf 78' lang='lat' dir='ltr'>et</span> <span class='ocrx_word' id='word_1_174' title='bbox 805 1274 878 1301; x_wconf 92' lang='lat' dir='ltr'>nullo</span> <span class='ocrx_word' id='word_1_175' title='bbox 891 1284 983 1302; x_wconf 84' lang='lat' dir='ltr'>curan-</span> 
     </span>
     <span class='ocr_line' id='line_1_26' title="bbox 244 1317 981 1361; baseline -0.004 -12"><span class='ocrx_word' id='word_1_176' title='bbox 244 1330 269 1349; x_wconf 85' lang='lat' dir='ltr'>te</span> <span class='ocrx_word' id='word_1_177' title='bbox 282 1321 447 1361; x_wconf 82' lang='lat' dir='ltr'>presbytero.</span> <span class='ocrx_word' id='word_1_178' title='bbox 467 1326 513 1348; x_wconf 85' lang='lat' dir='ltr'>IX.</span> <span class='ocrx_word' id='word_1_179' title='bbox 526 1322 590 1346; x_wconf 78' lang='lat'>392.</span> <span class='ocrx_word' id='word_1_180' title='bbox 608 1328 635 1345; x_wconf 77' lang='lat' dir='ltr'>F..</span> <span class='ocrx_word' id='word_1_181' title='bbox 650 1317 830 1345; x_wconf 78' lang='lat' dir='ltr'>Diaconorum</span> <span class='ocrx_word' id='word_1_182' title='bbox 842 1317 902 1344; x_wconf 82' lang='lat' dir='ltr'>alba</span> <span class='ocrx_word' id='word_1_183' title='bbox 914 1318 981 1346; x_wconf 81' lang='lat' dir='ltr'>Iuni-</span> 
     </span>
     <span class='ocr_line' id='line_1_27' title="bbox 244 1361 981 1394; baseline -0.007 0"><span class='ocrx_word' id='word_1_184' title='bbox 244 1369 420 1394; x_wconf 63' lang='lat' dir='ltr'>ca-I&#39;11.891.</span> <span class='ocrx_word' id='word_1_185' title='bbox 440 1373 468 1391; x_wconf 87' lang='lat' dir='ltr'>D.</span> <span class='ocrx_word' id='word_1_186' title='bbox 480 1361 775 1390; x_wconf 72' lang='lat' dir='ltr'>Diaconorumstoloe.</span> <span class='ocrx_word' id='word_1_187' title='bbox 794 1368 862 1389; x_wconf 67' lang='lat' dir='ltr'>VIII.</span> <span class='ocrx_word' id='word_1_188' title='bbox 879 1366 943 1392; x_wconf 83' lang='grc'>655.</span> <span class='ocrx_word' id='word_1_189' title='bbox 957 1375 981 1391; x_wconf 65' lang='grc' dir='ltr'>Α.</span> 
     </span>
    </p>
   </div>
   <div class='ocr_carea' id='block_1_2' title="bbox 242 1412 985 1792">
    <p class='ocr_par' dir='ltr' id='par_1_5' title="bbox 243 1412 983 1572">
     <span class='ocr_line' id='line_1_28' title="bbox 283 1412 983 1449; baseline -0.003 -8"><span class='ocrx_word' id='word_1_190' title='bbox 283 1416 414 1441; x_wconf 65' lang='lat' dir='ltr'>Dunfinn</span> <span class='ocrx_word' id='word_1_191' title='bbox 437 1412 643 1449; x_wconf 75' lang='lat' dir='ltr'>Imperatorum.</span> <span class='ocrx_word' id='word_1_192' title='bbox 670 1417 716 1438; x_wconf 98' lang='lat' dir='ltr'>XI.</span> <span class='ocrx_word' id='word_1_193' title='bbox 742 1414 788 1438; x_wconf 85' lang='grc'>61,</span> <span class='ocrx_word' id='word_1_194' title='bbox 813 1420 837 1438; x_wconf 76' lang='grc' dir='ltr'>Β.</span> <span class='ocrx_word' id='word_1_195' title='bbox 865 1420 898 1439; x_wconf 78' lang='lat' dir='ltr'>ex</span> <span class='ocrx_word' id='word_1_196' title='bbox 919 1422 983 1439; x_wconf 83' lang='lat' dir='ltr'>auro</span> 
     </span>
     <span class='ocr_line' id='line_1_29' title="bbox 243 1453 983 1492; baseline -0.001 -7"><span class='ocrx_word' id='word_1_197' title='bbox 243 1456 331 1486; x_wconf 84' lang='lat' dir='ltr'>solido</span> <span class='ocrx_word' id='word_1_198' title='bbox 347 1455 494 1484; x_wconf 80' lang='lat' dir='ltr'>confectum</span> <span class='ocrx_word' id='word_1_199' title='bbox 509 1460 533 1482; x_wconf 79' lang='lat' dir='ltr'>et</span> <span class='ocrx_word' id='word_1_200' title='bbox 546 1453 648 1492; x_wconf 85' lang='lat' dir='ltr'>lapillis</span> <span class='ocrx_word' id='word_1_201' title='bbox 667 1460 800 1481; x_wconf 77' lang='lat' dir='ltr'>ornatum.</span> <span class='ocrx_word' id='word_1_202' title='bbox 819 1461 863 1483; x_wconf 87' lang='lat'>111.</span> <span class='ocrx_word' id='word_1_203' title='bbox 879 1459 940 1483; x_wconf 82' lang='lat'>161.</span> <span class='ocrx_word' id='word_1_204' title='bbox 956 1465 983 1484; x_wconf 87' lang='lat' dir='ltr'>D.</span> 
     </span>
     <span class='ocr_line' id='line_1_30' title="bbox 243 1498 982 1536; baseline -0.001 -8"><span class='ocrx_word' id='word_1_205' title='bbox 243 1499 377 1530; x_wconf 81' lang='lat' dir='ltr'>Diadema</span> <span class='ocrx_word' id='word_1_206' title='bbox 391 1505 466 1527; x_wconf 86' lang='lat' dir='ltr'>ornat</span> <span class='ocrx_word' id='word_1_207' title='bbox 483 1504 562 1536; x_wconf 84' lang='lat' dir='ltr'>caput</span> <span class='ocrx_word' id='word_1_208' title='bbox 578 1498 773 1535; x_wconf 73' lang='lat' dir='ltr'>Imperatorum</span> <span class='ocrx_word' id='word_1_209' title='bbox 793 1509 798 1525; x_wconf 73' lang='grc' dir='ltr'>ε</span> <span class='ocrx_word' id='word_1_210' title='bbox 815 1507 882 1525; x_wconf 85' lang='lat' dir='ltr'>crux</span> <span class='ocrx_word' id='word_1_211' title='bbox 894 1505 982 1527; x_wconf 82' lang='lat' dir='ltr'>autem</span> 
     </span>
     <span class='ocr_line' id='line_1_31' title="bbox 246 1543 647 1572; baseline -0.005 -1"><span class='ocrx_word' id='word_1_212' title='bbox 246 1543 334 1572; x_wconf 83' lang='lat' dir='ltr'>munit</span> <span class='ocrx_word' id='word_1_213' title='bbox 346 1549 470 1571; x_wconf 85' lang='lat' dir='ltr'>mentem.</span> <span class='ocrx_word' id='word_1_214' title='bbox 488 1548 520 1569; x_wconf 76' lang='lat' dir='ltr'>V.</span> <span class='ocrx_word' id='word_1_215' title='bbox 539 1546 604 1570; x_wconf 84' lang='lat'>310.</span> <span class='ocrx_word' id='word_1_216' title='bbox 621 1551 647 1569; x_wconf 74' lang='grc' dir='ltr'>Β.</span> 
     </span>
    </p>

    <p class='ocr_par' dir='ltr' id='par_1_6' title="bbox 242 1588 985 1792">
     <span class='ocr_line' id='line_1_32' title="bbox 288 1588 983 1627; baseline 0.001 -9"><span class='ocrx_word' id='word_1_217' title='bbox 288 1593 433 1618; x_wconf 67' lang='lat' dir='ltr'>Duooms</span> <span class='ocrx_word' id='word_1_218' title='bbox 447 1588 549 1617; x_wconf 83' lang='lat' dir='ltr'>celeber</span> <span class='ocrx_word' id='word_1_219' title='bbox 561 1588 748 1627; x_wconf 86' lang='lat' dir='ltr'>philosophus.</span> <span class='ocrx_word' id='word_1_220' title='bbox 767 1596 801 1617; x_wconf 90' lang='lat' dir='ltr'>II.</span> <span class='ocrx_word' id='word_1_221' title='bbox 826 1594 889 1618; x_wconf 86' lang='grc'>597.</span> <span class='ocrx_word' id='word_1_222' title='bbox 903 1590 983 1619; x_wconf 84' lang='lat' dir='ltr'>Multi</span> 
     </span>
     <span class='ocr_line' id='line_1_33' title="bbox 244 1631 984 1672; baseline 0.001 -11"><span class='ocrx_word' id='word_1_223' title='bbox 244 1634 330 1661; x_wconf 83' lang='lat' dir='ltr'>conati</span> <span class='ocrx_word' id='word_1_224' title='bbox 343 1639 404 1661; x_wconf 87' lang='lat' dir='ltr'>sunt</span> <span class='ocrx_word' id='word_1_225' title='bbox 421 1632 494 1672; x_wconf 82' lang='lat' dir='ltr'>apud</span> <span class='ocrx_word' id='word_1_226' title='bbox 510 1632 619 1660; x_wconf 81' lang='lat' dir='ltr'>Graecos</span> <span class='ocrx_word' id='word_1_227' title='bbox 633 1631 772 1670; x_wconf 76' lang='lat' dir='ltr'>opiniones</span> <span class='ocrx_word' id='word_1_228' title='bbox 785 1642 875 1669; x_wconf 79' lang='lat' dir='ltr'>novas,</span> <span class='ocrx_word' id='word_1_229' title='bbox 890 1644 920 1661; x_wconf 83' lang='lat' dir='ltr'>ae</span> <span class='ocrx_word' id='word_1_230' title='bbox 934 1645 984 1672; x_wconf 86' lang='lat' dir='ltr'>pe-</span> 
     </span>
     <span class='ocr_line' id='line_1_34' title="bbox 242 1674 984 1715; baseline 0.001 -10"><span class='ocrx_word' id='word_1_231' title='bbox 242 1676 361 1714; x_wconf 82' lang='lat' dir='ltr'>regrinas</span> <span class='ocrx_word' id='word_1_232' title='bbox 385 1675 493 1705; x_wconf 77' lang='lat' dir='ltr'>vivendi</span> <span class='ocrx_word' id='word_1_233' title='bbox 520 1675 634 1703; x_wconf 80' lang='lat' dir='ltr'>rationes</span> <span class='ocrx_word' id='word_1_234' title='bbox 660 1674 804 1711; x_wconf 82' lang='lat' dir='ltr'>iuducere;</span> <span class='ocrx_word' id='word_1_235' title='bbox 828 1676 896 1705; x_wconf 84' lang='lat' dir='ltr'>inter</span> <span class='ocrx_word' id='word_1_236' title='bbox 919 1688 984 1715; x_wconf 89' lang='lat' dir='ltr'>quos</span> 
     </span>
     <span class='ocr_line' id='line_1_35' title="bbox 243 1718 985 1758; baseline 0.003 -10"><span class='ocrx_word' id='word_1_237' title='bbox 243 1721 389 1758; x_wconf 77' lang='lat' dir='ltr'>Diagoras.</span> <span class='ocrx_word' id='word_1_238' title='bbox 415 1727 436 1748; x_wconf 88' lang='lat'>1.</span> <span class='ocrx_word' id='word_1_239' title='bbox 467 1724 531 1747; x_wconf 76' lang='lat'>770.</span> <span class='ocrx_word' id='word_1_240' title='bbox 547 1731 573 1748; x_wconf 76' lang='lat' dir='ltr'>A.</span> <span class='ocrx_word' id='word_1_241' title='bbox 596 1718 726 1757; x_wconf 75' lang='lat' dir='ltr'>Diagoras</span> <span class='ocrx_word' id='word_1_242' title='bbox 753 1719 874 1748; x_wconf 86' lang='lat' dir='ltr'>Milesius</span> <span class='ocrx_word' id='word_1_243' title='bbox 897 1721 985 1750; x_wconf 91' lang='lat' dir='ltr'>nullos</span> 
     </span>
     <span class='ocr_line' id='line_1_36' title="bbox 245 1762 921 1792; baseline 0.001 -1"><span class='ocrx_word' id='word_1_244' title='bbox 245 1773 301 1792; x_wconf 86' lang='lat' dir='ltr'>csse</span> <span class='ocrx_word' id='word_1_245' title='bbox 317 1763 380 1791; x_wconf 82' lang='lat' dir='ltr'>deos</span> <span class='ocrx_word' id='word_1_246' title='bbox 400 1762 517 1792; x_wconf 76' lang='lat' dir='ltr'>dicebat.</span> <span class='ocrx_word' id='word_1_247' title='bbox 536 1769 569 1791; x_wconf 85' lang='lat' dir='ltr'>X.</span> <span class='ocrx_word' id='word_1_248' title='bbox 584 1766 630 1790; x_wconf 77' lang='lat'>35.</span> <span class='ocrx_word' id='word_1_249' title='bbox 647 1772 674 1790; x_wconf 87' lang='lat' dir='ltr'>D.</span> <span class='ocrx_word' id='word_1_250' title='bbox 690 1763 761 1790; x_wconf 83' lang='lat' dir='ltr'>Vide</span> <span class='ocrx_word' id='word_1_251' title='bbox 777 1770 877 1792; x_wconf 81' lang='lat' dir='ltr'>notam</span> <span class='ocrx_word' id='word_1_252' title='bbox 892 1765 921 1792; x_wconf 91' lang='lat' dir='ltr'>d.</span> 
     </span>
    </p>
   </div>
   <div class='ocr_carea' id='block_1_3' title="bbox 247 1810 986 2013">
    <p class='ocr_par' dir='ltr' id='par_1_7' title="bbox 247 1810 986 2013">
     <span class='ocr_line' id='line_1_37' title="bbox 286 1810 983 1849; baseline 0.006 -11"><span class='ocrx_word' id='word_1_253' title='bbox 286 1814 389 1840; x_wconf 60' lang='lat' dir='ltr'>Duxffi</span> <span class='ocrx_word' id='word_1_254' title='bbox 416 1820 528 1848; x_wconf 77' lang='lat' dir='ltr'>magnus</span> <span class='ocrx_word' id='word_1_255' title='bbox 554 1810 639 1838; x_wconf 89' lang='lat' dir='ltr'>honor</span> <span class='ocrx_word' id='word_1_256' title='bbox 671 1810 771 1849; x_wconf 80' lang='lat' dir='ltr'>Ephesi</span> <span class='ocrx_word' id='word_1_257' title='bbox 796 1811 914 1841; x_wconf 83' lang='lat' dir='ltr'>habitus.</span> <span class='ocrx_word' id='word_1_258' title='bbox 936 1821 983 1843; x_wconf 88' lang='lat' dir='ltr'>IX.</span> 
     </span>
     <span class='ocr_line' id='line_1_38' title="bbox 247 1853 986 1894; baseline 0.001 -10"><span class='ocrx_word' id='word_1_259' title='bbox 247 1860 312 1884; x_wconf 84' lang='lat'>355.</span> <span class='ocrx_word' id='word_1_260' title='bbox 335 1854 459 1893; x_wconf 81' lang='lat' dir='ltr'>Ephesus</span> <span class='ocrx_word' id='word_1_261' title='bbox 483 1861 570 1881; x_wconf 85' lang='lat' dir='ltr'>autem</span> <span class='ocrx_word' id='word_1_262' title='bbox 593 1860 647 1882; x_wconf 86' lang='lat' dir='ltr'>erat</span> <span class='ocrx_word' id='word_1_263' title='bbox 669 1853 789 1882; x_wconf 84' lang='lat' dir='ltr'>dedicata</span> <span class='ocrx_word' id='word_1_264' title='bbox 806 1855 911 1891; x_wconf 77' lang='lat' dir='ltr'>Dianae,</span> <span class='ocrx_word' id='word_1_265' title='bbox 927 1867 986 1894; x_wconf 81' lang='lat' dir='ltr'>quae</span> 
     </span>
     <span class='ocr_line' id='line_1_39' title="bbox 248 1897 985 1934; baseline 0.003 -7"><span class='ocrx_word' id='word_1_266' title='bbox 248 1899 306 1927; x_wconf 89' lang='lat' dir='ltr'>illic</span> <span class='ocrx_word' id='word_1_267' title='bbox 331 1898 467 1926; x_wconf 70' lang='lat' dir='ltr'>colebatur</span> <span class='ocrx_word' id='word_1_268' title='bbox 481 1904 616 1934; x_wconf 78' lang='lat' dir='ltr'>tamquam</span> <span class='ocrx_word' id='word_1_269' title='bbox 640 1897 756 1925; x_wconf 70' lang='lat' dir='ltr'>maxima</span> <span class='ocrx_word' id='word_1_270' title='bbox 777 1898 837 1928; x_wconf 79' lang='lat' dir='ltr'>dea.</span> <span class='ocrx_word' id='word_1_271' title='bbox 856 1907 901 1928; x_wconf 86' lang='lat' dir='ltr'>XI.</span> <span class='ocrx_word' id='word_1_272' title='bbox 918 1906 944 1928; x_wconf 94' lang='lat'>1.</span> <span class='ocrx_word' id='word_1_273' title='bbox 961 1913 985 1929; x_wconf 73' lang='lat' dir='ltr'>A.</span> 
     </span>
     <span class='ocr_line' id='line_1_40' title="bbox 247 1940 982 1978; baseline 0.004 -8"><span class='ocrx_word' id='word_1_274' title='bbox 247 1944 366 1970; x_wconf 76' lang='lat' dir='ltr'>Dicmoe‘</span> <span class='ocrx_word' id='word_1_275' title='bbox 380 1942 488 1969; x_wconf 81' lang='lat' dir='ltr'>oeditua</span> <span class='ocrx_word' id='word_1_276' title='bbox 510 1943 636 1978; x_wconf 76' lang='lat' dir='ltr'>imperite</span> <span class='ocrx_word' id='word_1_277' title='bbox 659 1942 700 1968; x_wconf 83' lang='lat' dir='ltr'>sic</span> <span class='ocrx_word' id='word_1_278' title='bbox 720 1940 808 1971; x_wconf 83' lang='lat' dir='ltr'>dicta.</span> <span class='ocrx_word' id='word_1_279' title='bbox 826 1949 858 1972; x_wconf 86' lang='lat' dir='ltr'>V.</span> <span class='ocrx_word' id='word_1_280' title='bbox 876 1947 938 1972; x_wconf 78' lang='grc'>676.</span> <span class='ocrx_word' id='word_1_281' title='bbox 958 1956 982 1973; x_wconf 79' lang='grc' dir='ltr'>Β.</span> 
     </span>
     <span class='ocr_line' id='line_1_41' title="bbox 249 1987 473 2013; baseline -0.009 0"><span class='ocrx_word' id='word_1_282' title='bbox 249 1987 318 2013; x_wconf 79' lang='lat' dir='ltr'>Vide</span> <span class='ocrx_word' id='word_1_283' title='bbox 332 1992 432 2013; x_wconf 82' lang='lat' dir='ltr'>notam</span> <span class='ocrx_word' id='word_1_284' title='bbox 446 1995 473 2012; x_wconf 80' lang='lat' dir='ltr'>a.</span> 
     </span>
    </p>
   </div>
   <div class='ocr_carea' id='block_1_4' title="bbox 245 2032 986 2594">
    <p class='ocr_par' dir='ltr' id='par_1_8' title="bbox 245 2032 986 2245">
     <span class='ocr_line' id='line_1_42' title="bbox 287 2032 982 2066; baseline 0.006 -4"><span class='ocrx_word' id='word_1_285' title='bbox 287 2038 449 2062; x_wconf 59' lang='lat' dir='ltr'>Drmssmu</span> <span class='ocrx_word' id='word_1_286' title='bbox 467 2032 597 2061; x_wconf 81' lang='lat' dir='ltr'>Hebraice</span> <span class='ocrx_word' id='word_1_287' title='bbox 612 2033 682 2060; x_wconf 82' lang='lat' dir='ltr'>sela.</span> <span class='ocrx_word' id='word_1_288' title='bbox 703 2040 734 2062; x_wconf 80' lang='lat' dir='ltr'>v.</span> <span class='ocrx_word' id='word_1_289' title='bbox 750 2039 813 2064; x_wconf 87' lang='grc'>183.</span> <span class='ocrx_word' id='word_1_290' title='bbox 831 2046 859 2063; x_wconf 85' lang='lat' dir='ltr'>n.</span> <span class='ocrx_word' id='word_1_291' title='bbox 875 2041 939 2065; x_wconf 87' lang='grc'>508.</span> <span class='ocrx_word' id='word_1_292' title='bbox 956 2048 982 2066; x_wconf 84' lang='grc' dir='ltr'>ι).</span> 
     </span>
     <span class='ocr_line' id='line_1_43' title="bbox 246 2076 986 2115; baseline 0.004 -9"><span class='ocrx_word' id='word_1_293' title='bbox 246 2078 275 2106; x_wconf 75' lang='lat' dir='ltr'>Si</span> <span class='ocrx_word' id='word_1_294' title='bbox 292 2085 380 2106; x_wconf 71' lang='lat' dir='ltr'>aulem</span> <span class='ocrx_word' id='word_1_295' title='bbox 396 2077 421 2105; x_wconf 87' lang='lat' dir='ltr'>in</span> <span class='ocrx_word' id='word_1_296' title='bbox 438 2076 525 2104; x_wconf 87' lang='lat' dir='ltr'>medio</span> <span class='ocrx_word' id='word_1_297' title='bbox 539 2076 635 2115; x_wconf 81' lang='lat' dir='ltr'>psalmi</span> <span class='ocrx_word' id='word_1_298' title='bbox 649 2077 738 2106; x_wconf 56' lang='lat' dir='ltr'>David</span> <span class='ocrx_word' id='word_1_299' title='bbox 751 2078 913 2108; x_wconf 81' lang='lat' dir='ltr'>existimaret</span> <span class='ocrx_word' id='word_1_300' title='bbox 925 2081 986 2109; x_wconf 81' lang='lat' dir='ltr'>reli-</span> 
     </span>
     <span class='ocr_line' id='line_1_44' title="bbox 247 2119 986 2161; baseline 0.005 -13"><span class='ocrx_word' id='word_1_301' title='bbox 247 2132 328 2159; x_wconf 75' lang='lat' dir='ltr'>quam</span> <span class='ocrx_word' id='word_1_302' title='bbox 340 2120 435 2160; x_wconf 80' lang='lat' dir='ltr'>psalmi</span> <span class='ocrx_word' id='word_1_303' title='bbox 449 2126 553 2158; x_wconf 78' lang='lat' dir='ltr'>partem</span> <span class='ocrx_word' id='word_1_304' title='bbox 568 2119 644 2147; x_wconf 83' lang='lat' dir='ltr'>alteri</span> <span class='ocrx_word' id='word_1_305' title='bbox 660 2119 740 2148; x_wconf 82' lang='lat' dir='ltr'>choro</span> <span class='ocrx_word' id='word_1_306' title='bbox 755 2122 986 2161; x_wconf 77' lang='lat' dir='ltr'>essetradendam,</span> 
     </span>
     <span class='ocr_line' id='line_1_45' title="bbox 245 2163 986 2203; baseline 0.005 -11"><span class='ocrx_word' id='word_1_307' title='bbox 245 2171 308 2192; x_wconf 85' lang='lat' dir='ltr'>tunc</span> <span class='ocrx_word' id='word_1_308' title='bbox 328 2165 384 2203; x_wconf 82' lang='lat' dir='ltr'>ipsa</span> <span class='ocrx_word' id='word_1_309' title='bbox 399 2164 473 2192; x_wconf 89' lang='lat' dir='ltr'>chori</span> <span class='ocrx_word' id='word_1_310' title='bbox 492 2163 623 2191; x_wconf 84' lang='lat' dir='ltr'>successio</span> <span class='ocrx_word' id='word_1_311' title='bbox 639 2163 664 2190; x_wconf 90' lang='lat' dir='ltr'>iu</span> <span class='ocrx_word' id='word_1_312' title='bbox 688 2164 791 2202; x_wconf 80' lang='lat' dir='ltr'>psalmo</span> <span class='ocrx_word' id='word_1_313' title='bbox 804 2165 870 2194; x_wconf 73' lang='lat' dir='ltr'>facta</span> <span class='ocrx_word' id='word_1_314' title='bbox 882 2189 890 2203; x_wconf 88' lang='lat'><em>,</em></span> <span class='ocrx_word' id='word_1_315' title='bbox 907 2177 986 2196; x_wconf 59' lang='lat' dir='ltr'>voca&lt;</span> 
     </span>
     <span class='ocr_line' id='line_1_46' title="bbox 245 2206 685 2245; baseline -0.002 -10"><span class='ocrx_word' id='word_1_316' title='bbox 245 2207 329 2235; x_wconf 76' lang='lat' dir='ltr'>batur</span> <span class='ocrx_word' id='word_1_317' title='bbox 346 2206 512 2245; x_wconf 85' lang='lat' dir='ltr'>Diapsalma.</span> <span class='ocrx_word' id='word_1_318' title='bbox 531 2213 563 2234; x_wconf 77' lang='lat' dir='ltr'>V.</span> <span class='ocrx_word' id='word_1_319' title='bbox 581 2210 644 2234; x_wconf 71' lang='grc'>619.</span> <span class='ocrx_word' id='word_1_320' title='bbox 659 2217 685 2234; x_wconf 79' lang='grc' dir='ltr'>Β.</span> 
     </span>
    </p>

    <p class='ocr_par' dir='ltr' id='par_1_9' title="bbox 286 2253 822 2291">
     <span class='ocr_line' id='line_1_47' title="bbox 286 2253 822 2291; baseline 0.009 -12"><span class='ocrx_word' id='word_1_321' title='bbox 286 2261 408 2287; x_wconf 44' lang='lat' dir='ltr'>3135·on</span> <span class='ocrx_word' id='word_1_322' title='bbox 422 2253 486 2291; x_wconf 86' lang='lat' dir='ltr'>qnid</span> <span class='ocrx_word' id='word_1_323' title='bbox 501 2253 641 2291; x_wconf 82' lang='lat' dir='ltr'>significet.</span> <span class='ocrx_word' id='word_1_324' title='bbox 656 2261 701 2285; x_wconf 91' lang='lat' dir='ltr'>XI.</span> <span class='ocrx_word' id='word_1_325' title='bbox 718 2259 779 2284; x_wconf 79' lang='lat'>292.</span> <span class='ocrx_word' id='word_1_326' title='bbox 797 2267 822 2284; x_wconf 91' lang='lat' dir='ltr'>c.</span> 
     </span>
    </p>

    <p class='ocr_par' dir='ltr' id='par_1_10' title="bbox 250 2297 985 2369">
     <span class='ocr_line' id='line_1_48' title="bbox 287 2297 985 2336; baseline 0.01 -12"><span class='ocrx_word' id='word_1_327' title='bbox 287 2301 398 2325; x_wconf 71' lang='lat' dir='ltr'>Dmrmx</span> <span class='ocrx_word' id='word_1_328' title='bbox 412 2297 504 2325; x_wconf 80' lang='lat' dir='ltr'>furiosi</span> <span class='ocrx_word' id='word_1_329' title='bbox 516 2297 668 2336; x_wconf 83' lang='lat' dir='ltr'>cujusdam,</span> <span class='ocrx_word' id='word_1_330' title='bbox 679 2299 725 2336; x_wconf 86' lang='lat' dir='ltr'>qui</span> <span class='ocrx_word' id='word_1_331' title='bbox 740 2299 909 2331; x_wconf 66' lang='lat' dir='ltr'>Christianus</span> <span class='ocrx_word' id='word_1_332' title='bbox 925 2313 985 2331; x_wconf 86' lang='lat' dir='ltr'>cen-</span> 
     </span>
     <span class='ocr_line' id='line_1_49' title="bbox 250 2341 511 2369; baseline 0 0"><span class='ocrx_word' id='word_1_333' title='bbox 250 2341 368 2369; x_wconf 73' lang='lat' dir='ltr'>sebatur.</span> <span class='ocrx_word' id='word_1_334' title='bbox 386 2347 406 2368; x_wconf 89' lang='lat' dir='ltr'>I.</span> <span class='ocrx_word' id='word_1_335' title='bbox 423 2345 467 2369; x_wconf 80' lang='lat'>56.</span> <span class='ocrx_word' id='word_1_336' title='bbox 487 2351 511 2369; x_wconf 75' lang='grc' dir='ltr'>Β.</span> 
     </span>
    </p>

    <p class='ocr_par' dir='ltr' id='par_1_11' title="bbox 287 2384 845 2418">
     <span class='ocr_line' id='line_1_50' title="bbox 287 2384 845 2418; baseline 0.013 -7"><span class='ocrx_word' id='word_1_337' title='bbox 287 2388 455 2412; x_wconf 55' lang='lat' dir='ltr'>Dmnscnw</span> <span class='ocrx_word' id='word_1_338' title='bbox 469 2394 516 2412; x_wconf 88' lang='lat' dir='ltr'>cur</span> <span class='ocrx_word' id='word_1_339' title='bbox 529 2384 645 2413; x_wconf 84' lang='lat' dir='ltr'>daretur.</span> <span class='ocrx_word' id='word_1_340' title='bbox 660 2393 719 2415; x_wconf 69' lang='lat' dir='ltr'>VII.</span> <span class='ocrx_word' id='word_1_341' title='bbox 737 2392 802 2418; x_wconf 86' lang='grc'>659.</span> <span class='ocrx_word' id='word_1_342' title='bbox 821 2400 845 2418; x_wconf 82' lang='lat' dir='ltr'>n.</span> 
     </span>
    </p>

    <p class='ocr_par' dir='ltr' id='par_1_12' title="bbox 251 2427 982 2502">
     <span class='ocr_line' id='line_1_51' title="bbox 288 2427 982 2465; baseline 0.012 -10"><span class='ocrx_word' id='word_1_343' title='bbox 288 2430 354 2456; x_wconf 79' lang='lat' dir='ltr'>Dii-:s</span> <span class='ocrx_word' id='word_1_344' title='bbox 377 2427 505 2465; x_wconf 84' lang='lat' dir='ltr'>septimus</span> <span class='ocrx_word' id='word_1_345' title='bbox 523 2439 536 2456; x_wconf 84' lang='lat' dir='ltr'>a</span> <span class='ocrx_word' id='word_1_346' title='bbox 561 2432 618 2457; x_wconf 85' lang='lat' dir='ltr'>Deo</span> <span class='ocrx_word' id='word_1_347' title='bbox 642 2430 807 2460; x_wconf 71' lang='lat' dir='ltr'>benedictus.</span> <span class='ocrx_word' id='word_1_348' title='bbox 825 2440 869 2462; x_wconf 80' lang='lat' dir='ltr'>IV.</span> <span class='ocrx_word' id='word_1_349' title='bbox 893 2439 937 2463; x_wconf 85' lang='grc'>96.</span> <span class='ocrx_word' id='word_1_350' title='bbox 957 2447 982 2464; x_wconf 62' lang='grc' dir='ltr'>Α.</span> 
     </span>
     <span class='ocr_line' id='line_1_52' title="bbox 251 2471 687 2502; baseline 0.009 -4"><span class='ocrx_word' id='word_1_351' title='bbox 251 2471 337 2499; x_wconf 74' lang='lat' dir='ltr'>Etiam</span> <span class='ocrx_word' id='word_1_352' title='bbox 352 2471 397 2498; x_wconf 85' lang='lat' dir='ltr'>alii</span> <span class='ocrx_word' id='word_1_353' title='bbox 413 2471 470 2499; x_wconf 89' lang='lat' dir='ltr'>dies</span> <span class='ocrx_word' id='word_1_354' title='bbox 482 2471 627 2501; x_wconf 81' lang='lat' dir='ltr'>benedieti.</span> <span class='ocrx_word' id='word_1_355' title='bbox 640 2476 687 2502; x_wconf 81' lang='grc' dir='ltr'>ΙΙ).</span> 
     </span>
    </p>

    <p class='ocr_par' dir='ltr' id='par_1_13' title="bbox 246 2514 980 2594">
     <span class='ocr_line' id='line_1_53' title="bbox 286 2514 980 2559; baseline 0.013 -19"><span class='ocrx_word' id='word_1_356' title='bbox 286 2514 347 2542; x_wconf 77' lang='lat' dir='ltr'>Dies</span> <span class='ocrx_word' id='word_1_357' title='bbox 367 2515 506 2543; x_wconf 70' lang='lat' dir='ltr'>observare</span> <span class='ocrx_word' id='word_1_358' title='bbox 523 2526 574 2544; x_wconf 91' lang='lat' dir='ltr'>non</span> <span class='ocrx_word' id='word_1_359' title='bbox 597 2516 756 2546; x_wconf 62' lang='lat' dir='ltr'>Christianae</span> <span class='ocrx_word' id='word_1_360' title='bbox 782 2519 980 2559; x_wconf 66' lang='lat' dir='ltr'>philosophiae,</span> 
     </span>
     <span class='ocr_line' id='line_1_54' title="bbox 246 2556 977 2594; baseline 0.015 -10"><span class='ocrx_word' id='word_1_361' title='bbox 246 2556 290 2585; x_wconf 80' lang='lat' dir='ltr'>sed</span> <span class='ocrx_word' id='word_1_362' title='bbox 306 2557 394 2586; x_wconf 75' lang='lat' dir='ltr'>Graeci</span> <span class='ocrx_word' id='word_1_363' title='bbox 411 2559 508 2587; x_wconf 78' lang='lat' dir='ltr'>erroris</span> <span class='ocrx_word' id='word_1_364' title='bbox 523 2566 570 2588; x_wconf 80' lang='lat' dir='ltr'>cst.</span> <span class='ocrx_word' id='word_1_365' title='bbox 593 2568 612 2588; x_wconf 90' lang='lat'>1.</span> <span class='ocrx_word' id='word_1_366' title='bbox 631 2566 695 2591; x_wconf 82' lang='lat'>858.</span> <span class='ocrx_word' id='word_1_367' title='bbox 714 2573 740 2591; x_wconf 78' lang='lat' dir='ltr'>A.</span> <span class='ocrx_word' id='word_1_368' title='bbox 759 2563 868 2593; x_wconf 85' lang='lat' dir='ltr'>Dierum</span> <span class='ocrx_word' id='word_1_369' title='bbox 885 2565 977 2594; x_wconf 80' lang='lat' dir='ltr'>obser-</span> 
     </span>
    </p>
   </div>
   <div class='ocr_carea' id='block_1_5' title="bbox 869 196 1129 220">
    <p class='ocr_par' dir='ltr' id='par_1_14' title="bbox 869 196 1129 220">
     <span class='ocr_line' id='line_1_55' title="bbox 869 196 1129 220; baseline -0.012 0"><span class='ocrx_word' id='word_1_370' title='bbox 869 197 970 220; x_wconf 70' lang='lat' dir='ltr'>INDEX</span> <span class='ocrx_word' id='word_1_371' title='bbox 1004 196 1129 218; x_wconf 68' lang='lat' dir='ltr'>RERUM.</span> 
     </span>
    </p>
   </div>
   <div class='ocr_carea' id='block_1_6' title="bbox 1032 250 1778 2598">
    <p class='ocr_par' dir='ltr' id='par_1_15' title="bbox 1032 250 1766 335">
     <span class='ocr_line' id='line_1_56' title="bbox 1033 250 1766 293; baseline -0.008 -8"><span class='ocrx_word' id='word_1_372' title='bbox 1033 256 1104 285; x_wconf 83' lang='lat' dir='ltr'>vatio</span> <span class='ocrx_word' id='word_1_373' title='bbox 1119 256 1186 284; x_wconf 84' lang='lat' dir='ltr'>inter</span> <span class='ocrx_word' id='word_1_374' title='bbox 1201 253 1347 293; x_wconf 80' lang='lat' dir='ltr'>praestigias</span> <span class='ocrx_word' id='word_1_375' title='bbox 1361 259 1526 281; x_wconf 78' lang='lat' dir='ltr'>numeratur.</span> <span class='ocrx_word' id='word_1_376' title='bbox 1544 259 1588 281; x_wconf 82' lang='lat' dir='ltr'>Vt.</span> <span class='ocrx_word' id='word_1_377' title='bbox 1603 256 1648 280; x_wconf 76' lang='lat'>32.</span> <span class='ocrx_word' id='word_1_378' title='bbox 1666 262 1691 279; x_wconf 91' lang='lat' dir='ltr'>c.</span> <span class='ocrx_word' id='word_1_379' title='bbox 1708 250 1766 279; x_wconf 85' lang='lat' dir='ltr'>Ob-</span> 
     </span>
     <span class='ocr_line' id='line_1_57' title="bbox 1032 295 1676 335; baseline -0.008 -8"><span class='ocrx_word' id='word_1_380' title='bbox 1032 300 1146 328; x_wconf 75' lang='lat' dir='ltr'>servatio</span> <span class='ocrx_word' id='word_1_381' title='bbox 1156 298 1260 326; x_wconf 84' lang='lat' dir='ltr'>dierum</span> <span class='ocrx_word' id='word_1_382' title='bbox 1275 295 1486 335; x_wconf 75' lang='lat' dir='ltr'>reprehenditur.</span> <span class='ocrx_word' id='word_1_383' title='bbox 1506 303 1551 324; x_wconf 82' lang='lat' dir='ltr'>XI.</span> <span class='ocrx_word' id='word_1_384' title='bbox 1569 299 1633 325; x_wconf 69' lang='lat'>422.</span> <span class='ocrx_word' id='word_1_385' title='bbox 1649 307 1676 324; x_wconf 78' lang='lat' dir='ltr'>A.</span> 
     </span>
    </p>

    <p class='ocr_par' dir='ltr' id='par_1_16' title="bbox 1033 337 1768 632">
     <span class='ocr_line' id='line_1_58' title="bbox 1073 337 1767 380; baseline -0.009 -10"><span class='ocrx_word' id='word_1_386' title='bbox 1073 342 1137 370; x_wconf 78' lang='lat' dir='ltr'>Dies</span> <span class='ocrx_word' id='word_1_387' title='bbox 1160 351 1207 380; x_wconf 91' lang='lat' dir='ltr'>pro</span> <span class='ocrx_word' id='word_1_388' title='bbox 1223 340 1277 369; x_wconf 81' lang='lat' dir='ltr'>vita</span> <span class='ocrx_word' id='word_1_389' title='bbox 1292 339 1390 367; x_wconf 82' lang='lat' dir='ltr'>dictus.</span> <span class='ocrx_word' id='word_1_390' title='bbox 1410 345 1441 367; x_wconf 78' lang='lat' dir='ltr'>V.</span> <span class='ocrx_word' id='word_1_391' title='bbox 1464 343 1526 366; x_wconf 81' lang='lat'>182.</span> <span class='ocrx_word' id='word_1_392' title='bbox 1549 349 1571 366; x_wconf 77' lang='lat' dir='ltr'>n.</span> <span class='ocrx_word' id='word_1_393' title='bbox 1595 338 1659 366; x_wconf 91' lang='lat' dir='ltr'>Dies</span> <span class='ocrx_word' id='word_1_394' title='bbox 1680 337 1767 365; x_wconf 84' lang='lat' dir='ltr'>malus</span> 
     </span>
     <span class='ocr_line' id='line_1_59' title="bbox 1035 382 1765 425; baseline -0.007 -11"><span class='ocrx_word' id='word_1_395' title='bbox 1035 397 1082 425; x_wconf 87' lang='lat' dir='ltr'>pro</span> <span class='ocrx_word' id='word_1_396' title='bbox 1104 386 1158 413; x_wconf 78' lang='lat' dir='ltr'>vita</span> <span class='ocrx_word' id='word_1_397' title='bbox 1174 386 1262 412; x_wconf 83' lang='lat' dir='ltr'>sutura</span> <span class='ocrx_word' id='word_1_398' title='bbox 1282 382 1465 422; x_wconf 83' lang='lat' dir='ltr'>peccatoribus</span> <span class='ocrx_word' id='word_1_399' title='bbox 1482 382 1611 410; x_wconf 81' lang='lat' dir='ltr'>terribilis</span> <span class='ocrx_word' id='word_1_400' title='bbox 1631 388 1657 409; x_wconf 80' lang='lat' dir='ltr'>et</span> <span class='ocrx_word' id='word_1_401' title='bbox 1671 382 1765 409; x_wconf 74' lang='lat' dir='ltr'>intole-</span> 
     </span>
     <span class='ocr_line' id='line_1_60' title="bbox 1034 425 1767 463; baseline -0.008 -5"><span class='ocrx_word' id='word_1_402' title='bbox 1034 430 1135 458; x_wconf 82' lang='lat' dir='ltr'>rabilis.</span> <span class='ocrx_word' id='word_1_403' title='bbox 1160 436 1191 459; x_wconf 79' lang='lat' dir='ltr'>v,</span> <span class='ocrx_word' id='word_1_404' title='bbox 1212 433 1276 457; x_wconf 67' lang='lat'>240.</span> <span class='ocrx_word' id='word_1_405' title='bbox 1294 439 1318 455; x_wconf 74' lang='grc' dir='ltr'>Β.</span> <span class='ocrx_word' id='word_1_406' title='bbox 1337 427 1401 455; x_wconf 84' lang='lat' dir='ltr'>Dies</span> <span class='ocrx_word' id='word_1_407' title='bbox 1415 426 1567 453; x_wconf 73' lang='lat' dir='ltr'>afflictionis</span> <span class='ocrx_word' id='word_1_408' title='bbox 1587 435 1636 463; x_wconf 84' lang='lat' dir='ltr'>pro</span> <span class='ocrx_word' id='word_1_409' title='bbox 1659 425 1703 453; x_wconf 77' lang='lat' dir='ltr'>dic</span> <span class='ocrx_word' id='word_1_410' title='bbox 1721 425 1767 453; x_wconf 85' lang='lat' dir='ltr'>su-</span> 
     </span>
     <span class='ocr_line' id='line_1_61' title="bbox 1034 468 1767 511; baseline -0.008 -10"><span class='ocrx_word' id='word_1_411' title='bbox 1034 480 1095 501; x_wconf 84' lang='lat' dir='ltr'>turo</span> <span class='ocrx_word' id='word_1_412' title='bbox 1109 478 1231 511; x_wconf 80' lang='lat' dir='ltr'>acceptus</span> <span class='ocrx_word' id='word_1_413' title='bbox 1243 483 1250 507; x_wconf 87' lang='grc'>;</span> <span class='ocrx_word' id='word_1_414' title='bbox 1262 471 1288 499; x_wconf 92' lang='lat' dir='ltr'>in</span> <span class='ocrx_word' id='word_1_415' title='bbox 1304 471 1349 498; x_wconf 90' lang='lat' dir='ltr'>illo</span> <span class='ocrx_word' id='word_1_416' title='bbox 1362 470 1432 498; x_wconf 87' lang='lat' dir='ltr'>enim</span> <span class='ocrx_word' id='word_1_417' title='bbox 1440 479 1490 497; x_wconf 90' lang='lat' dir='ltr'>non</span> <span class='ocrx_word' id='word_1_418' title='bbox 1505 475 1586 496; x_wconf 80' lang='lat' dir='ltr'>cessat</span> <span class='ocrx_word' id='word_1_419' title='bbox 1600 468 1718 496; x_wconf 83' lang='lat' dir='ltr'>afflictio.</span> <span class='ocrx_word' id='word_1_420' title='bbox 1734 475 1767 496; x_wconf 73' lang='lat' dir='ltr'>v.</span> 
     </span>
     <span class='ocr_line' id='line_1_62' title="bbox 1034 511 1768 553; baseline -0.005 -9"><span class='ocrx_word' id='word_1_421' title='bbox 1034 521 1098 544; x_wconf 84' lang='lat'>278.</span> <span class='ocrx_word' id='word_1_422' title='bbox 1114 527 1140 543; x_wconf 89' lang='lat' dir='ltr'>c.</span> <span class='ocrx_word' id='word_1_423' title='bbox 1160 516 1223 543; x_wconf 85' lang='lat' dir='ltr'>Dies</span> <span class='ocrx_word' id='word_1_424' title='bbox 1244 515 1330 542; x_wconf 79' lang='lat' dir='ltr'>malus</span> <span class='ocrx_word' id='word_1_425' title='bbox 1350 524 1399 553; x_wconf 88' lang='lat' dir='ltr'>pro</span> <span class='ocrx_word' id='word_1_426' title='bbox 1424 513 1476 541; x_wconf 85' lang='lat' dir='ltr'>vita</span> <span class='ocrx_word' id='word_1_427' title='bbox 1491 512 1613 551; x_wconf 68' lang='lat' dir='ltr'>praesenti</span> <span class='ocrx_word' id='word_1_428' title='bbox 1626 511 1768 549; x_wconf 76' lang='lat' dir='ltr'>aliquando</span> 
     </span>
     <span class='ocr_line' id='line_1_63' title="bbox 1033 555 1764 599; baseline -0.003 -12"><span class='ocrx_word' id='word_1_429' title='bbox 1033 560 1173 599; x_wconf 68' lang='lat' dir='ltr'>accipitur.</span> <span class='ocrx_word' id='word_1_430' title='bbox 1194 566 1239 587; x_wconf 88' lang='lat' dir='ltr'>XI.</span> <span class='ocrx_word' id='word_1_431' title='bbox 1259 563 1320 586; x_wconf 68' lang='lat'>19⁷⁴.</span> <span class='ocrx_word' id='word_1_432' title='bbox 1339 570 1362 586; x_wconf 73' lang='lat' dir='ltr'>A.</span> <span class='ocrx_word' id='word_1_433' title='bbox 1379 557 1438 585; x_wconf 89' lang='lat' dir='ltr'>Diei</span> <span class='ocrx_word' id='word_1_434' title='bbox 1455 556 1557 585; x_wconf 84' lang='lat' dir='ltr'>malitia</span> <span class='ocrx_word' id='word_1_435' title='bbox 1574 555 1639 594; x_wconf 87' lang='lat' dir='ltr'>qnid</span> <span class='ocrx_word' id='word_1_436' title='bbox 1658 556 1701 583; x_wconf 87' lang='lat' dir='ltr'>sit.</span> <span class='ocrx_word' id='word_1_437' title='bbox 1718 563 1764 585; x_wconf 88' lang='lat' dir='ltr'>XI.</span> 
     </span>
     <span class='ocr_line' id='line_1_64' title="bbox 1035 608 1146 632; baseline 0.009 -1"><span class='ocrx_word' id='word_1_438' title='bbox 1035 608 1098 632; x_wconf 66' lang='grc'>151.</span> <span class='ocrx_word' id='word_1_439' title='bbox 1117 614 1146 632; x_wconf 86' lang='lat' dir='ltr'>n.</span> 
     </span>
    </p>

    <p class='ocr_par' dir='ltr' id='par_1_17' title="bbox 1035 643 1766 729">
     <span class='ocr_line' id='line_1_65' title="bbox 1074 643 1766 684; baseline -0.007 -10"><span class='ocrx_word' id='word_1_440' title='bbox 1074 647 1136 674; x_wconf 89' lang='lat' dir='ltr'>Dies</span> <span class='ocrx_word' id='word_1_441' title='bbox 1157 645 1245 684; x_wconf 82' lang='lat' dir='ltr'>magni</span> <span class='ocrx_word' id='word_1_442' title='bbox 1266 657 1271 672; x_wconf 90' lang='lat'><strong>:</strong></span> <span class='ocrx_word' id='word_1_443' title='bbox 1291 645 1328 673; x_wconf 86' lang='lat' dir='ltr'>sic</span> <span class='ocrx_word' id='word_1_444' title='bbox 1342 644 1505 672; x_wconf 73' lang='lat' dir='ltr'>vocabantur</span> <span class='ocrx_word' id='word_1_445' title='bbox 1521 643 1578 671; x_wconf 88' lang='lat' dir='ltr'>dies</span> <span class='ocrx_word' id='word_1_446' title='bbox 1594 644 1766 678; x_wconf 75' lang='lat' dir='ltr'>Pentecostes,</span> 
     </span>
     <span class='ocr_line' id='line_1_66' title="bbox 1035 689 1546 729; baseline -0.004 -12"><span class='ocrx_word' id='word_1_447' title='bbox 1035 689 1203 729; x_wconf 81' lang='lat' dir='ltr'>S‹·en0pegiae</span> <span class='ocrx_word' id='word_1_448' title='bbox 1217 696 1241 717; x_wconf 81' lang='lat' dir='ltr'>et</span> <span class='ocrx_word' id='word_1_449' title='bbox 1257 689 1375 716; x_wconf 64' lang='lat' dir='ltr'>Paschae.</span> <span class='ocrx_word' id='word_1_450' title='bbox 1393 694 1437 716; x_wconf 75' lang='lat' dir='ltr'>VI.</span> <span class='ocrx_word' id='word_1_451' title='bbox 1458 692 1502 716; x_wconf 83' lang='lat'>13.</span> <span class='ocrx_word' id='word_1_452' title='bbox 1519 697 1546 715; x_wconf 74' lang='lat' dir='ltr'>A.</span> 
     </span>
    </p>

    <p class='ocr_par' dir='ltr' id='par_1_18' title="bbox 1035 730 1768 811">
     <span class='ocr_line' id='line_1_67' title="bbox 1078 730 1768 770; baseline -0.004 -10"><span class='ocrx_word' id='word_1_453' title='bbox 1078 734 1143 761; x_wconf 83' lang='lat' dir='ltr'>Dies</span> <span class='ocrx_word' id='word_1_454' title='bbox 1158 733 1332 770; x_wconf 76' lang='lat' dir='ltr'>incipiebant</span> <span class='ocrx_word' id='word_1_455' title='bbox 1351 741 1370 758; x_wconf 85' lang='grc' dir='ltr'><em>α</em></span> <span class='ocrx_word' id='word_1_456' title='bbox 1385 731 1481 759; x_wconf 82' lang='lat' dir='ltr'>media</span> <span class='ocrx_word' id='word_1_457' title='bbox 1503 735 1601 763; x_wconf 80' lang='lat' dir='ltr'>nocte,</span> <span class='ocrx_word' id='word_1_458' title='bbox 1619 739 1695 758; x_wconf 80' lang='lat' dir='ltr'>more</span> <span class='ocrx_word' id='word_1_459' title='bbox 1710 730 1768 758; x_wconf 72' lang='lat' dir='ltr'>Ro-</span> 
     </span>
     <span class='ocr_line' id='line_1_68' title="bbox 1035 776 1562 811; baseline -0.006 -7"><span class='ocrx_word' id='word_1_460' title='bbox 1035 787 1130 811; x_wconf 78' lang='lat' dir='ltr'>mano,</span> <span class='ocrx_word' id='word_1_461' title='bbox 1147 787 1204 804; x_wconf 84' lang='lat' dir='ltr'>non</span> <span class='ocrx_word' id='word_1_462' title='bbox 1219 776 1355 804; x_wconf 83' lang='lat' dir='ltr'>Judaico.</span> <span class='ocrx_word' id='word_1_463' title='bbox 1371 781 1442 803; x_wconf 73' lang='lat' dir='ltr'>VIII.</span> <span class='ocrx_word' id='word_1_464' title='bbox 1455 778 1519 802; x_wconf 80' lang='lat'>817.</span> <span class='ocrx_word' id='word_1_465' title='bbox 1536 784 1562 801; x_wconf 68' lang='grc' dir='ltr'>Ε.</span> 
     </span>
    </p>

    <p class='ocr_par' dir='ltr' id='par_1_19' title="bbox 1034 816 1765 893">
     <span class='ocr_line' id='line_1_69' title="bbox 1074 816 1765 856; baseline -0.006 -8"><span class='ocrx_word' id='word_1_466' title='bbox 1074 824 1215 848; x_wconf 69' lang='lat' dir='ltr'>Dirrmnn</span> <span class='ocrx_word' id='word_1_467' title='bbox 1231 818 1340 847; x_wconf 83' lang='lat' dir='ltr'>virtutis</span> <span class='ocrx_word' id='word_1_468' title='bbox 1357 817 1515 846; x_wconf 79' lang='lat' dir='ltr'>exercitium</span> <span class='ocrx_word' id='word_1_469' title='bbox 1535 827 1615 855; x_wconf 89' lang='lat' dir='ltr'>quam</span> <span class='ocrx_word' id='word_1_470' title='bbox 1631 816 1765 856; x_wconf 82' lang='lat' dir='ltr'>periculo-</span> 
     </span>
     <span class='ocr_line' id='line_1_70' title="bbox 1034 869 1311 893; baseline -0.014 0"><span class='ocrx_word' id='word_1_471' title='bbox 1034 875 1102 893; x_wconf 90' lang='lat' dir='ltr'>sum.</span> <span class='ocrx_word' id='word_1_472' title='bbox 1119 871 1139 893; x_wconf 92' lang='lat'>1.</span> <span class='ocrx_word' id='word_1_473' title='bbox 1158 869 1221 892; x_wconf 87' lang='lat'>130.</span> <span class='ocrx_word' id='word_1_474' title='bbox 1239 873 1268 891; x_wconf 86' lang='lat' dir='ltr'>n.</span> <span class='ocrx_word' id='word_1_475' title='bbox 1284 873 1311 889; x_wconf 74' lang='grc' dir='ltr'>ε.</span> 
     </span>
    </p>

    <p class='ocr_par' dir='ltr' id='par_1_20' title="bbox 1034 903 1768 979">
     <span class='ocr_line' id='line_1_71' title="bbox 1075 903 1768 944; baseline -0.006 -8"><span class='ocrx_word' id='word_1_476' title='bbox 1075 911 1193 936; x_wconf 58' lang='lat' dir='ltr'>Durum</span> <span class='ocrx_word' id='word_1_477' title='bbox 1219 913 1255 934; x_wconf 86' lang='lat' dir='ltr'>est</span> <span class='ocrx_word' id='word_1_478' title='bbox 1272 905 1356 944; x_wconf 80' lang='lat' dir='ltr'>gratia</span> <span class='ocrx_word' id='word_1_479' title='bbox 1379 906 1404 933; x_wconf 89' lang='lat' dir='ltr'>in</span> <span class='ocrx_word' id='word_1_480' title='bbox 1424 904 1502 933; x_wconf 81' lang='lat' dir='ltr'>labiis</span> <span class='ocrx_word' id='word_1_481' title='bbox 1528 905 1579 933; x_wconf 83' lang='lat' dir='ltr'>tuis</span> <span class='ocrx_word' id='word_1_482' title='bbox 1593 928 1600 940; x_wconf 84' lang='lat'>‚</span> <span class='ocrx_word' id='word_1_483' title='bbox 1617 903 1718 932; x_wconf 80' lang='lat' dir='ltr'>dicitur</span> <span class='ocrx_word' id='word_1_484' title='bbox 1735 905 1768 933; x_wconf 81' lang='lat' dir='ltr'>cle</span> 
     </span>
     <span class='ocr_line' id='line_1_72' title="bbox 1034 949 1725 979; baseline -0.003 0"><span class='ocrx_word' id='word_1_485' title='bbox 1034 952 1148 979; x_wconf 81' lang='lat' dir='ltr'>humana</span> <span class='ocrx_word' id='word_1_486' title='bbox 1168 957 1260 978; x_wconf 82' lang='lat' dir='ltr'>natura</span> <span class='ocrx_word' id='word_1_487' title='bbox 1273 961 1287 977; x_wconf 85' lang='lat' dir='ltr'>a</span> <span class='ocrx_word' id='word_1_488' title='bbox 1304 949 1411 977; x_wconf 68' lang='lat' dir='ltr'>Chriszo</span> <span class='ocrx_word' id='word_1_489' title='bbox 1422 955 1550 977; x_wconf 81' lang='lat' dir='ltr'>assumta.</span> <span class='ocrx_word' id='word_1_490' title='bbox 1567 955 1599 976; x_wconf 74' lang='lat' dir='ltr'>v.</span> <span class='ocrx_word' id='word_1_491' title='bbox 1615 952 1678 976; x_wconf 88' lang='grc'>195.</span> <span class='ocrx_word' id='word_1_492' title='bbox 1697 959 1725 977; x_wconf 87' lang='lat' dir='ltr'>n.</span> 
     </span>
    </p>

    <p class='ocr_par' dir='ltr' id='par_1_21' title="bbox 1034 990 1765 1068">
     <span class='ocr_line' id='line_1_73' title="bbox 1074 990 1765 1031; baseline -0.007 -8"><span class='ocrx_word' id='word_1_493' title='bbox 1074 998 1236 1023; x_wconf 68' lang='lat' dir='ltr'>Dmuoumz</span> <span class='ocrx_word' id='word_1_494' title='bbox 1260 993 1308 1021; x_wconf 90' lang='lat' dir='ltr'>Dei</span> <span class='ocrx_word' id='word_1_495' title='bbox 1334 1002 1411 1031; x_wconf 76' lang='lat' dir='ltr'>opera</span> <span class='ocrx_word' id='word_1_496' title='bbox 1434 1002 1482 1019; x_wconf 87' lang='lat' dir='ltr'>cur</span> <span class='ocrx_word' id='word_1_497' title='bbox 1502 991 1559 1019; x_wconf 80' lang='lat' dir='ltr'>caeli</span> <span class='ocrx_word' id='word_1_498' title='bbox 1579 990 1714 1019; x_wconf 82' lang='lat' dir='ltr'>dicantur.</span> <span class='ocrx_word' id='word_1_499' title='bbox 1734 998 1765 1019; x_wconf 87' lang='lat' dir='ltr'>v.</span> 
     </span>
     <span class='ocr_line' id='line_1_74' title="bbox 1034 1043 1140 1068; baseline 0 -1"><span class='ocrx_word' id='word_1_500' title='bbox 1034 1043 1098 1068; x_wconf 84' lang='lat'>103.</span> <span class='ocrx_word' id='word_1_501' title='bbox 1116 1049 1140 1067; x_wconf 79' lang='lat' dir='ltr'>e.</span> 
     </span>
    </p>

    <p class='ocr_par' dir='ltr' id='par_1_22' title="bbox 1073 1079 1619 1117">
     <span class='ocr_line' id='line_1_75' title="bbox 1073 1079 1619 1117; baseline -0.005 -7"><span class='ocrx_word' id='word_1_502' title='bbox 1073 1085 1165 1110; x_wconf 68' lang='lat' dir='ltr'>Diem:</span> <span class='ocrx_word' id='word_1_503' title='bbox 1180 1081 1328 1115; x_wconf 79' lang='lat' dir='ltr'>ambulare,</span> <span class='ocrx_word' id='word_1_504' title='bbox 1343 1079 1408 1117; x_wconf 84' lang='lat' dir='ltr'>qnid</span> <span class='ocrx_word' id='word_1_505' title='bbox 1419 1080 1464 1108; x_wconf 83' lang='lat' dir='ltr'>sit.</span> <span class='ocrx_word' id='word_1_506' title='bbox 1478 1086 1522 1108; x_wconf 85' lang='lat' dir='ltr'>XI.</span> <span class='ocrx_word' id='word_1_507' title='bbox 1536 1084 1580 1107; x_wconf 86' lang='lat'>81.</span> <span class='ocrx_word' id='word_1_508' title='bbox 1593 1091 1619 1107; x_wconf 71' lang='lat' dir='ltr'>A.</span> 
     </span>
    </p>

    <p class='ocr_par' dir='ltr' id='par_1_23' title="bbox 1035 1122 1766 1197">
     <span class='ocr_line' id='line_1_76' title="bbox 1074 1122 1766 1160; baseline -0.004 -8"><span class='ocrx_word' id='word_1_509' title='bbox 1074 1128 1209 1152; x_wconf 65' lang='lat' dir='ltr'>Dmmms</span> <span class='ocrx_word' id='word_1_510' title='bbox 1220 1123 1360 1152; x_wconf 78' lang='lat' dir='ltr'>sacerdotii</span> <span class='ocrx_word' id='word_1_511' title='bbox 1373 1133 1452 1160; x_wconf 76' lang='lat' dir='ltr'>quam</span> <span class='ocrx_word' id='word_1_512' title='bbox 1464 1122 1605 1151; x_wconf 77' lang='lat' dir='ltr'>excellens.</span> <span class='ocrx_word' id='word_1_513' title='bbox 1622 1128 1653 1150; x_wconf 80' lang='lat' dir='ltr'>v.</span> <span class='ocrx_word' id='word_1_514' title='bbox 1664 1126 1726 1150; x_wconf 80' lang='lat'>380.</span> <span class='ocrx_word' id='word_1_515' title='bbox 1740 1134 1766 1149; x_wconf 63' lang='lat' dir='ltr'>A.</span> 
     </span>
     <span class='ocr_line' id='line_1_77' title="bbox 1035 1174 1097 1197; baseline -0.016 0"><span class='ocrx_word' id='word_1_516' title='bbox 1035 1174 1097 1197; x_wconf 82' lang='grc'>381.</span> 
     </span>
    </p>

    <p class='ocr_par' dir='ltr' id='par_1_24' title="bbox 1034 1208 1771 1505">
     <span class='ocr_line' id='line_1_78' title="bbox 1074 1208 1768 1250; baseline -0.007 -10"><span class='ocrx_word' id='word_1_517' title='bbox 1074 1211 1197 1250; x_wconf 81' lang='lat' dir='ltr'>Dignitas</span> <span class='ocrx_word' id='word_1_518' title='bbox 1221 1221 1279 1249; x_wconf 69' lang='lat' dir='ltr'>qum</span> <span class='ocrx_word' id='word_1_519' title='bbox 1301 1210 1442 1245; x_wconf 80' lang='lat' dir='ltr'>venditur,</span> <span class='ocrx_word' id='word_1_520' title='bbox 1460 1220 1510 1238; x_wconf 90' lang='lat' dir='ltr'>non</span> <span class='ocrx_word' id='word_1_521' title='bbox 1531 1209 1638 1248; x_wconf 79' lang='lat' dir='ltr'>proprie</span> <span class='ocrx_word' id='word_1_522' title='bbox 1651 1208 1768 1247; x_wconf 83' lang='lat' dir='ltr'>dignitas</span> 
     </span>
     <span class='ocr_line' id='line_1_79' title="bbox 1034 1253 1769 1293; baseline -0.007 -8"><span class='ocrx_word' id='word_1_523' title='bbox 1034 1264 1081 1285; x_wconf 83' lang='lat' dir='ltr'>est.</span> <span class='ocrx_word' id='word_1_524' title='bbox 1106 1263 1151 1284; x_wconf 86' lang='lat' dir='ltr'>IX.</span> <span class='ocrx_word' id='word_1_525' title='bbox 1176 1259 1240 1284; x_wconf 67' lang='lat'>472.</span> <span class='ocrx_word' id='word_1_526' title='bbox 1267 1266 1290 1283; x_wconf 81' lang='lat' dir='ltr'>B.</span> <span class='ocrx_word' id='word_1_527' title='bbox 1310 1255 1461 1293; x_wconf 76' lang='lat' dir='ltr'>Dignitates</span> <span class='ocrx_word' id='word_1_528' title='bbox 1478 1254 1559 1292; x_wconf 88' lang='lat' dir='ltr'>hujus</span> <span class='ocrx_word' id='word_1_529' title='bbox 1575 1253 1666 1281; x_wconf 85' lang='lat' dir='ltr'>mundi</span> <span class='ocrx_word' id='word_1_530' title='bbox 1689 1263 1769 1290; x_wconf 87' lang='lat' dir='ltr'>quam</span> 
     </span>
     <span class='ocr_line' id='line_1_80' title="bbox 1035 1296 1770 1335; baseline -0.007 -7"><span class='ocrx_word' id='word_1_531' title='bbox 1035 1300 1115 1328; x_wconf 74' lang='lat' dir='ltr'>ssuxae</span> <span class='ocrx_word' id='word_1_532' title='bbox 1137 1306 1162 1328; x_wconf 83' lang='lat' dir='ltr'>et</span> <span class='ocrx_word' id='word_1_533' title='bbox 1185 1299 1331 1329; x_wconf 75' lang='lat' dir='ltr'>instabiles.</span> <span class='ocrx_word' id='word_1_534' title='bbox 1355 1306 1399 1327; x_wconf 76' lang='lat' dir='ltr'>IV.</span> <span class='ocrx_word' id='word_1_535' title='bbox 1424 1303 1489 1327; x_wconf 85' lang='lat'>320.</span> <span class='ocrx_word' id='word_1_536' title='bbox 1514 1309 1539 1327; x_wconf 71' lang='grc' dir='ltr'>Β.</span> <span class='ocrx_word' id='word_1_537' title='bbox 1563 1296 1713 1335; x_wconf 82' lang='lat' dir='ltr'>Dignitates</span> <span class='ocrx_word' id='word_1_538' title='bbox 1736 1296 1770 1324; x_wconf 78' lang='lat' dir='ltr'>ad</span> 
     </span>
     <span class='ocr_line' id='line_1_81' title="bbox 1036 1340 1770 1381; baseline -0.007 -10"><span class='ocrx_word' id='word_1_539' title='bbox 1036 1344 1120 1372; x_wconf 83' lang='lat' dir='ltr'>multa</span> <span class='ocrx_word' id='word_1_540' title='bbox 1140 1346 1197 1371; x_wconf 88' lang='lat' dir='ltr'>Deo</span> <span class='ocrx_word' id='word_1_541' title='bbox 1221 1353 1271 1370; x_wconf 92' lang='lat' dir='ltr'>non</span> <span class='ocrx_word' id='word_1_542' title='bbox 1294 1343 1391 1381; x_wconf 76' lang='lat' dir='ltr'>placita</span> <span class='ocrx_word' id='word_1_543' title='bbox 1414 1342 1543 1381; x_wconf 77' lang='lat' dir='ltr'>patranda</span> <span class='ocrx_word' id='word_1_544' title='bbox 1565 1351 1611 1369; x_wconf 86' lang='lat' dir='ltr'>nos</span> <span class='ocrx_word' id='word_1_545' title='bbox 1631 1340 1770 1368; x_wconf 77' lang='lat' dir='ltr'>inducunt.</span> 
     </span>
     <span class='ocr_line' id='line_1_82' title="bbox 1036 1384 1771 1423; baseline -0.008 -6"><span class='ocrx_word' id='word_1_546' title='bbox 1036 1395 1093 1417; x_wconf 83' lang='lat' dir='ltr'>VII.</span> <span class='ocrx_word' id='word_1_547' title='bbox 1109 1392 1172 1416; x_wconf 65' lang='grc'>498.</span> <span class='ocrx_word' id='word_1_548' title='bbox 1186 1398 1212 1416; x_wconf 79' lang='lat' dir='ltr'>E.</span> <span class='ocrx_word' id='word_1_549' title='bbox 1235 1386 1359 1415; x_wconf 86' lang='lat' dir='ltr'>Christus</span> <span class='ocrx_word' id='word_1_550' title='bbox 1383 1386 1442 1414; x_wconf 83' lang='lat' dir='ltr'>ideo</span> <span class='ocrx_word' id='word_1_551' title='bbox 1461 1385 1487 1414; x_wconf 85' lang='lat' dir='ltr'>in</span> <span class='ocrx_word' id='word_1_552' title='bbox 1512 1392 1628 1414; x_wconf 83' lang='lat' dir='ltr'>montem</span> <span class='ocrx_word' id='word_1_553' title='bbox 1650 1384 1771 1423; x_wconf 79' lang='lat' dir='ltr'>sugit‚ut</span> 
     </span>
     <span class='ocr_line' id='line_1_83' title="bbox 1036 1427 1767 1469; baseline -0.004 -10"><span class='ocrx_word' id='word_1_554' title='bbox 1036 1442 1082 1460; x_wconf 82' lang='lat' dir='ltr'>nos</span> <span class='ocrx_word' id='word_1_555' title='bbox 1117 1430 1221 1459; x_wconf 82' lang='lat' dir='ltr'>doceret</span> <span class='ocrx_word' id='word_1_556' title='bbox 1249 1429 1392 1469; x_wconf 77' lang='lat' dir='ltr'>dignitates</span> <span class='ocrx_word' id='word_1_557' title='bbox 1418 1440 1474 1457; x_wconf 82' lang='lat' dir='ltr'>esse</span> <span class='ocrx_word' id='word_1_558' title='bbox 1495 1427 1666 1468; x_wconf 76' lang='lat' dir='ltr'>spernendas.</span> <span class='ocrx_word' id='word_1_559' title='bbox 1699 1434 1767 1456; x_wconf 78' lang='lat' dir='ltr'>VIII.</span> 
     </span>
     <span class='ocr_line' id='line_1_84' title="bbox 1037 1480 1146 1505; baseline 0.009 -2"><span class='ocrx_word' id='word_1_560' title='bbox 1037 1480 1101 1505; x_wconf 80' lang='grc'>290.</span> <span class='ocrx_word' id='word_1_561' title='bbox 1119 1485 1146 1504; x_wconf 80' lang='lat' dir='ltr'>C.</span> 
     </span>
    </p>

    <p class='ocr_par' dir='ltr' id='par_1_25' title="bbox 1036 1516 1768 1677">
     <span class='ocr_line' id='line_1_85' title="bbox 1075 1516 1754 1554; baseline -0.004 -8"><span class='ocrx_word' id='word_1_562' title='bbox 1075 1521 1195 1546; x_wconf 62' lang='lat' dir='ltr'>D1L1T1o</span> <span class='ocrx_word' id='word_1_563' title='bbox 1210 1517 1235 1546; x_wconf 93' lang='lat' dir='ltr'>in</span> <span class='ocrx_word' id='word_1_564' title='bbox 1257 1516 1401 1546; x_wconf 72' lang='lat' dir='ltr'>afflictione</span> <span class='ocrx_word' id='word_1_565' title='bbox 1416 1517 1482 1554; x_wconf 84' lang='lat' dir='ltr'>quid</span> <span class='ocrx_word' id='word_1_566' title='bbox 1502 1516 1546 1544; x_wconf 83' lang='lat' dir='ltr'>sit.</span> <span class='ocrx_word' id='word_1_567' title='bbox 1572 1523 1605 1545; x_wconf 68' lang='lat' dir='ltr'>V.</span> <span class='ocrx_word' id='word_1_568' title='bbox 1630 1520 1675 1543; x_wconf 86' lang='lat'>12.</span> <span class='ocrx_word' id='word_1_569' title='bbox 1692 1516 1754 1551; x_wconf 86' lang='lat' dir='ltr'>Quo</span> 
     </span>
     <span class='ocr_line' id='line_1_86' title="bbox 1036 1559 1767 1600; baseline -0.005 -10"><span class='ocrx_word' id='word_1_570' title='bbox 1036 1561 1116 1590; x_wconf 87' lang='lat' dir='ltr'>modo</span> <span class='ocrx_word' id='word_1_571' title='bbox 1135 1561 1319 1600; x_wconf 84' lang='lat' dir='ltr'>multipliciter</span> <span class='ocrx_word' id='word_1_572' title='bbox 1334 1560 1419 1598; x_wconf 82' lang='lat' dir='ltr'>accipi</span> <span class='ocrx_word' id='word_1_573' title='bbox 1443 1566 1528 1599; x_wconf 82' lang='lat' dir='ltr'>potest</span> <span class='ocrx_word' id='word_1_574' title='bbox 1547 1559 1650 1587; x_wconf 80' lang='lat' dir='ltr'>dilatio.</span> <span class='ocrx_word' id='word_1_575' title='bbox 1679 1560 1723 1586; x_wconf 86' lang='lat' dir='ltr'>Ib.</span> <span class='ocrx_word' id='word_1_576' title='bbox 1741 1570 1767 1586; x_wconf 82' lang='lat' dir='ltr'>B.</span> 
     </span>
     <span class='ocr_line' id='line_1_87' title="bbox 1036 1603 1768 1644; baseline -0.004 -11"><span class='ocrx_word' id='word_1_577' title='bbox 1036 1604 1138 1634; x_wconf 81' lang='lat' dir='ltr'>Dilatio</span> <span class='ocrx_word' id='word_1_578' title='bbox 1158 1604 1285 1644; x_wconf 86' lang='lat' dir='ltr'>supplicii</span> <span class='ocrx_word' id='word_1_579' title='bbox 1308 1603 1515 1632; x_wconf 80' lang='lat' dir='ltr'>consolationem</span> <span class='ocrx_word' id='word_1_580' title='bbox 1531 1613 1562 1631; x_wconf 85' lang='lat' dir='ltr'>ne</span> <span class='ocrx_word' id='word_1_581' title='bbox 1587 1603 1690 1631; x_wconf 68' lang='lat' dir='ltr'>afferat.</span> <span class='ocrx_word' id='word_1_582' title='bbox 1710 1609 1768 1631; x_wconf 81' lang='lat' dir='ltr'>vu.</span> 
     </span>
     <span class='ocr_line' id='line_1_88' title="bbox 1038 1654 1147 1677; baseline -0.009 0"><span class='ocrx_word' id='word_1_583' title='bbox 1038 1654 1102 1677; x_wconf 87' lang='lat'>318.</span> <span class='ocrx_word' id='word_1_584' title='bbox 1120 1659 1147 1676; x_wconf 81' lang='lat' dir='ltr'>n.</span> 
     </span>
    </p>

    <p class='ocr_par' dir='ltr' id='par_1_26' title="bbox 1037 1690 1778 1945">
     <span class='ocr_line' id='line_1_89' title="bbox 1077 1690 1778 1729; baseline 0 -9"><span class='ocrx_word' id='word_1_585' title='bbox 1077 1695 1256 1721; x_wconf 67' lang='lat' dir='ltr'>Dmcnoms</span> <span class='ocrx_word' id='word_1_586' title='bbox 1276 1701 1337 1729; x_wconf 78' lang='lat' dir='ltr'>erga</span> <span class='ocrx_word' id='word_1_587' title='bbox 1361 1691 1459 1720; x_wconf 81' lang='lat' dir='ltr'>amicos</span> <span class='ocrx_word' id='word_1_588' title='bbox 1483 1701 1595 1719; x_wconf 83' lang='lat' dir='ltr'>moerore</span> <span class='ocrx_word' id='word_1_589' title='bbox 1618 1690 1778 1720; x_wconf 68' lang='lat' dir='ltr'>deficientes</span> 
     </span>
     <span class='ocr_line' id='line_1_90' title="bbox 1038 1734 1772 1774; baseline -0.003 -10"><span class='ocrx_word' id='word_1_590' title='bbox 1038 1735 1078 1764; x_wconf 80' lang='lat' dir='ltr'>vis</span> <span class='ocrx_word' id='word_1_591' title='bbox 1094 1742 1202 1774; x_wconf 85' lang='lat' dir='ltr'>quanta.</span> <span class='ocrx_word' id='word_1_592' title='bbox 1220 1742 1241 1764; x_wconf 91' lang='lat' dir='ltr'>I.</span> <span class='ocrx_word' id='word_1_593' title='bbox 1261 1739 1323 1763; x_wconf 82' lang='grc'>192.</span> <span class='ocrx_word' id='word_1_594' title='bbox 1342 1745 1367 1763; x_wconf 79' lang='grc' dir='ltr'>Β.</span> <span class='ocrx_word' id='word_1_595' title='bbox 1384 1734 1541 1762; x_wconf 83' lang='lat' dir='ltr'>Dilectionis</span> <span class='ocrx_word' id='word_1_596' title='bbox 1554 1741 1647 1762; x_wconf 75' lang='lat' dir='ltr'>natura</span> <span class='ocrx_word' id='word_1_597' title='bbox 1662 1734 1772 1762; x_wconf 85' lang='lat' dir='ltr'>satieta-</span> 
     </span>
     <span class='ocr_line' id='line_1_91' title="bbox 1037 1778 1772 1816; baseline -0.004 -8"><span class='ocrx_word' id='word_1_598' title='bbox 1037 1787 1090 1808; x_wconf 87' lang='lat' dir='ltr'>tem</span> <span class='ocrx_word' id='word_1_599' title='bbox 1105 1790 1157 1807; x_wconf 91' lang='lat' dir='ltr'>non</span> <span class='ocrx_word' id='word_1_600' title='bbox 1171 1778 1256 1814; x_wconf 78' lang='lat' dir='ltr'>novit,</span> <span class='ocrx_word' id='word_1_601' title='bbox 1268 1785 1291 1806; x_wconf 88' lang='lat' dir='ltr'>et</span> <span class='ocrx_word' id='word_1_602' title='bbox 1304 1788 1338 1806; x_wconf 83' lang='lat' dir='ltr'>ex</span> <span class='ocrx_word' id='word_1_603' title='bbox 1353 1789 1402 1806; x_wconf 88' lang='lat' dir='ltr'>usu</span> <span class='ocrx_word' id='word_1_604' title='bbox 1416 1778 1539 1806; x_wconf 75' lang='lat' dir='ltr'>amicitiae</span> <span class='ocrx_word' id='word_1_605' title='bbox 1553 1778 1674 1806; x_wconf 78' lang='lat' dir='ltr'>flammas</span> <span class='ocrx_word' id='word_1_606' title='bbox 1688 1778 1772 1816; x_wconf 84' lang='lat' dir='ltr'>majo-</span> 
     </span>
     <span class='ocr_line' id='line_1_92' title="bbox 1038 1822 1775 1861; baseline -0.001 -10"><span class='ocrx_word' id='word_1_607' title='bbox 1038 1834 1078 1851; x_wconf 86' lang='lat' dir='ltr'>res</span> <span class='ocrx_word' id='word_1_608' title='bbox 1091 1823 1197 1861; x_wconf 79' lang='lat' dir='ltr'>accipit.</span> <span class='ocrx_word' id='word_1_609' title='bbox 1207 1830 1253 1852; x_wconf 87' lang='lat'>111.</span> <span class='ocrx_word' id='word_1_610' title='bbox 1263 1828 1288 1851; x_wconf 90' lang='lat'>1.</span> <span class='ocrx_word' id='word_1_611' title='bbox 1300 1833 1327 1850; x_wconf 72' lang='lat' dir='ltr'>A.</span> <span class='ocrx_word' id='word_1_612' title='bbox 1337 1822 1451 1850; x_wconf 86' lang='lat' dir='ltr'>Dilectio</span> <span class='ocrx_word' id='word_1_613' title='bbox 1464 1823 1584 1850; x_wconf 90' lang='lat' dir='ltr'>omnium</span> <span class='ocrx_word' id='word_1_614' title='bbox 1596 1829 1680 1850; x_wconf 84' lang='lat' dir='ltr'>mater</span> <span class='ocrx_word' id='word_1_615' title='bbox 1692 1822 1775 1850; x_wconf 84' lang='lat' dir='ltr'>hono-</span> 
     </span>
     <span class='ocr_line' id='line_1_93' title="bbox 1039 1865 1773 1896; baseline 0 -2"><span class='ocrx_word' id='word_1_616' title='bbox 1039 1877 1098 1894; x_wconf 85' lang='lat' dir='ltr'>rum</span> <span class='ocrx_word' id='word_1_617' title='bbox 1108 1874 1129 1894; x_wconf 82' lang='lat' dir='ltr'>et</span> <span class='ocrx_word' id='word_1_618' title='bbox 1141 1867 1229 1894; x_wconf 83' lang='lat' dir='ltr'>radix.</span> <span class='ocrx_word' id='word_1_619' title='bbox 1244 1871 1355 1895; x_wconf 49' lang='lat'>12456.</span> <span class='ocrx_word' id='word_1_620' title='bbox 1369 1877 1392 1893; x_wconf 70' lang='grc' dir='ltr'>Β.</span> <span class='ocrx_word' id='word_1_621' title='bbox 1402 1873 1471 1896; x_wconf 78' lang='lat' dir='ltr'>VIII.</span> <span class='ocrx_word' id='word_1_622' title='bbox 1483 1871 1546 1894; x_wconf 91' lang='lat'>555.</span> <span class='ocrx_word' id='word_1_623' title='bbox 1559 1877 1586 1894; x_wconf 77' lang='lat' dir='ltr'>E.</span> <span class='ocrx_word' id='word_1_624' title='bbox 1599 1866 1639 1894; x_wconf 80' lang='lat' dir='ltr'>Ea</span> <span class='ocrx_word' id='word_1_625' title='bbox 1652 1865 1722 1894; x_wconf 89' lang='lat' dir='ltr'>enim</span> <span class='ocrx_word' id='word_1_626' title='bbox 1736 1872 1773 1894; x_wconf 84' lang='lat' dir='ltr'>est</span> 
     </span>
     <span class='ocr_line' id='line_1_94' title="bbox 1038 1909 1759 1945; baseline 0 -7"><span class='ocrx_word' id='word_1_627' title='bbox 1038 1910 1169 1938; x_wconf 71' lang='lat' dir='ltr'>bellorum</span> <span class='ocrx_word' id='word_1_628' title='bbox 1181 1909 1304 1945; x_wconf 84' lang='lat' dir='ltr'>exitium,</span> <span class='ocrx_word' id='word_1_629' title='bbox 1317 1909 1491 1938; x_wconf 79' lang='lat' dir='ltr'>contentionis</span> <span class='ocrx_word' id='word_1_630' title='bbox 1505 1909 1636 1938; x_wconf 84' lang='lat' dir='ltr'>interitus.</span> <span class='ocrx_word' id='word_1_631' title='bbox 1648 1916 1681 1938; x_wconf 77' lang='lat' dir='ltr'>V.</span> <span class='ocrx_word' id='word_1_632' title='bbox 1694 1913 1759 1939; x_wconf 68' lang='lat'>457.</span> 
     </span>
    </p>

    <p class='ocr_par' dir='ltr' id='par_1_27' title="bbox 1039 1953 1776 2374">
     <span class='ocr_line' id='line_1_95' title="bbox 1078 1953 1773 1992; baseline 0 -11"><span class='ocrx_word' id='word_1_633' title='bbox 1078 1953 1193 1982; x_wconf 73' lang='lat' dir='ltr'>Dilectio</span> <span class='ocrx_word' id='word_1_634' title='bbox 1208 1964 1236 1981; x_wconf 86' lang='lat' dir='ltr'>ea</span> <span class='ocrx_word' id='word_1_635' title='bbox 1249 1964 1309 1982; x_wconf 79' lang='lat' dir='ltr'>vera</span> <span class='ocrx_word' id='word_1_636' title='bbox 1322 1961 1370 1985; x_wconf 84' lang='lat' dir='ltr'>est,</span> <span class='ocrx_word' id='word_1_637' title='bbox 1387 1964 1444 1991; x_wconf 83' lang='lat' dir='ltr'>quae</span> <span class='ocrx_word' id='word_1_638' title='bbox 1459 1963 1505 1981; x_wconf 87' lang='lat' dir='ltr'>nec</span> <span class='ocrx_word' id='word_1_639' title='bbox 1518 1953 1658 1992; x_wconf 74' lang='lat' dir='ltr'>praesentia</span> <span class='ocrx_word' id='word_1_640' title='bbox 1670 1963 1717 1981; x_wconf 87' lang='lat' dir='ltr'>nec</span> <span class='ocrx_word' id='word_1_641' title='bbox 1731 1953 1773 1981; x_wconf 84' lang='lat' dir='ltr'>su-</span> 
     </span>
     <span class='ocr_line' id='line_1_96' title="bbox 1041 1997 1772 2036; baseline 0 -12"><span class='ocrx_word' id='word_1_642' title='bbox 1041 2003 1098 2024; x_wconf 82' lang='lat' dir='ltr'>tura</span> <span class='ocrx_word' id='word_1_643' title='bbox 1114 2008 1166 2036; x_wconf 79' lang='lat' dir='ltr'>prae</span> <span class='ocrx_word' id='word_1_644' title='bbox 1184 1997 1230 2025; x_wconf 92' lang='lat' dir='ltr'>illo</span> <span class='ocrx_word' id='word_1_645' title='bbox 1246 2007 1335 2025; x_wconf 85' lang='lat' dir='ltr'>amore</span> <span class='ocrx_word' id='word_1_646' title='bbox 1349 1997 1495 2034; x_wconf 79' lang='lat' dir='ltr'>quidquam</span> <span class='ocrx_word' id='word_1_647' title='bbox 1509 2003 1594 2035; x_wconf 78' lang='lat' dir='ltr'>putat.</span> <span class='ocrx_word' id='word_1_648' title='bbox 1607 2004 1652 2025; x_wconf 89' lang='lat' dir='ltr'>IX.</span> <span class='ocrx_word' id='word_1_649' title='bbox 1667 2001 1731 2026; x_wconf 63' lang='lat'>514.</span> <span class='ocrx_word' id='word_1_650' title='bbox 1748 2007 1772 2024; x_wconf 87' lang='lat' dir='ltr'>c.</span> 
     </span>
     <span class='ocr_line' id='line_1_97' title="bbox 1039 2040 1770 2080; baseline 0 -12"><span class='ocrx_word' id='word_1_651' title='bbox 1039 2041 1103 2069; x_wconf 82' lang='lat' dir='ltr'>Sine</span> <span class='ocrx_word' id='word_1_652' title='bbox 1113 2052 1225 2080; x_wconf 84' lang='lat' dir='ltr'>superna</span> <span class='ocrx_word' id='word_1_653' title='bbox 1235 2041 1318 2079; x_wconf 81' lang='lat' dir='ltr'>gratia</span> <span class='ocrx_word' id='word_1_654' title='bbox 1331 2041 1399 2068; x_wconf 81' lang='lat' dir='ltr'>nihil</span> <span class='ocrx_word' id='word_1_655' title='bbox 1409 2048 1446 2069; x_wconf 90' lang='lat' dir='ltr'>cst</span> <span class='ocrx_word' id='word_1_656' title='bbox 1459 2040 1576 2071; x_wconf 85' lang='lat' dir='ltr'>dilectio.</span> <span class='ocrx_word' id='word_1_657' title='bbox 1593 2045 1770 2069; x_wconf 52' lang='lat' dir='ltr'>wintone.</span> 
     </span>
     <span class='ocr_line' id='line_1_98' title="bbox 1039 2084 1772 2123; baseline -0.001 -11"><span class='ocrx_word' id='word_1_658' title='bbox 1039 2084 1154 2112; x_wconf 81' lang='lat' dir='ltr'>Dilectio</span> <span class='ocrx_word' id='word_1_659' title='bbox 1166 2085 1251 2123; x_wconf 81' lang='lat' dir='ltr'>legem</span> <span class='ocrx_word' id='word_1_660' title='bbox 1267 2084 1369 2123; x_wconf 87' lang='lat' dir='ltr'>implet.</span> <span class='ocrx_word' id='word_1_661' title='bbox 1385 2091 1431 2113; x_wconf 87' lang='lat' dir='ltr'>IX.</span> <span class='ocrx_word' id='word_1_662' title='bbox 1447 2088 1513 2112; x_wconf 75' lang='grc'>757.</span> <span class='ocrx_word' id='word_1_663' title='bbox 1530 2091 1565 2112; x_wconf 87' lang='lat' dir='ltr'>X.</span> <span class='ocrx_word' id='word_1_664' title='bbox 1579 2088 1643 2112; x_wconf 90' lang='lat'>852.</span> <span class='ocrx_word' id='word_1_665' title='bbox 1659 2095 1684 2111; x_wconf 71' lang='lat' dir='ltr'>A.</span> <span class='ocrx_word' id='word_1_666' title='bbox 1704 2084 1772 2112; x_wconf 85' lang='lat' dir='ltr'>Nam</span> 
     </span>
     <span class='ocr_line' id='line_1_99' title="bbox 1040 2127 1774 2167; baseline 0 -12"><span class='ocrx_word' id='word_1_667' title='bbox 1040 2127 1203 2167; x_wconf 85' lang='lat' dir='ltr'>principium</span> <span class='ocrx_word' id='word_1_668' title='bbox 1216 2135 1240 2156; x_wconf 83' lang='lat' dir='ltr'>et</span> <span class='ocrx_word' id='word_1_669' title='bbox 1252 2128 1313 2156; x_wconf 86' lang='lat' dir='ltr'>finis</span> <span class='ocrx_word' id='word_1_670' title='bbox 1328 2127 1436 2156; x_wconf 83' lang='lat' dir='ltr'>virtutis</span> <span class='ocrx_word' id='word_1_671' title='bbox 1453 2134 1492 2156; x_wconf 88' lang='lat' dir='ltr'>est</span> <span class='ocrx_word' id='word_1_672' title='bbox 1516 2127 1635 2157; x_wconf 79' lang='lat' dir='ltr'>dilectio.</span> <span class='ocrx_word' id='word_1_673' title='bbox 1651 2134 1697 2155; x_wconf 85' lang='lat' dir='ltr'>Ix.</span> <span class='ocrx_word' id='word_1_674' title='bbox 1709 2131 1774 2155; x_wconf 77' lang='grc'>757.</span> 
     </span>
     <span class='ocr_line' id='line_1_100' title="bbox 1041 2171 1774 2210; baseline 0 -11"><span class='ocrx_word' id='word_1_675' title='bbox 1041 2171 1190 2199; x_wconf 76' lang='lat' dir='ltr'>13.Dilectio</span> <span class='ocrx_word' id='word_1_676' title='bbox 1207 2171 1322 2210; x_wconf 76' lang='lat' dir='ltr'>proximi</span> <span class='ocrx_word' id='word_1_677' title='bbox 1338 2171 1433 2199; x_wconf 82' lang='lat' dir='ltr'>facilis.</span> <span class='ocrx_word' id='word_1_678' title='bbox 1451 2178 1482 2199; x_wconf 79' lang='lat' dir='ltr'>v.</span> <span class='ocrx_word' id='word_1_679' title='bbox 1505 2176 1551 2199; x_wconf 77' lang='lat'>36.</span> <span class='ocrx_word' id='word_1_680' title='bbox 1573 2172 1632 2199; x_wconf 79' lang='lat' dir='ltr'>Non</span> <span class='ocrx_word' id='word_1_681' title='bbox 1651 2181 1705 2199; x_wconf 83' lang='lat' dir='ltr'>esse</span> <span class='ocrx_word' id='word_1_682' title='bbox 1726 2181 1774 2210; x_wconf 85' lang='lat' dir='ltr'>po-</span> 
     </span>
     <span class='ocr_line' id='line_1_101' title="bbox 1041 2214 1772 2253; baseline -0.001 -10"><span class='ocrx_word' id='word_1_683' title='bbox 1041 2221 1089 2244; x_wconf 86' lang='lat' dir='ltr'>test</span> <span class='ocrx_word' id='word_1_684' title='bbox 1114 2215 1222 2243; x_wconf 81' lang='lat' dir='ltr'>dilectio</span> <span class='ocrx_word' id='word_1_685' title='bbox 1242 2215 1292 2243; x_wconf 90' lang='lat' dir='ltr'>Dei</span> <span class='ocrx_word' id='word_1_686' title='bbox 1313 2215 1370 2243; x_wconf 81' lang='lat' dir='ltr'>sine</span> <span class='ocrx_word' id='word_1_687' title='bbox 1388 2215 1507 2253; x_wconf 81' lang='lat' dir='ltr'>proximi</span> <span class='ocrx_word' id='word_1_688' title='bbox 1530 2214 1683 2245; x_wconf 80' lang='lat' dir='ltr'>dilectione,</span> <span class='ocrx_word' id='word_1_689' title='bbox 1702 2221 1772 2243; x_wconf 72' lang='lat' dir='ltr'>vni.</span> 
     </span>
     <span class='ocr_line' id='line_1_102' title="bbox 1041 2258 1776 2296; baseline -0.001 -9"><span class='ocrx_word' id='word_1_690' title='bbox 1041 2263 1105 2287; x_wconf 84' lang='grc'>516.</span> <span class='ocrx_word' id='word_1_691' title='bbox 1122 2269 1149 2287; x_wconf 86' lang='lat' dir='ltr'>n.</span> <span class='ocrx_word' id='word_1_692' title='bbox 1162 2258 1275 2286; x_wconf 83' lang='lat' dir='ltr'>Dilectio</span> <span class='ocrx_word' id='word_1_693' title='bbox 1290 2259 1391 2286; x_wconf 82' lang='lat' dir='ltr'>sincera</span> <span class='ocrx_word' id='word_1_694' title='bbox 1411 2265 1436 2286; x_wconf 84' lang='lat' dir='ltr'>et</span> <span class='ocrx_word' id='word_1_695' title='bbox 1457 2269 1591 2295; x_wconf 76' lang='lat' dir='ltr'>germana,</span> <span class='ocrx_word' id='word_1_696' title='bbox 1610 2258 1636 2286; x_wconf 87' lang='lat' dir='ltr'>id</span> <span class='ocrx_word' id='word_1_697' title='bbox 1651 2265 1699 2293; x_wconf 75' lang='lat' dir='ltr'>est,</span> <span class='ocrx_word' id='word_1_698' title='bbox 1714 2268 1776 2296; x_wconf 74' lang='lat' dir='ltr'>erga</span> 
     </span>
     <span class='ocr_line' id='line_1_103' title="bbox 1040 2301 1775 2341; baseline 0.001 -12"><span class='ocrx_word' id='word_1_699' title='bbox 1040 2312 1169 2341; x_wconf 83' lang='lat' dir='ltr'>pauperes</span> <span class='ocrx_word' id='word_1_700' title='bbox 1196 2308 1220 2330; x_wconf 82' lang='lat' dir='ltr'>et</span> <span class='ocrx_word' id='word_1_701' title='bbox 1247 2301 1403 2335; x_wconf 85' lang='lat' dir='ltr'>imbecilles,</span> <span class='ocrx_word' id='word_1_702' title='bbox 1422 2302 1500 2330; x_wconf 91' lang='lat' dir='ltr'>multi</span> <span class='ocrx_word' id='word_1_703' title='bbox 1527 2309 1565 2330; x_wconf 89' lang='lat' dir='ltr'>est</span> <span class='ocrx_word' id='word_1_704' title='bbox 1590 2301 1698 2330; x_wconf 79' lang='lat' dir='ltr'>laboris.</span> <span class='ocrx_word' id='word_1_705' title='bbox 1728 2308 1775 2331; x_wconf 86' lang='lat' dir='ltr'>XI.</span> 
     </span>
     <span class='ocr_line' id='line_1_104' title="bbox 1040 2351 1149 2374; baseline 0 0"><span class='ocrx_word' id='word_1_706' title='bbox 1040 2351 1104 2374; x_wconf 70' lang='grc'>375.</span> <span class='ocrx_word' id='word_1_707' title='bbox 1124 2357 1149 2374; x_wconf 77' lang='lat' dir='ltr'>A.</span> 
     </span>
    </p>

    <p class='ocr_par' dir='ltr' id='par_1_28' title="bbox 1040 2392 1776 2598">
     <span class='ocr_line' id='line_1_105' title="bbox 1079 2392 1776 2423; baseline -0.001 -1"><span class='ocrx_word' id='word_1_708' title='bbox 1079 2394 1258 2423; x_wconf 79' lang='lat' dir='ltr'>Dilectionem</span> <span class='ocrx_word' id='word_1_709' title='bbox 1273 2405 1347 2423; x_wconf 81' lang='lat' dir='ltr'>suam</span> <span class='ocrx_word' id='word_1_710' title='bbox 1365 2394 1456 2423; x_wconf 90' lang='lat' dir='ltr'>multis</span> <span class='ocrx_word' id='word_1_711' title='bbox 1469 2394 1556 2422; x_wconf 88' lang='lat' dir='ltr'>modis</span> <span class='ocrx_word' id='word_1_712' title='bbox 1570 2393 1646 2422; x_wconf 89' lang='lat' dir='ltr'>nobis</span> <span class='ocrx_word' id='word_1_713' title='bbox 1660 2392 1776 2422; x_wconf 82' lang='lat' dir='ltr'>ostendit</span> 
     </span>
     <span class='ocr_line' id='line_1_106' title="bbox 1041 2437 1775 2477; baseline -0.001 -12"><span class='ocrx_word' id='word_1_714' title='bbox 1041 2438 1172 2467; x_wconf 86' lang='lat' dir='ltr'>Christus.</span> <span class='ocrx_word' id='word_1_715' title='bbox 1188 2445 1258 2468; x_wconf 62' lang='lat' dir='ltr'>VIII.</span> <span class='ocrx_word' id='word_1_716' title='bbox 1285 2443 1348 2467; x_wconf 73' lang='lat'>517.</span> <span class='ocrx_word' id='word_1_717' title='bbox 1374 2449 1400 2466; x_wconf 86' lang='lat' dir='ltr'>c.</span> <span class='ocrx_word' id='word_1_718' title='bbox 1427 2438 1541 2467; x_wconf 82' lang='lat' dir='ltr'>Dileclio</span> <span class='ocrx_word' id='word_1_719' title='bbox 1566 2437 1714 2477; x_wconf 80' lang='lat' dir='ltr'>spiritualis</span> <span class='ocrx_word' id='word_1_720' title='bbox 1737 2444 1775 2465; x_wconf 81' lang='lat' dir='ltr'>est</span> 
     </span>
     <span class='ocr_line' id='line_1_107' title="bbox 1040 2480 1775 2520; baseline -0.001 -11"><span class='ocrx_word' id='word_1_721' title='bbox 1040 2482 1160 2510; x_wconf 86' lang='lat' dir='ltr'>omnium</span> <span class='ocrx_word' id='word_1_722' title='bbox 1177 2493 1310 2520; x_wconf 77' lang='lat' dir='ltr'>suprema.</span> <span class='ocrx_word' id='word_1_723' title='bbox 1336 2489 1381 2510; x_wconf 87' lang='lat' dir='ltr'>XI.</span> <span class='ocrx_word' id='word_1_724' title='bbox 1407 2486 1471 2511; x_wconf 64' lang='lat'>374.</span> <span class='ocrx_word' id='word_1_725' title='bbox 1497 2493 1520 2510; x_wconf 82' lang='lat' dir='ltr'>B.</span> <span class='ocrx_word' id='word_1_726' title='bbox 1549 2481 1626 2520; x_wconf 77' lang='lat' dir='ltr'>Apud</span> <span class='ocrx_word' id='word_1_727' title='bbox 1644 2480 1775 2509; x_wconf 82' lang='lat' dir='ltr'>Christia-</span> 
     </span>
     <span class='ocr_line' id='line_1_108' title="bbox 1041 2523 1773 2563; baseline -0.003 -10"><span class='ocrx_word' id='word_1_728' title='bbox 1041 2535 1087 2553; x_wconf 87' lang='lat' dir='ltr'>nos</span> <span class='ocrx_word' id='word_1_729' title='bbox 1101 2532 1199 2563; x_wconf 77' lang='lat' dir='ltr'>quanta</span> <span class='ocrx_word' id='word_1_730' title='bbox 1216 2525 1335 2561; x_wconf 86' lang='lat' dir='ltr'>dilectio,</span> <span class='ocrx_word' id='word_1_731' title='bbox 1355 2525 1380 2553; x_wconf 93' lang='lat' dir='ltr'>iu</span> <span class='ocrx_word' id='word_1_732' title='bbox 1395 2525 1570 2559; x_wconf 79' lang='lat' dir='ltr'>orationibus,</span> <span class='ocrx_word' id='word_1_733' title='bbox 1585 2525 1610 2553; x_wconf 89' lang='lat' dir='ltr'>in</span> <span class='ocrx_word' id='word_1_734' title='bbox 1625 2523 1773 2562; x_wconf 77' lang='lat' dir='ltr'>mysteriis,</span> 
     </span>
     <span class='ocr_line' id='line_1_109' title="bbox 1041 2568 1770 2598; baseline 0.001 -2"><span class='ocrx_word' id='word_1_735' title='bbox 1041 2568 1067 2596; x_wconf 93' lang='lat' dir='ltr'>iu</span> <span class='ocrx_word' id='word_1_736' title='bbox 1085 2568 1313 2597; x_wconf 65' lang='lat' dir='ltr'>admonitionibus</span> <span class='ocrx_word' id='word_1_737' title='bbox 1337 2569 1510 2598; x_wconf 77' lang='lat' dir='ltr'>manifestata.</span> <span class='ocrx_word' id='word_1_738' title='bbox 1528 2575 1598 2597; x_wconf 74' lang='lat' dir='ltr'>VIII.</span> <span class='ocrx_word' id='word_1_739' title='bbox 1620 2572 1681 2596; x_wconf 79' lang='lat'>531.</span> <span class='ocrx_word' id='word_1_740' title='bbox 1698 2578 1722 2595; x_wconf 73' lang='lat' dir='ltr'>e.</span> <span class='ocrx_word' id='word_1_741' title='bbox 1743 2578 1770 2597; x_wconf 75' lang='grc' dir='ltr'>ι).</span> 
     </span>
    </p>
   </div>
  </div>
 </body>
</html>
