1884 2922
782 210 885 234 INDEX
913 211 1037 235 RERUM.

177 270 337 299 Summus
351 271 446 300 mundi
464 278 489 300 ct
501 272 668 312 aequabilitas
683 273 877 303 vicissitudinis

140 320 300 352 temporum.
318 321 352 345 V.
369 320 432 346 592.
450 326 476 344 Ε.

178 358 312 387 STAcms
332 366 379 387 lx.
399 364 463 389 824.
482 371 509 391 A.

176 401 282 429 STADIA
303 402 457 440 quindecim
479 411 541 433 sunt
565 404 691 433 milliaria
714 404 779 435 duo.
804 411 876 434 VIII.

138 448 201 474 425.
226 456 256 473 D.
273 445 396 474 Stadium
419 454 457 475 est
474 458 590 486 praesens
607 448 674 477 vita.
692 455 739 478 IX.
763 453 828 478 785.
851 458 876 477 c.

175 490 349 519 STAGmIt‘s.
367 491 410 519 Ad
423 492 570 529 Stagirium
586 499 698 521 ascetam
714 503 729 521 a
745 491 878 521 daemonio

135 540 262 561 vexatum
289 534 374 562 oratio
396 534 588 564 adhortatoria.
614 544 633 564 I.
660 541 720 565 189.
743 535 878 574 Stagirius

135 577 169 605 ab
192 578 302 606 infantia
333 578 434 607 Christi
463 580 548 618 gratia
576 581 722 609 instructus
750 581 878 609 salutaria

135 621 260 660 dogmata
272 632 306 650 ex
319 623 452 661 majorum
467 634 577 652 suorum
589 624 753 653 successione
767 635 877 664 recepe-

136 672 188 695 rat.
206 673 226 695 I.
244 670 307 694 193.
327 676 356 694 D.
373 677 399 696 E.
417 668 528 706 Stagirii
544 675 627 696 mater
639 669 693 708 pia.
710 674 772 697 191.
791 679 816 699 e.
835 680 878 708 pa-

136 715 176 737 tcr
189 709 269 737 homo
286 710 427 739 violentus.
445 716 510 741 224.
527 723 555 740 Β.
572 712 697 741 Habebat
711 712 879 742 adulterinos

136 752 217 780 filios.
236 754 281 781 Π).
299 763 324 782 c.
344 753 589 783 Comessationibus
615 762 640 784 et
668 756 747 784 fastui
770 755 878 785 deditus

137 803 204 824 crat.
220 801 284 826 225.

178 841 312 879 Stagirius
331 848 418 869 asceta
431 842 519 870 sactus
537 842 715 881 negligentem
738 853 765 872 se
779 843 879 882 praebet

138 894 169 912 ac
181 884 302 923 tepescit.
318 891 338 913 Ι.
356 889 420 913 218.
438 896 465 914 e.
483 897 509 914 A.
526 898 551 916 Β.
566 887 637 915 Eum
653 887 785 916 horrendo
797 887 878 916 modo

138 927 244 957 daemon
264 928 376 958 invadit.
399 936 418 957 Ι.
442 934 505 958 190.
526 940 555 958 n.
576 940 638 969 sqq.
661 930 688 958 in
708 931 793 959 forma
809 930 875 959 suis.

140 976 201 1000 192.
217 982 244 1000 E.
263 972 307 1000 Ex
321 982 434 1000 moerore
448 972 475 1000 in
491 972 704 1012 desperationem
721 985 787 1013 pene
802 974 879 1002 deci·

137 1015 228 1052 debat,
245 1015 348 1043 nullam
365 1025 547 1045 aerumnarum
569 1028 678 1045 suarum
692 1018 877 1048 liberationem

137 1059 286 1088 inveniens.
304 1064 366 1088 191.
383 1070 408 1087 A.
430 1063 494 1088 220.
510 1071 536 1089 c.
558 1061 588 1089 In
599 1061 711 1100 jejuniis
726 1072 756 1090 ac
776 1062 877 1101 vigiliis

137 1102 253 1131 multum
271 1103 399 1141 temporis
416 1103 587 1133 contriverat.
609 1109 670 1133 191.
690 1105 817 1134 Sanctum
831 1107 878 1136 vi-

136 1157 196 1175 rum
216 1146 384 1175 daemonibus
402 1147 535 1185 imperare
555 1147 664 1176 solitum
688 1149 785 1178 frustra
803 1150 881 1179 adie-

135 1197 186 1218 rat.
203 1198 224 1220 I.
250 1195 312 1219 191.
336 1201 363 1218 A.
391 1198 416 1219 et
440 1198 544 1220 sanctos
567 1192 613 1230 qui
635 1193 801 1222 curationem
828 1194 880 1223 hu—

130 1234 252 1272 jusmodi
273 1245 421 1272 numquam
446 1235 545 1263 frustra
574 1242 749 1265 tentaverant.
774 1242 838 1266 219.
853 1251 877 1268 A.

135 1280 287 1318 Martyrum
299 1278 366 1314 loca,
379 1278 427 1306 ubi
443 1278 548 1307 eximiae
564 1279 678 1308 virtutes
692 1281 878 1318 patrabantur,

132 1323 255 1360 frequens
274 1322 378 1350 adierat
393 1334 401 1359 ,-
425 1323 662 1361 revertebaturque
679 1334 769 1353 secum
791 1325 877 1354 ferens

134 1364 286 1394 inimicum.
306 1368 350 1394 lb.
368 1366 518 1395 Verebatur
537 1363 619 1405 patris
646 1368 713 1397 iram
734 1368 761 1396 in
783 1379 878 1398 mona-

133 1410 196 1439 chos
208 1432 215 1445 ,
230 1411 252 1438 si
266 1410 295 1438 id
310 1410 490 1449 comperisset.
503 1418 522 1440 1.
539 1416 601 1440 191.
616 1422 639 1440 Β.
656 1412 723 1451 Ejus
738 1412 816 1441 etiam
836 1413 876 1442 fa-

133 1454 223 1483 mulus
235 1465 250 1482 a
262 1454 383 1483 daemone
396 1461 525 1483 vexatus.
540 1462 561 1483 I.
578 1459 643 1483 219.

172 1498 305 1536 Stagirius
315 1508 348 1527 ex
360 1498 508 1526 insultibus
524 1498 654 1528 daemonis
666 1506 795 1537 quantum
809 1511 874 1540 pro-

133 1542 234 1572 fecerit.
254 1549 274 1571 Ι.
293 1546 358 1571 221.
375 1553 400 1570 E.
414 1546 478 1570 222.
496 1543 620 1581 Jejuniis‚
635 1543 735 1582 vigiliis
749 1551 774 1572 et
795 1552 875 1575 caete—

131 1588 169 1614 ris
181 1586 232 1623 piis
242 1585 381 1614 laboribus
393 1586 461 1614 nulli
477 1586 564 1625 impar
576 1587 684 1616 effectus
699 1593 750 1616 est.
767 1590 811 1619 Ib.

172 1630 302 1658 STATERA
312 1630 386 1669 justa
396 1639 465 1667 quae.
480 1636 512 1657 V.
532 1634 557 1657 8.
574 1641 602 1658 A.

171 1674 298 1703 STATL'AE
315 1672 492 1712 triumphales
505 1673 654 1702 victoribus
670 1681 817 1713 ponuntur.
836 1683 867 1705 v.

137 1724 160 1747 1.
182 1729 208 1746 A.
225 1718 324 1746 Statuae
339 1727 391 1745 non
413 1717 520 1756 pariunt
543 1717 722 1747 immortalem
745 1719 869 1757 gloriam.

132 1768 177 1790 Iv.
197 1766 260 1790 850.

170 1806 232 1834 Post
253 1811 402 1834 statuarum
426 1805 575 1835 Theodosii
592 1806 684 1845 Magni
706 1807 869 1837 eversionem

129 1848 162 1877 ad
181 1849 316 1888 populum
334 1849 532 1878 Antiochenum
546 1849 668 1878 homilia.
689 1857 720 1878 II.
743 1855 788 1880 24.
806 1852 870 1880 sta-

128 1899 234 1921 tuarum
253 1893 365 1931 dejectio
383 1903 435 1921 non
458 1904 506 1932 per
525 1894 595 1923 cives
616 1893 805 1931 Antiochenos,
822 1895 868 1925 sed

127 1947 175 1974 per
197 1937 350 1976 peregrinos
376 1943 401 1965 et
421 1937 587 1976 promiscuos
607 1938 729 1967 homines
749 1945 865 1978 patrata.

127 1987 160 2008 II.
176 1985 222 2009 29.
240 1992 266 2009 c.
282 1982 437 2010 Statuarum
451 1981 624 2021 dejectionem
639 1989 767 2011 memorat
782 1983 869 2023 Chry-

126 2030 268 2052 sostomus.
286 2031 306 2053 I.
321 2028 386 2054 806.

164 2068 341 2097 S‘remscmcs
359 2079 374 2096 a
395 2068 588 2107 Chrysostomo
612 2070 679 2108 petit
705 2069 806 2098 librum
831 2071 866 2100 de

126 2111 348 2151 Compunctione.
365 2116 462 2140 1.172.
480 2123 506 2140 Β.

164 2156 331 2185 ὃτειιΔΒωι
348 2156 375 2184 in
398 2156 461 2184 caelo
483 2156 595 2194 pulchra
615 2163 639 2185 et
654 2156 797 2196 splendida
817 2169 867 2187 va-

124 2200 212 2228 rietas.
231 2207 276 2228 IV.
296 2204 341 2229 55.
363 2210 392 2228 n.
410 2201 548 2236 Quantum
568 2201 717 2229 inserviant
738 2201 867 2231 humanis

124 2243 295 2273 utilitatibus.
312 2250 358 2272 IV.
376 2248 421 2272 56.
438 2253 462 2271 Β.
478 2253 504 2271 c.
520 2254 546 2272 n.
560 2244 650 2273 Stellae
663 2254 810 2283 numquam
825 2256 866 2274 se-

122 2294 256 2315 nescentes
275 2286 370 2315 docent
396 2287 513 2315 animam
536 2288 564 2316 in
588 2288 688 2316 virtute
709 2298 861 2326 numquam

123 2331 276 2369 pallescere.
298 2337 344 2360 111.
367 2335 414 2359 71.
433 2342 459 2360 A.
479 2331 624 2359 Stellarum
644 2332 865 2362 conversionibus

121 2374 231 2412 quidam
257 2373 444 2402 adscribebant
473 2374 567 2402 mundi
587 2374 856 2406 administrationem.

123 2426 142 2446 I.
154 2423 220 2448 700.
234 2428 261 2447 D.
278 2418 361 2446 Stella
376 2428 517 2456 magorum
533 2418 590 2448 dux
601 2419 634 2447 ab
645 2419 786 2457 astrologis
801 2421 864 2458 qui-

120 2462 234 2491 busdam
254 2462 372 2491 veritatis
397 2462 513 2491 inimicis
531 2463 557 2491 in
572 2463 755 2492 testimonium
777 2474 860 2492 usur-

119 2514 299 2545 patur‚quam
318 2507 426 2535 insulse.
446 2514 504 2535 VII.
531 2512 577 2535 98.
601 2508 659 2536 Non
684 2514 739 2536 erat
764 2518 796 2536 ex
830 2508 862 2536 iis

119 2550 203 2578 stellis
227 2561 293 2588 quas
321 2550 443 2579 videmus
458 2573 463 2585 ‚
490 2550 536 2578 scd
568 2550 660 2579 divina
682 2550 804 2589 quaedam
838 2559 862 2580 ct

119 2594 263 2622 invisibilis
280 2594 365 2623 virtus
389 2594 415 2623 in
430 2594 513 2623 stella*
530 2594 644 2633 speciem
661 2595 858 2624 transformata.

1602 203 1672 251 389

932 281 989 302 XII.
1003 277 1067 302 522.
1085 284 1113 302 n.
1128 273 1162 303 Et
1178 271 1205 302 id
1214 280 1331 312 arguunt
1345 280 1401 303 tum
1417 275 1460 303 via
1470 284 1520 312 qua
1531 276 1669 314 pergebat,

931 324 988 345 tum
1002 324 1105 356 tempus
1121 317 1147 345 in
1163 328 1215 355 quo
1229 318 1386 357 apparebat.
1402 325 1459 347 VII.
1480 324 1543 347 101.
1562 330 1586 348 n.
1602 330 1627 347 c.
1641 327 1668 348 ct

930 360 1039 389 aliunde
1053 362 1149 389 modus
1168 371 1221 398 quo
1235 361 1349 390 ducebat
1365 373 1457 401 magos
1476 362 1503 390 in
1518 361 1668 391 Bethleem.

932 411 989 433 VII.
1006 409 1068 433 126.
1086 417 1111 433 A.
1128 405 1184 434 Cur
1197 405 1360 444 apparuerit.
1381 413 1438 435 VII.
1455 410 1519 434 103.
1538 416 1567 434 A.
1585 418 1610 436 B.
1627 406 1671 435 Ex

931 449 1116 487 magnitudine
1129 455 1154 477 et
1168 459 1201 477 ex
1217 449 1419 488 pulchritudine
1439 450 1585 489 spectaculi
1605 459 1673 477 ocu-

931 492 972 520 los
997 492 1170 531 percellebat,
1194 503 1296 521 necnon
1317 493 1397 521 etiam
1420 504 1453 522 ex
1473 504 1566 522 cursus
1584 492 1673 521 modo.

932 542 988 564 VII.
1004 541 1067 566 104.
1080 547 1107 564 A.
1122 536 1219 564 ostium
1230 536 1353 574 gentibus
1366 537 1481 575 aperuit.
1499 544 1556 565 VII.
1570 541 1632 564 103.
1646 547 1673 564 A.

930 586 955 607 et
967 580 1165 608 excusationem
1179 580 1264 609 aufert
1278 580 1439 615 incredulis,
1455 591 1522 618 quos
1533 590 1673 618 magorum

930 624 1085 662 exemplum
1108 624 1277 652 condemnat.
1297 626 1341 653 Ib.
1366 635 1392 653 B.
1417 625 1473 652 Diu
1488 631 1549 653 ante
1566 630 1673 663 partum

931 666 1018 704 magis
1032 668 1169 706 apparuit.
1186 674 1243 696 VII.
1260 672 1323 695 125.
1338 678 1366 695 A.
1384 668 1451 706 Ejus
1466 678 1560 696 cursus
1575 674 1600 696 et
1615 667 1672 695 ful-

932 720 989 748 gor.
1006 717 1061 739 VII.
1079 715 1141 739 101.
1158 714 1221 738 102.
1237 712 1294 738 Cur
1304 721 1384 749 super
1395 710 1484 749 ipsum
1496 719 1577 750 caput
1592 711 1671 739 Pueri

931 753 1040 782 steterit.
1054 761 1112 782 VII.
1130 758 1194 783 127.
1212 764 1236 781 Β.
1255 764 1282 782 c.
1303 764 1328 783 A.

971 797 1068 826 stellis
1086 808 1138 826 cur
1160 808 1218 826 non
1238 798 1418 826 benedixerit
1438 799 1518 827 Deus
1540 800 1572 827 in
1587 809 1672 827 crea-

931 843 1005 870 tione
1021 843 1134 872 mundi.
1150 849 1192 871 VI.
1209 846 1274 870 547.
1289 853 1312 870 Β.
1325 853 1351 870 c.

971 886 1131 915 Srernmffi
1143 885 1241 913 domus
1255 885 1383 924 primitiae
1398 895 1450 913 non
1464 885 1553 914 solum
1572 886 1673 914 Corin-

930 928 981 966 thi,
999 929 1045 957 sed
1059 936 1084 957 et
1098 929 1179 957 totius
1194 928 1316 958 Graeciae.
1338 936 1371 957 Χ.
1391 933 1456 957 475.
1473 939 1501 956 D.
1516 928 1666 967 Stephanas

930 973 963 1001 ad
979 973 1093 1001 Paulum
1109 983 1123 1000 a
1139 971 1286 1001 Corinthiis
1300 971 1407 1009 missus,
1422 971 1507 1011 ipsius
1531 972 1673 1011 epistolam

930 1015 965 1044 ad
979 1026 1022 1044 eos
1036 1016 1110 1046 tulit.
1128 1023 1161 1045 X.
1180 1020 1207 1044 2.
1226 1026 1252 1043 Β.

974 1061 1128 1089 Summo
1140 1070 1188 1088 cur
1197 1058 1342 1087 viduarum
1352 1068 1416 1087 cura
1425 1058 1566 1087 commissa
1573 1059 1673 1098 ahapo-

933 1104 1019 1132 stolis.
1037 1111 1058 1132 I.
1080 1109 1142 1132 499.
1163 1114 1189 1132 e.
1210 1104 1241 1132 ln
1259 1102 1396 1142 Stephano
1410 1103 1495 1140 gratia
1512 1103 1624 1131 florebat
1639 1114 1672 1132 ex

934 1147 997 1177 fide.
1020 1155 1065 1176 Ix.
1084 1153 1148 1177 141.
1170 1147 1301 1186 Stephani
1319 1146 1460 1185 sapientia.
1477 1153 1547 1177 VIII.
1563 1152 1627 1175 345.
1645 1157 1670 1175 Β.

933 1191 1084 1220 Calumniis
1106 1191 1255 1230 impetitur.
1279 1197 1324 1219 lx.
1347 1194 1410 1218 142.
1435 1200 1461 1218 e.
1482 1201 1509 1218 n.
1532 1190 1671 1219 Christum

932 1235 1017 1263 oculis
1034 1234 1095 1263 fidei
1109 1241 1244 1273 spectans,
1262 1233 1360 1262 imbres
1376 1233 1500 1272 lapidum
1517 1244 1569 1262 non
1584 1234 1671 1273 respi-

931 1277 1034 1314 ciebat,
1049 1277 1096 1306 sed
1110 1288 1232 1306 coronas.
1250 1284 1283 1306 II.
1300 1282 1365 1306 778.
1385 1287 1408 1305 Β.
1427 1276 1565 1305 Christum
1577 1278 1672 1306 imita-

932 1328 975 1350 tur
989 1321 1091 1351 orando
1106 1332 1153 1361 pro
1164 1321 1290 1351 inimicis.
1306 1328 1340 1349 II.
1354 1325 1420 1349 483.
1437 1331 1464 1348 n.
1482 1331 1508 1351 Β,
1527 1322 1594 1360 Ejus
1608 1332 1670 1350 ora-

931 1365 968 1393 tio
990 1375 1037 1404 pro
1058 1364 1241 1404 lapidantibus
1265 1365 1321 1392 Deo
1345 1363 1527 1402 acceptabilis.
1545 1371 1576 1392 V.
1602 1369 1668 1393 517.

930 1419 954 1437 c.
976 1420 1004 1439 n.
1028 1409 1094 1448 Ejus
1108 1409 1262 1447 exemplum
1277 1407 1417 1436 imitabile.
1436 1415 1494 1436 VII.
1513 1413 1577 1436 697.
1602 1408 1668 1437 Ste-

929 1453 1033 1492 phanus
1054 1454 1159 1493 primus
1180 1463 1276 1481 corona
1297 1452 1420 1491 martyrii
1443 1452 1596 1481 redimitus.
1620 1460 1665 1481 IV.

928 1501 992 1526 730.
1005 1508 1033 1526 A.
1046 1498 1114 1536 Ejus
1125 1507 1196 1526 mors
1205 1503 1270 1534 quot
1283 1497 1351 1524 bona
1363 1495 1493 1525 attulerit.
1508 1503 1554 1525 IX.
1572 1500 1631 1523 156.
1641 1507 1668 1524 D.

929 1541 1029 1570 Luctus
1039 1541 1072 1570 de
1082 1547 1166 1570 morte
1175 1539 1305 1579 Stephani
1319 1539 1396 1567 Pauli
1411 1539 1584 1567 conversione
1599 1550 1668 1568 com·

927 1591 1061 1623 pensatur.
1080 1592 1127 1614 lx.
1147 1588 1209 1613 166.
1228 1593 1254 1611 r..
1273 1584 1418 1620 Postquam
1434 1582 1563 1620 Stephani
1579 1592 1608 1610 os
1630 1582 1667 1610 si-

927 1629 986 1665 luit,
1001 1640 1065 1658 mox
1079 1629 1171 1658 sonuit
1185 1627 1250 1656 tuba
1264 1627 1353 1655 Pauli.
1374 1633 1420 1654 III.
1436 1631 1500 1656 148.
1525 1637 1552 1654 Β.

966 1675 998 1703 S.
1029 1673 1170 1710 Stephani
1188 1670 1409 1709 protomartyris
1431 1669 1574 1697 laudatio.
1592 1677 1665 1699 VIII.

925 1721 988 1746 629.
1023 1717 1094 1746 alia.
1117 1723 1186 1745 VIII.
1207 1719 1272 1744 903.
1296 1714 1457 1753 Stephanus
1475 1714 1668 1743 diaconorum

922 1764 1096 1800 praecipuus,
1114 1761 1264 1800 πρόκριτος.
1286 1766 1318 1788 v.
1339 1763 1403 1787 696.
1423 1768 1450 1786 A.
1473 1769 1495 1785 B.
1519 1759 1663 1794 ,Μαΐῳ-ἠέ

922 1812 1023 1843 portas
1038 1807 1184 1834 reseravit.
1201 1810 1272 1832 VIII.
1290 1807 1354 1831 629.
1371 1813 1397 1830 c.
1418 1802 1531 1830 Nomen
1545 1802 1666 1840 Stepha-

925 1852 954 1877 ni
964 1859 1103 1878 coronam
1118 1854 1186 1885 apte
1199 1849 1347 1886 exprimit.
1360 1853 1429 1874 VIII.
1445 1850 1508 1874 903.
1522 1857 1551 1874 n.
1571 1847 1666 1884 Quam

923 1894 1026 1922 similis
1046 1893 1164 1922 Christo
1179 1891 1340 1930 Stephanus
1355 1892 1383 1918 in
1402 1896 1504 1918 morte.
1518 1897 1588 1918 VIII.
1604 1895 1667 1919 904.

960 1937 1146 1967 Summum
1163 1935 1312 1974 quemdam
1326 1934 1434 1962 haeresis
1449 1940 1475 1962 ct
1489 1934 1669 1972 improbitatis

921 1991 1000 2009 causa
1024 1979 1203 2009 ecclesiastico
1216 1979 1373 2017 principatu
1386 1977 1530 2017 depulsum
1540 1977 1669 2006 doctrina:

921 2025 1051 2053 thronum
1073 2034 1205 2062 occupare
1219 2022 1299 2061 jubet
1317 2022 1443 2052 Julianus
1468 2023 1606 2059 Apostata.
1633 2029 1665 2050 II.

921 2074 986 2098 686.
1005 2080 1032 2097 A.

960 2113 1134 2141 Summms
1154 2118 1178 2139 et
1191 2109 1352 2138 soecunditas
1366 2115 1484 2137 matrum
1499 2108 1533 2136 ab
1551 2118 1603 2137 uno
1616 2118 1666 2137 na-

920 2163 986 2184 turae
1003 2155 1140 2184 conditore
1156 2154 1360 2193 dispensantur.
1378 2159 1423 2181 IV.
1443 2156 1508 2180 445.
1533 2151 1666 2181 Sterilitas

920 2199 1079 2238 plerumque
1103 2199 1204 2226 malum
1229 2196 1388 2225 mulieribus
1412 2195 1589 2224 intolerabile.
1613 2203 1660 2224 Iv.

920 2248 984 2272 825.
1004 2254 1028 2271 Β.
1052 2253 1080 2270 D.
1097 2241 1232 2281 praecipue
1250 2246 1360 2279 propter
1373 2238 1531 2277 injustitiam
1541 2238 1663 2267 virorum

919 2287 965 2325 qui
987 2287 1060 2315 hunc
1080 2285 1201 2313 dolorem
1221 2283 1352 2312 uxoribus
1371 2282 1436 2321 ipsis
1451 2282 1519 2311 vitio
1539 2289 1659 2313 vertunt.

920 2338 965 2359 IV.
984 2335 1047 2359 818.
1067 2340 1096 2357 D.

957 2375 1096 2403 Sumus
1116 2373 1141 2400 si
1160 2378 1265 2410 praeler
1290 2372 1473 2408 opinionem,
1499 2376 1551 2398 aut
1574 2371 1659 2408 virgo

912 2425 1017 2456 praeter
1038 2423 1177 2445 naturam
1190 2418 1300 2453 pariat,
1318 2424 1424 2443 novum
1435 2419 1555 2452 putatur
1569 2419 1658 2451 atque

917 2461 1053 2490 mirabile
1067 2473 1073 2495 3
1091 2466 1215 2498 utraque
1231 2460 1306 2487 enim
1326 2459 1523 2495 inexspectata
1538 2463 1580 2485 est
1592 2467 1657 2484 ma-

918 2515 967 2535 ter.
982 2513 1014 2534 It.
1030 2506 1112 2534 944st
1130 2515 1153 2531 A.

957 2551 1075 2579 simeo.
1097 2555 1122 2576 ct
1148 2547 1292 2586 Epicureos
1319 2545 1466 2575 confutavit
1496 2544 1603 2574 Paulus.
1631 2552 1650 2575 I.

917 2600 978 2624 504.
994 2605 1021 2622 n.
