1950 2922
263 226 331 248 222

252 286 370 325 λέγοντες
380 285 456 314 αὐτὸν
469 283 671 324 παραγενέσθαι,
682 283 726 311 καὶ
738 283 784 311 οὐκ
797 281 916 321 ἀληθείᾳ,
927 282 995 309 Prae

250 334 360 372 pudore
377 342 406 360 se
423 331 605 360 abscondant
628 332 677 366 qui
696 329 796 355 dicunt
818 337 882 355 eum
904 327 994 355 adve-

253 381 329 407 nisse
345 388 397 416 per
415 377 535 415 speciem
546 397 553 410 ,
579 384 638 402 non
651 376 713 412 ipsa
728 374 771 401 rei
788 374 923 400 veritate.
940 371 995 406 Qui

252 424 325 462 prior
340 423 420 461 liujus
434 421 539 449 liaeresis
560 419 720 447 mentionem
737 418 799 446 facit
821 425 859 446 est
873 418 994 456 Ignatius

251 470 357 507 Martyr
369 470 394 496 in
409 466 528 505 Epistola
541 465 573 493 ad
586 464 739 492 Trallianos
749 464 813 492 etin
828 463 947 502 Epistola
959 464 994 492 ad

250 515 410 553 Smyrnzeos.
423 513 587 540 Menioratur
599 511 678 538 etiam
689 510 723 538 ab
737 511 845 543 Irenaeo,
857 510 993 539 Clemente

252 558 455 593 Alexandrino,
481 557 525 595 qui
545 556 681 585 liaeretieos
703 555 860 595 hujusmodi
884 556 992 584 Docitas

252 613 338 643 vocat,
354 606 388 634 ab
400 606 514 643 Origene
528 605 589 633 item
604 611 628 632 et
642 603 769 632 Eusebio.

292 652 345 679 Alii
360 662 423 680 vero
437 651 562 679 dicebant
576 650 713 679 Christum
728 661 774 688 per
788 650 902 678 Mariam
917 649 994 687 quasi

253 709 350 736 aquam
362 709 408 736 per
418 698 537 726 canalem
548 697 672 725 transisse
687 704 802 731 tantum,
815 696 904 735 ὥσπερ
922 696 993 735 ὕδωρ

253 744 295 772 διὰ
308 745 438 779 σωλῆνος,
455 743 483 772 id
495 751 545 780 est,
558 754 653 782 eorpus
667 744 723 782 cjns
736 754 787 771 non
803 743 829 771 in
845 750 918 771 utero
932 742 996 772 Vir-

252 791 322 828 ginis
337 790 467 825 erevisse,
486 791 523 818 nti
539 790 606 818 solet
622 789 699 825 fieri,
715 789 760 817 sed
776 791 832 828 jam
849 790 995 818 formatum

253 836 387 864 transiisse
413 843 514 864 tantum
528 859 535 871 ,
561 835 635 864 velut
659 845 757 873 aquam
781 846 827 874 per
849 836 968 864 canalem
987 848 993 863 ε

68 916 70 919 ,
100 887 156 916 T-7.
169 885 241 915 p.51.
253 893 332 920 quem
347 892 461 910 errorem
477 881 561 920 rejicit
572 881 788 920 Clirysostomus.
805 881 921 909 Irenaeus
933 893 996 911 vero

102 927 123 939 ³·
255 929 322 956 hanc
343 929 494 956 lizereticain
514 928 666 966 opinionem
683 927 881 956 Valentinianis
896 927 997 956 adscri-

147 960 243 982 Irenaeus
254 975 303 1009 bit,
316 982 395 1012 atque
405 985 437 1002 ex
448 976 506 1002 Iieu
511 974 584 1002 ιιὌΕ
588 974 662 1013 pipli·
663 974 732 1001 iuius
744 973 793 1001 id
786 984 874 1012 ipsum
888 974 995 1012 profert.

137 992 175 1014 33.

101 1000 125 1021 p
131 1035 203 1062 Epipl·
207 1043 242 1055 an.
255 1021 312 1048 lnio
329 1029 402 1051 etant
418 1020 527 1058 qnidam
542 1020 567 1048 li
562 1020 660 1048 ιειοῑιςί
681 1019 726 1057 qui
742 1030 772 1048 eo
796 1020 941 1058 impietatis
957 1021 997 1048 ii·-

102 1076 125 1095 v-
146 1073 196 1096 172·
256 1073 477 1104 rumpetent,1it
497 1065 584 1094 dicere
608 1066 665 1094 ansi
692 1065 764 1100 sint,
789 1066 997 1094 inminationem

102 1110 242 1162 {TU-Pstffl'·
256 1112 356 1140 Christi
372 1123 426 1141 esse
440 1112 569 1142 fabulam.

111 1152 154 1192 ''T.
172 1178 206 1193 ιι.
221 1179 243 1198 p.

101 1203 155 1224 655.
169 1210 189 1223 e.

297 1158 438 1186 Gnosticos
453 1158 532 1186 semel
549 1164 651 1185 tantum
667 1164 855 1185 commemorat
874 1157 997 1195 Chryso-

258 1211 369 1236 stemus,
387 1215 453 1242 qnos
469 1204 519 1231 hoc
533 1204 639 1231 nomine
651 1214 706 1231 sese
721 1203 900 1242 appellavisse
915 1203 995 1237 dicit,

256 1250 319 1287 qnia
337 1261 364 1278 se
379 1250 446 1277 seire
468 1249 597 1288 putabant
612 1249 672 1287 plus
690 1259 769 1286 qnam
785 1249 872 1276 caetcri
887 1249 995 1276 seirent.

256 1296 311 1324 Sed
327 1295 361 1323 de
378 1295 589 1329 Valentinianis,
604 1295 649 1332 qui
666 1301 690 1322 et
702 1294 751 1332 ipsi
767 1294 792 1321 in
805 1294 997 1322 Gnosticorum

254 1351 364 1368 numero
377 1341 560 1374 censebantur,
575 1340 657 1367 multa
671 1339 770 1377 profert
782 1339 863 1366 variis
879 1339 905 1366 in
920 1339 993 1373 loeis,

252 1398 311 1426 quae
333 1387 489 1426 plerumque
513 1397 574 1414 cnm
596 1386 831 1413 Marcionistarnm
857 1392 882 1413 et
904 1386 998 1414 Mani-

253 1434 389 1462 chaeorum
407 1432 501 1460 haeresi
515 1432 690 1460 consentiunt.
708 1432 820 1459 Dicebat
842 1442 922 1470 porro
937 1433 997 1460 Va-

102 1480 368 1518 T.4.p.11.lentinus
392 1479 531 1507 materiam
552 1485 612 1506 ante
627 1479 785 1506 creationem
809 1476 902 1505 mnndi
925 1488 996 1516 prze-

102 1527 123 1542 ⁰²
139 1528 172 1542 ¹²·
255 1525 401 1559 exstitisse,
417 1535 495 1561 quem
513 1531 538 1551 et
552 1524 618 1551 alios
635 1523 733 1551 similia
759 1523 921 1561 proferentes
948 1533 998 1550 va-

255 1570 396 1599 lidissimis
421 1569 584 1607 argumentis
607 1569 725 1597 confutat
749 1569 800 1596 ille.
827 1570 912 1596 Deum
934 1579 996 1597 vero

102 1626 240 1657 1·‚4‚p‚649,
258 1617 409 1644 Creatorem
421 1626 475 1643 esse
487 1616 600 1653 negabat
613 1627 618 1642 :
631 1623 684 1643 erat
699 1615 768 1643 enim
782 1625 816 1642 ex
828 1625 938 1643 numero
953 1625 998 1643 eo-

104 1660 128 1681 h.
255 1672 315 1689 rum
331 1661 377 1699 qui
390 1661 520 1689 AEonibus
532 1660 620 1688 onmia
632 1660 823 1689 adsriiberent.
839 1661 907 1688 Cum
923 1662 997 1688 Mar-

257 1708 364 1736 conistis
376 1715 463 1735 autem
471 1714 495 1735 et
507 1706 666 1735 Manicliaeis
677 1706 799 1734 dicebant
815 1706 996 1734 Valentiniani

255 1754 337 1781 deum
358 1754 453 1781 veteris
475 1753 639 1781 Testamenti
655 1759 791 1780 auctorem
807 1763 861 1780 esse
878 1752 996 1780 malum:

104 1816 131 1836 T
138 1822 170 1843 7
163 1823 183 1834 .,
189 1814 242 1843 398
257 1806 282 1827 et
298 1800 335 1827 sic
351 1799 418 1827 dnos
438 1798 613 1827 admittebant
629 1798 707 1833 deos,
728 1798 808 1826 deum
825 1809 918 1836 nempe
933 1799 997 1827 novi

105 1855 124 1867 ⁶-
137 1848 159 1867 d·
180 1851 200 1866 2²1
222 1855 243 1873 P·
257 1846 434 1879 Testamenti,
454 1855 532 1883 quem
548 1845 647 1872 bonnm
663 1845 803 1894 putabant,
819 1850 843 1871 et
858 1843 937 1872 deum
951 1855 996 1872 v-e

103 1877 158 1898 ⁵6²
172 1886 191 1898 Ε
257 1891 319 1919 teris
338 1891 524 1927 Testamenti,
549 1901 627 1928 quem
652 1890 765 1923 malum,
785 1890 839 1917 imo
853 1889 997 1918 Nanichai

103 1919 242 1975 52:³⁴⁰&
256 1936 394 1965 diabolum
406 1948 461 1965 esse
472 1936 605 1971 dicebant,
617 1943 640 1964 et
654 1937 691 1964 sic
703 1935 788 1973 legem
801 1946 815 1963 a
829 1936 924 1974 Moyse
935 1946 997 1974 pro-

256 1983 348 2017 latam,
370 1991 397 2011 ut
411 1994 426 2011 a
440 1984 510 2011 malo
523 1983 572 2011 deo
586 1982 677 2010 datam
692 1992 725 2010 ex
737 1981 940 2020 Scripturarum
955 1992 998 2010 ca-

258 2030 345 2067 talogo
362 2030 560 2068 expungebant.

106 2091 155 2113 T.3
174 2099 196 2119 p,
207 2097 244 2112 22,
296 2076 506 2104 Incarnationein
517 2086 580 2103 vero
592 2074 691 2103 Christi
706 2085 767 2102 cnm
780 2074 927 2110 Marcione,
942 2075 998 2102 Ma-

106 2122 129 2142 b·
258 2122 359 2150 nie-liaeo
374 2129 398 2150 et
413 2122 475 2150 aliis
490 2121 604 2160 negabat
619 2121 790 2154 Valentinus,
804 2131 876 2159 «per
892 2131 920 2148 os
935 2120 997 2148 dia-

258 2167 313 2195 boli
332 2167 436 2201 dicens,
461 2178 521 2196 eum
538 2178 622 2204 neque
637 2167 804 2194 incarnatum
819 2177 887 2201 esse,
916 2176 999 2204 neque

257 2224 362 2241 earnem
378 2213 509 2249 induisse,
522 2213 568 2242 sed
583 2213 696 2252 speciem
711 2212 738 2241 id
751 2212 895 2250 qnamdam
908 2212 998 2248 fuisse,

258 2260 415 2296 phantasma
428 2283 435 2295 ‚
457 2260 652 2288 simulationem
672 2271 678 2288 :
699 2258 802 2287 tametsi
820 2259 954 2298 passiones
974 2265 1000 2286 et

260 2316 330 2333 mors
345 2312 369 2332 et
384 2305 535 2344 sepulernin
551 2313 575 2334 et
588 2306 669 2333 fames
684 2305 864 2333 reclamabant
878 2317 882 2331 :
896 2305 917 2333 si
931 2304 999 2333 niliil

259 2352 355 2379 liorum
376 2352 539 2390 contigisset.
557 2363 642 2380 nonne
663 2352 747 2381 multo
768 2352 884 2391 amplius
906 2351 999 2380 diabo-

261 2398 303 2426 lus
315 2398 372 2426 haze
388 2398 532 2437 impietatis
550 2399 662 2437 pessima
681 2398 806 2437 dogmata
825 2397 1001 2426 disseminas-

108 2470 128 2490 Τ
145 2475 150 2489 ¹
194 2469 246 2491 506-
261 2451 298 2472 set
309 2444 322 2472 .0
333 2457 347 2470 ι)
362 2444 440 2479 Quod
453 2444 539 2483 ipsum
553 2444 616 2471 alibi
637 2445 731 2483 repetit
744 2444 958 2483 Chrysostomns.

108 2487 137 2524 a:
158 2478 189 2499 *P*
300 2493 340 2520 De
354 2492 491 2520 Marcione
506 2498 531 2519 et
550 2490 697 2518 Manichaeo
713 2491 848 2518 innumera
871 2501 938 2529 pene
952 2491 1001 2518 lia-

212 2531 247 2551 ¹⁸⁵
259 2538 356 2566 bentur
380 2538 406 2566 in
436 2537 620 2576 Clirysostomi
652 2537 776 2575 operibus
792 2548 798 2571 ;
824 2537 939 2574 itemque
967 2536 1001 2565 de

259 2583 439 2613 Marcionistis
463 2590 487 2611 et
510 2582 676 2611 Manicliaeis.
692 2582 725 2610 lli
750 2593 814 2610 vero
836 2582 953 2611 haeretiei
973 2583 1000 2611 in

260 2630 351 2658 inultis
365 2629 581 2666 consentiebant;
597 2629 641 2657 sed
653 2628 715 2666 qnia
732 2630 839 2666 utrique
854 2629 938 2657 inulta
953 2629 1000 2657 lia-

869 220 1028 243 SYNol‘Sls
1056 220 1187 251 nonum,

1048 280 1147 310 hebant
1168 280 1221 309 sibi
1248 281 1411 320 peculiaria,
1433 281 1467 310 de
1494 282 1625 312 ambobus
1649 283 1792 322 separatim

1047 326 1189 365 agendum.
1209 327 1359 363 Marcioni,
1375 327 1475 356 Maneti
1492 335 1517 356 et
1538 329 1683 358 Valentino
1697 341 1792 358 erran—
1804 331 1831 352 T-
1844 333 1932 364 1.p.93

1047 371 1076 400 (Ιί
1093 382 1200 400 causam
1219 372 1299 401 fuisse
1317 372 1402 409 dicit,
1421 373 1493 410 qnod
1508 384 1631 411 quaenam
1652 375 1686 403 sit
1706 365 1828 404 malo-h'

1049 428 1109 446 rum
1135 428 1211 446 cansa
1236 419 1403 456 quaesierint,
1418 426 1443 447 et
1464 430 1510 458 per
1532 419 1600 448 hanc
1620 422 1793 458 quaestionem

1048 463 1203 492 innumeras
1215 464 1326 492 liaereses
1340 464 1504 493 suscitat-int.
1518 465 1631 494 Dicebat
1645 466 1708 495 item
1722 470 1793 496 Mar·
1804 471 1833 492 T·
1841 470 1863 500 4-
1875 480 1897 500 1>-
1909 478 1931 494 Η

1048 510 1107 538 cion
1130 510 1270 538 materiam
1293 517 1353 539 ante
1368 512 1526 540 creationem
1542 512 1637 540 mnndi
1652 513 1791 551 praeexsti-
1804 510 1824 523 ‘¹'

1048 557 1122 583 tisse.
1146 556 1325 584 Marcionista:
1348 567 1409 584 vero
1434 557 1563 595 putabant
1581 558 1731 587 Creatorem
1750 560 1794 597 ju-

1047 608 1119 629 stum
1131 601 1240 639 quidem
1255 613 1328 638 csse,
1346 602 1392 630 sed
1405 613 1456 631 non
1472 603 1583 631 bonum.

1088 647 1174 675 Iidem
1192 658 1254 676 vero
1270 648 1354 686 legem
1375 649 1479 688 Moysis
1503 660 1536 678 ex
1555 650 1674 688 catalogo
1688 650 1794 680 divina·
1805 661 1931 691 T.1.p.409

1048 703 1106 721 rum
1136 694 1337 732 Scripturarnm
1364 695 1563 733 expungebant.
1587 695 1701 724 Dicebat
1722 697 1793 726 enim
1806 701 1826 713 ⁶²

1048 739 1167 767 Marcion
1179 761 1186 774 ‚
1204 750 1254 768 non
1271 751 1325 768 esse
1346 740 1471 769 cumdem
1494 742 1588 770 veteris
1613 749 1638 770 et
1658 742 1720 771 novi
1737 743 1794 772 Te-

1047 787 1168 813 stamenti
1184 786 1282 814 Deum*
1301 786 1369 814 Nam
1383 787 1444 815 licet
1464 787 1493 815 id
1513 798 1565 816 non
1585 799 1708 827 expresse
1722 789 1794 817 fera·
1805 793 1929 821 T.3.p.23:

1050 838 1104 867 tur,
1123 832 1270 861 verisimile
1294 843 1403 871 prorsus
1419 840 1457 861 est
1477 833 1571 868 illum,
1586 835 1697 871 perinde
1715 841 1795 873 atque
1806 833 1827 846 ⁰'

1049 879 1194 912 Manetem,
1207 878 1287 906 (lenm
1310 879 1411 907 inalnm
1434 886 1459 907 et
1482 879 1562 907 deum
1581 880 1683 908 bonnm
1704 880 1795 909 admi-

1049 924 1130 960 sisse,
1152 935 1182 953 ac
1203 924 1283 952 deum
1299 925 1399 953 malum
1421 936 1470 964 pro
1494 932 1611 954 creatore
1625 925 1720 954 mnndi
1745 926 1795 954 lia-

1049 969 1156 1005 buisse,
1177 976 1255 1007 atque
1274 970 1312 998 sic
1334 970 1525 1008 intelligendus
1539 978 1595 999 erat
1609 982 1671 1000 cnm
1694 972 1796 1000 diceret

1050 1016 1138 1043 Deum
1155 1026 1205 1043 non
1219 1026 1273 1044 esse
1285 1023 1429 1044 ereatmcm
1446 1016 1551 1045 mundi

1828 545 1856 566 T.
1873 552 1907 567 ιο.
1921 553 1933 574 p

1805 576 1860 606 493.
1874 578 1898 598 d.

1806 1031 1833 1051 T
1837 1030 1849 1052 Ι

1091 1062 1212 1090 Marcion
1238 1062 1365 1090 Ponticus
1389 1062 1494 1090 dicebat
1518 1063 1658 1091 Cliiistuin
1689 1033 1920 1108 nonninus-{pfl

1051 1117 1097 1145 per
1121 1117 1235 1145 speciem
1261 1106 1416 1141 advenisse,
1442 1118 1493 1144 qua
1516 1108 1542 1135 in
1565 1118 1593 1135 re
1616 1109 1831 1137 consentiebatb-

1052 1164 1102 1181 non
1127 1154 1206 1181 modo
1231 1164 1292 1181 eum
1308 1155 1335 1181 M
1339 1129 1426 1182 anieli
1420 1155 1464 1182 eis
1479 1161 1504 1182 et
1520 1156 1543 1183 V
1549 1155 1734 1190 alentinianis,
1750 1156 1795 1185 sed

1051 1199 1130 1226 etiam
1155 1210 1216 1226 etim
1233 1199 1425 1227 vetustioribus
1440 1199 1572 1227 haereticis
1595 1200 1642 1238 qui
1665 1202 1796 1239 putabant

1052 1245 1189 1272 Chiis-tuin
1220 1244 1349 1280 δικ-ἥσει,
1375 1245 1432 1272 sive
1462 1246 1550 1284 specie
1581 1253 1683 1274 tantum
1703 1254 1728 1274 et
1750 1258 1796 1286 per

1051 1292 1219 1330 phantasiam
1242 1292 1355 1320 venisse.
1380 1294 1590 1322 Incainationem
1612 1304 1675 1322 vero
1694 1294 1834 1334 CbristiT.
1843 1313 1889 1343 61)
1892 1312 1916 1336 5

1051 1338 1183 1375 negabat,
1206 1348 1259 1375 qna
1281 1338 1307 1365 in
1333 1348 1360 1366 ie
1381 1350 1395 1366 a
1417 1339 1607 1378 Chrysostomo
1631 1350 1647 1368 v
1649 1339 1829 1368 alidissimei·.

1051 1385 1214 1413 confutatur.
1807 1376 1860 1427 {¹7
1856 1384 1886 1404 Ρ”
1894 1383 1914 1398 ¹¹
1933 1400 1942 1422 ..¹

1092 1431 1210 1469 Negabit
1230 1442 1336 1469 qnoque
1363 1430 1500 1459 Christum
1523 1442 1584 1459 vere
1604 1442 1711 1470 passum
1727 1442 1791 1460 esse
1806 1438 1850 1458 T.
1840 1454 1860 1466 ,.
1866 1446 1887 1465 i·
1882 1440 1913 1464 .4(

1052 1480 1223 1517 Onapiopter
1237 1478 1302 1506 dicit
1314 1485 1419 1505 sanctus
1430 1477 1523 1505 doctor
1535 1488 1578 1505 eos
1590 1478 1636 1515 qui
1648 1478 1793 1506 Marcionis
1806 1475 1885 1521 ῗ”“ῑ“·
1881 1470 1911 1491 ⁵¹

1051 1524 1144 1551 morbo
1158 1524 1281 1551 laboiant
1295 1524 1365 1551 filios
1380 1523 1480 1551 diaboli
1498 1534 1563 1551 esse.
1586 1523 1698 1552 Dicebat
1713 1524 1793 1551 etiam
1804 1531 1832 1551 T.
1837 1538 1859 1558 7
1863 1532 1911 1560 ῃ4

1052 1570 1155 1597 Patrem
1171 1569 1291 1607 ignotum
1311 1580 1366 1597 esse
1389 1569 1456 1597 Filio
1478 1569 1536 1597 Dei.
1553 1569 1732 1597 Maicionista:
1753 1570 1831 1613 as-,r
1837 1601 1857 1620 7·
1861 1602 1884 1621 p
1879 1593 1908 1614 5,

1050 1616 1192 1643 {innabant
1215 1615 1352 1643 Clitistnm
1374 1626 1425 1643 non
1448 1626 1503 1643 esse
1524 1616 1699 1643 Cicatoiein:
1726 1624 1825 1653 quost.
1838 1634 1856 1645 c.

1051 1662 1154 1699 egregie
1184 1661 1279 1689 refellit
1306 1662 1520 1699 chrysostomus.
1546 1662 1684 1700 Negabant
1709 1662 1790 1690 etiam
1803 1654 1929 1708 ἶ·ξ”3’“’

1050 1707 1120 1745 qnod
1136 1718 1170 1735 ex
1182 1707 1267 1735 Maria
1283 1707 1397 1745 Virgine
1412 1714 1489 1735 natus
1500 1714 1566 1735 esset
1580 1730 1587 1741 ,
1598 1718 1629 1736 ae
1643 1707 1716 1746 quod
1731 1719 1792 1737 vere
1817 1702 1823 1706 ”
1852 1695 1865 1715 9
1885 1703 1891 1708 ”
1927 1698 1931 1709 ³

1051 1754 1239 1782 1··esnr1exisset
1254 1764 1268 1781 a
1286 1754 1408 1781 moituis.

1092 1800 1250 1828 Gehennam
1277 1800 1377 1827 nnllam
1394 1806 1453 1838 post
1469 1806 1582 1828 mortem
1607 1800 1662 1828 sore
1684 1800 1832 1841 dictita-T
1841 1827 1888 1850 ΡΡ

1050 1845 1115 1874 bant
1137 1846 1335 1879 Maicioniste,
1358 1856 1472 1883 quoium
1503 1845 1696 1884 impudentiam
1719 1857 1791 1875 com·
1804 1860 1823 1872 c.

1051 1892 1145 1931 primit
1165 1892 1257 1920 doctor
1274 1898 1369 1920 noster.
1387 1891 1463 1919 Pauli
1485 1891 1564 1920 dictis
1585 1893 1708 1921 meh-itui
1722 1890 1848 1942 Mar-ST
1867 1897 1901 1912 ¹⁰·
1924 1873 1949 1920 Tl

1052 1939 1126 1972 cion,
1144 1938 1189 1966 sed
1207 1937 1349 1966 tiuncatim
1361 1945 1384 1966 et
1401 1938 1514 1965 concise
1538 1939 1717 1967 Matcionistae
1731 1950 1794 1968 vero
1854 1930 1892 1943 ’ῃ
1923 1931 1943 1958 ².¹

1053 1995 1136 2012 unum
1164 1991 1266 2012 tantum
1292 1983 1481 2022 evangelistam
1508 1984 1690 2023 recipiebant,
1715 1996 1795 2023 quem

1053 2030 1140 2068 ipsum
1156 2037 1244 2058 tamen
1268 2029 1398 2058 arbitratu
1416 2040 1463 2057 sno
1477 2029 1667 2058 mutilaverant
1682 2037 1707 2058 et
1722 2041 1796 2059 com-

1052 2076 1118 2104 inis(
1122 2083 1222 2104 uetant.

1092 2121 1272 2149 Marcionistae
1291 2121 1425 2150 Salamine
1445 2128 1518 2149 erant
1537 2121 1563 2149 in
1587 2122 1696 2160 Cypro,
1714 2129 1740 2150 et
1754 2129 1794 2150 to·
1806 2140 1833 2161 T
1839 2139 1859 2161 3
1864 2148 1896 2171 Ρ

1052 2173 1106 2194 tam
1134 2167 1209 2194 illam
1235 2167 1371 2194 eisitatem
1395 2166 1596 2206 oppiiniebant,
1620 2167 1724 2205 inquit:
1750 2169 1824 2196 cnie-

1053 2212 1122 2240 malo
1143 2211 1289 2240 temedium
1315 2212 1409 2240 afseire
1433 2212 1544 2251 patabat
1569 2213 1794 2252 Cluysostomns,

1052 2267 1076 2287 et
1099 2270 1154 2287 rem
1170 2269 1276 2287 omnent
1290 2259 1401 2287 feliciter
1417 2259 1583 2287 confecturus
1599 2266 1664 2295 erat,
1679 2260 1730 2288 nisi
1744 2260 1796 2299 eje·

1053 2312 1110 2333 ctus
1127 2313 1151 2333 ct
1166 2305 1191 2333 in
1205 2305 1331 2333 exsilium
1348 2305 1443 2333 missus
1457 2305 1558 2333 suisset.

1088 2350 1322 2380 Marcionistainin
1333 2361 1395 2378 seio
1408 2361 1485 2378 usum
1496 2350 1637 2388 quemdam
1650 2351 1795 2380 ridiculum
1831 2376 1858 2397 Τ
1877 2383 1890 2398 ¹
1922 2366 1925 2375 ι
1940 2354 1942 2356 '

1056 2399 1091 2426 ita
1103 2397 1230 2425 desciibit
1253 2404 1358 2425 sanctus
1378 2396 1488 2425 doctor:
1504 2399 1683 2435 «Postquain,
1696 2397 1794 2435 inquit,
1809 2408 1837 2437 37
1841 2409 1862 2431 3
1878 2416 1890 2429 e

1056 2444 1260 2472 catechumenus
1275 2443 1407 2482 quispiam
1425 2443 1498 2482 apud
1518 2443 1578 2471 illos
1592 2443 1732 2471 defunctus
1744 2450 1793 2478 est,

1056 2491 1106 2519 snb
1120 2491 1186 2518 lecto
1202 2490 1300 2518 mortui
1324 2490 1452 2518 absconso
1467 2489 1557 2527 aliquo
1578 2490 1702 2524 vivente,
1718 2500 1797 2518 acce—

1055 2535 1122 2564 dunt
1148 2535 1181 2564 ad
1203 2542 1357 2569 mortuum,
1374 2542 1399 2563 et
1424 2535 1597 2573 alloquuntur
1620 2536 1723 2574 ipsum,
1749 2545 1796 2563 ro-

1056 2590 1172 2620 gantque
1205 2582 1303 2609 velitne
1336 2581 1455 2620 accipere
1485 2581 1661 2620 baptismum.
1694 2580 1797 2609 Deinde

1060 2629 1105 2657 illo
1120 2629 1186 2657 niliil
1209 2628 1400 2667 respondente,
1416 2628 1460 2666 qui
1475 2628 1617 2657 absconsus
1632 2634 1670 2656 est
1686 2638 1734 2666 pro
1750 2627 1796 2655 illo
