1884 2922
792 216 894 239 INDEX
923 216 1048 238 RERUM.

157 275 281 305 luiinicos
303 274 404 314 diligit.
427 284 444 304 1.
465 281 510 304 st.
528 287 553 305 E.
569 277 647 305 Nulla
665 288 691 306 re
711 277 828 306 liumaua
844 285 903 316 eget

161 326 218 347 vn.
235 324 296 348 157.
315 331 342 347 n.
360 321 418 349 Non
434 320 571 359 opulentia
584 344 590 356 ,
612 321 659 350 sed
680 322 770 350 virtus
792 322 903 350 divitias

160 363 239 401 parit.
254 370 311 391 VII.
327 368 390 392 386.
409 375 434 392 e.
454 364 595 392 Hominem
621 365 710 393 reddit
737 366 902 405 inexpugna—

158 406 252 434 bilem.
267 414 298 435 Χ.
312 412 375 436 385.
402 419 426 435 Β.
453 414 478 435 et
502 408 559 436 Deo
580 408 739 437 familiarem
763 410 856 438 efficit.
874 417 903 437 V.

157 454 222 478 278.
239 450 315 479 Nihil
329 451 364 479 ita
378 451 536 490 prudentem
552 451 651 489 reddit,
668 460 697 481 ut
717 453 815 482 virtus.
834 460 902 483 VIII.

161 498 226 524 284.

202 538 290 567 L'nius
304 539 402 567 virtute
418 539 495 568 multi
514 540 595 568 etiam
614 541 691 579 pravi
714 541 797 569 simul
810 541 905 569 fruun-

158 593 210 613 tur.
222 588 360 614 11.795.Ε.
374 585 461 613 Homo
470 583 577 621 quidem
585 595 653 613 unus
662 584 761 613 virtute
776 584 904 623 praeditus

162 630 295 667 integrum
308 627 439 666 populum
453 628 554 666 eripere
569 629 666 667 poterit
677 629 723 656 ira3
733 628 841 657 divinae.
856 630 901 656 ΙΙ).

157 673 212 708 Qui
225 672 322 700 virtute
336 679 397 700 sunt
419 671 523 710 praediti
534 694 542 708 ,
560 682 610 700 non
625 672 712 700 solum
725 672 751 701 iu
765 672 814 700 hac
827 672 881 700 vita
895 694 902 705 ,

163 716 209 745 sed
223 723 249 744 et
262 722 321 754 post
334 715 454 749 obitum,
475 715 625 754 plurimum
640 715 767 754 prodesse
781 722 905 754 poterunt

164 761 197 788 iis
216 760 262 798 qui
284 759 311 787 in
331 769 358 787 se
380 759 554 798 respexerint.
567 766 613 787 lv.
630 764 695 788 525.
711 770 739 789 E.
760 761 904 788 Parentum

161 804 247 831 virtus
268 802 380 841 posteris
398 801 515 841 prodest.
538 809 570 830 11.
589 807 653 831 380.
668 814 694 830 c.
712 802 735 830 si
750 809 837 831 tamen
853 803 904 841 ipsi

160 848 289 875 virtutem
305 852 445 874 sectentur.
461 853 508 874 IX.
522 851 587 874 724.
600 857 628 874 A.
650 846 725 874 Talis
743 853 781 874 est
796 846 905 873 virtutis

162 897 268 924 natura,
283 899 335 917 non
351 888 384 917 ad
400 889 490 917 futura
504 896 607 917 tantum
619 900 666 917 nos
680 889 801 928 adjuvat,
815 889 863 918 sed
880 898 904 919 et

159 934 204 962 hic
214 933 270 972 jam
288 933 477 961 retributiones
502 933 611 972 praebet.
633 940 667 961 11.
688 938 733 961 34.
755 943 780 962 B.
803 934 833 961 ln
847 933 903 972 ipsa

157 977 310 1016 operatione
323 976 404 1005 habet
417 977 657 1005 remunerationem
671 977 750 1005 etiam
762 983 822 1005 ante
835 987 906 1015 prae-

161 1021 226 1050 mia.
241 1028 274 1049 V.
289 1025 352 1049 334.
370 1032 397 1050 A.
414 1025 478 1051 421.
493 1031 518 1049 e.
538 1021 679 1049 Virtutum
691 1020 818 1048 studiosis
831 1021 905 1049 mille

156 1075 314 1093 coronarum
326 1064 436 1092 materia
449 1071 568 1103 paratur.
584 1071 629 1092 lv.
645 1069 691 1093 60.
706 1075 734 1092 A.
749 1064 845 1093 Yirtus
859 1064 902 1092 la-

157 1115 214 1137 tens
232 1108 375 1147 praemium
399 1108 489 1136 habet.
512 1115 558 1138 IV.
579 1113 644 1137 356.
667 1121 694 1137 A.
718 1108 772 1145 Qui
796 1108 902 1137 student

158 1152 263 1188 virtuti,
284 1162 335 1180 non
356 1152 473 1189 labores,
497 1152 544 1180 sed
559 1152 707 1181 mercedem
728 1152 780 1180 sibi
802 1163 902 1192 propo-

157 1203 233 1225 nunt.
262 1203 307 1224 Iv.
329 1200 394 1226 430.
415 1196 532 1225 Virtutis
558 1196 698 1235 praemium
719 1206 795 1224 nemo
817 1203 902 1235 potest

156 1240 269 1269 auferre.
288 1247 309 1270 I.
333 1244 378 1268 88.
397 1250 424 1268 A.
444 1240 559 1268 Fructus
577 1241 634 1279 ejus
656 1247 783 1279 perpetuo
798 1241 901 1272 florent,

156 1290 181 1310 et
203 1293 349 1321 numquam
374 1283 542 1319 flaccescunt,
558 1284 685 1322 illiusque
698 1284 767 1312 bona
791 1285 900 1313 immor-

157 1327 219 1354 talia
233 1334 303 1355 sunt.
322 1334 355 1355 V.
370 1332 435 1356 504.
456 1328 594 1356 Viaticum
611 1328 687 1357 nobis
700 1339 824 1367 paremus
843 1329 900 1358 vir-

156 1377 257 1406 tutum,
270 1370 304 1398 ad
317 1370 400 1398 vitam
413 1372 542 1400 futuram.
560 1379 602 1400 tv.
617 1377 662 1400 41.
676 1372 740 1400 Sola
753 1372 838 1400 virtus
853 1382 901 1401 no-

156 1413 260 1442 biscum
274 1414 337 1442 hinc
352 1415 468 1453 migrare
486 1415 562 1443 solet.
580 1423 625 1444 XI.
649 1420 725 1446 668⁵.
750 1427 778 1444 n.
804 1416 900 1444 Virtus

157 1469 250 1487 nomen
264 1460 415 1488 immortale
430 1460 511 1498 parit.
527 1468 558 1488 V.
573 1465 637 1490 255.
653 1472 680 1490 D.
696 1468 721 1490 et
740 1462 898 1490 memoriam

157 1503 310 1541 gloriosam.
326 1509 359 1533 V.
375 1508 440 1532 256.
459 1515 482 1532 B.

196 1547 313 1577 Virtutis
331 1547 414 1576 dotes.
434 1555 478 1576 IV.
498 1553 546 1576 77.
565 1560 590 1576 A.
605 1560 631 1577 B.
647 1554 691 1577 78.
710 1549 806 1578 Calida
822 1557 860 1579 est
874 1558 899 1579 et

155 1592 268 1620 fervens.
281 1599 313 1620 x.
326 1596 390 1622 624.
407 1602 433 1620 A.
453 1593 522 1628 Quae
538 1599 627 1621 nostra
645 1593 776 1622 intersunt
788 1616 796 1629 ‚
812 1595 897 1624 virtus

156 1642 218 1664 sunt
237 1642 260 1664 et
284 1635 462 1675 philosophia.
477 1644 509 1665 X.
526 1641 590 1666 313.
605 1648 629 1666 Β.
646 1638 706 1666 L'na
721 1648 789 1677 opus
810 1639 897 1667 hahe-

157 1689 217 1708 mus
232 1679 344 1716 virtute3
360 1679 414 1708 haec
429 1690 476 1708 nos
492 1691 598 1709 servare
610 1682 718 1720 poterit,
735 1689 759 1710 et
774 1693 821 1710 nos
834 1683 898 1711 mit-

157 1730 192 1752 tet
205 1724 232 1752 in
244 1734 356 1762 regnum
374 1724 510 1753 caelorum.
524 1732 594 1753 VIII.
611 1730 673 1754 337.
684 1737 708 1754 c.
725 1726 834 1755 Virtute
845 1727 897 1755 ab·

157 1775 239 1804 sente,
261 1768 328 1796 nihil
353 1768 476 1807 prodesse
499 1777 606 1807 potest;
635 1770 733 1798 virtute
755 1777 895 1809 praesente,

157 1812 224 1840 uihil
237 1811 328 1840 damni
345 1819 432 1851 potest
448 1814 551 1842 inferri.
569 1821 616 1843 IX.
633 1819 696 1843 278.
712 1825 741 1844 1).
758 1814 830 1843 Fieri
843 1825 896 1844 non

158 1863 243 1894 potest
263 1863 293 1884 ut
312 1857 346 1884 sit
363 1867 426 1895 pax,
447 1858 498 1886 nisi
514 1858 599 1886 virtus
612 1865 776 1887 exerceatur.
791 1865 838 1887 XI.
852 1863 897 1887 83.

157 1911 182 1928 A.
204 1900 371 1939 Principium
392 1901 503 1938 salutis,
521 1902 630 1930 virtutis
653 1902 732 1930 actio.
755 1909 790 1934 V.
807 1906 853 1930 23.
870 1913 898 1932 A.

156 1943 199 1972 Ad
221 1944 349 1972 virtutem
372 1945 506 1982 quomodo
529 1945 722 1975 accedendum.
748 1953 809 1975 XII.
835 1950 898 1975 194.

156 1988 250 2017 Multae
263 1995 323 2016 sunt
345 1988 452 2017 virtutis
474 1989 538 2026 viae,
558 1989 627 2018 sicut
646 1997 672 2018 et
692 1990 897 2029 margaritarum

156 2033 241 2060 multa
265 2039 327 2061 sunt
355 2031 522 2061 discrimina.
546 2041 593 2062 XI.
623 2038 687 2063 679.
715 2034 783 2062 Duae
810 2040 898 2062 autem

154 2076 312 2115 praecipuae,
335 2087 350 2104 a
371 2076 436 2105 vitio
454 2077 555 2105 seilicet
576 2077 720 2113 liberatio,
743 2084 768 2106 et
789 2077 898 2106 virtutis

154 2120 232 2149 actio.
255 2127 288 2148 V.
312 2124 358 2148 35.
380 2131 405 2149 A.
428 2131 452 2151 Β,
470 2121 525 2149 Ubi
539 2127 577 2148 est
596 2121 690 2159 ingens
705 2121 813 2149 virtutis
828 2128 898 2150 reete

154 2163 270 2199 sactum,
286 2170 365 2201 atque
386 2163 445 2192 ideo
466 2174 513 2192 nec
529 2164 580 2193 suh
599 2165 727 2204 praecepti
744 2165 898 2194 necessitate

155 2207 332 2242 concluditur,
347 2207 556 2246 exspectandum
570 2215 607 2236 est
620 2207 784 2237 desiderium
805 2219 898 2237 eorum

156 2251 201 2289 qui
223 2261 252 2279 eo
274 2251 438 2289 pet-functuri
473 2259 545 2280 sunt.
566 2259 586 2280 I.
610 2256 672 2280 339.
694 2263 722 2281 n.
755 2263 782 2282 Ε.
814 2264 844 2284 A.
873 2256 897 2281 A

156 2295 243 2334 prima
260 2302 336 2323 aetate
354 2296 448 2323 virtuti
467 2295 686 2324 incumbendum.
703 2304 724 2324 1.
748 2301 811 2325 132.
826 2308 855 2324 A.
869 2308 894 2325 B.

158 2339 245 2368 Etiam
255 2339 282 2366 in
294 2338 390 2367 mediis
403 2339 518 2367 urbibus
531 2339 581 2368 coli
592 2346 688 2378 potest.
702 2347 746 2368 lv.
759 2344 821 2369 503.
836 2350 895 2369 πλε.

156 2384 187 2411 ln
203 2383 302 2411 virtute
313 2392 469 2420 progressus
481 2405 488 2417 ‚
502 2383 548 2420 qui
559 2383 617 2413 fiat.
630 2390 689 2412 ΥΠ.
712 2388 774 2413 183.
790 2395 815 2414 A.
840 2384 897 2412 Una

157 2427 243 2456 virtus
259 2437 309 2455 non
320 2426 431 2461 sufficit,
450 2426 497 2455 sed
508 2427 580 2455 omni
600 2427 698 2456 virtute
709 2438 776 2466 opus
787 2435 836 2456 est.
851 2435 895 2456 XI.

159 2475 204 2500 33.
220 2471 284 2498 Pars
295 2470 403 2498 virtutis
413 2477 540 2499 contemta
552 2493 560 2507 ,
572 2471 639 2498 mala
657 2471 745 2499 infert.
760 2478 819 2499 VII.
832 2475 896 2499 721.

160 2525 185 2542 c.
202 2525 231 2543 n.
245 2514 296 2542 Per
312 2514 470 2542 exercitium
483 2515 567 2542 virtus
579 2515 737 2552 acquiritur.
759 2522 806 2545 IX.
830 2519 894 2543 255.

160 2568 188 2586 n.
213 2567 241 2585 E.
263 2557 308 2586 Sic
330 2557 400 2586 enim
418 2557 511 2586 sortior
531 2557 622 2586 evadit
641 2557 756 2586 animus.
780 2565 826 2587 IX.
847 2562 883 2586 76

160 2612 184 2630 Β.
208 2602 337 2637 Quaenam
360 2600 394 2630 ad
421 2601 553 2630 virtutum
573 2602 730 2630 exercitium
753 2601 894 2631 deducant.

1628 209 1696 252 407

959 285 989 306 v.
1002 282 1048 307 23.
1068 288 1093 306 Ε.
1111 278 1140 307 Si
1157 287 1268 317 regnum
1287 278 1412 306 caelorum
1424 278 1468 308 vis
1483 280 1598 318 assequi,
1612 281 1698 309 multo

957 321 1007 350 tibi
1018 322 1150 350 virtutum
1168 332 1235 360 opus
1246 328 1285 350 est
1302 322 1441 350 exercitio.
1457 330 1502 352 XI.
1518 328 1583 353 133.
1596 336 1620 353 n.
1635 325 1698 353 Post

958 366 1190 404 compunctionem
1216 365 1332 404 aptiores
1364 376 1457 394 sumus
1477 366 1512 395 ad
1533 374 1621 395 actum
1643 368 1698 396 vir-

957 409 1033 437 tutis.
1056 417 1088 438 v.
1112 414 1158 439 23.
1182 420 1210 437 A.
1234 409 1332 438 Virtus
1352 415 1417 437 tunc
1437 410 1532 439 efficax
1556 416 1614 445 est,
1638 421 1698 439 cum

957 464 1037 492 opera
1058 453 1178 482 exhibet.
1200 460 1245 481 XI.
1266 457 1330 481 849.
1355 453 1464 482 Virtute
1485 453 1558 482 omni
1579 462 1650 482 caret
1666 455 1699 482 si-

958 496 1003 525 des
1022 498 1078 526 sine
1099 496 1236 536 operibus.
1261 503 1307 525 ΧΙ.
1329 500 1393 524 764.
1412 498 1470 525 Non
1490 497 1578 526 minor
1596 498 1629 526 de
1648 498 1700 527 vir·

958 547 1014 569 tute
1033 551 1096 568 cura
1117 538 1288 574 exhibenda,
1317 550 1398 577 quam
1423 539 1456 568 de
1480 541 1610 580 pecuniis.
1638 549 1695 570 VII.

959 588 1023 612 328.
1056 583 1172 612 Collecta
1199 583 1332 611 virtutum
1362 593 1424 621 gaza
1453 584 1527 612 omni
1559 583 1699 623 diligentia

958 627 1131 656 custodienda
1145 650 1154 664 ‚
1188 637 1237 655 nec
1268 627 1333 655 ante*
1355 627 1476 655 omnium
1509 627 1600 656 oculos
1637 640 1697 667 pro-

958 678 1088 710 ponatur,
1118 670 1166 700 sed
1190 670 1218 698 in
1239 670 1373 699 tutissimo
1395 671 1491 699 mentis
1514 674 1698 711 promptuario

957 721 1112 753 reponatur.
1137 720 1181 742 IV.
1206 718 1252 742 40.
1277 724 1302 741 Ε.
1331 725 1356 742 A.
1387 714 1518 753 Perpetua
1543 715 1618 744 nobis
1642 716 1698 745 vir-

958 764 1013 786 tute
1032 765 1071 786 est
1089 768 1168 796 opus,
1188 764 1214 785 et
1235 764 1342 786 extensa
1363 769 1446 796 usqne
1465 758 1499 787 ad
1517 766 1638 788 nostrum
1652 759 1699 788 de-

959 812 1071 831 cessum.
1102 809 1148 831 XI.
1181 806 1225 830 32.
1256 812 1281 829 E.
1312 802 1408 831 Virtus
1428 813 1507 842 opere
1528 810 1552 831 et
1577 804 1699 843 exemplo

959 846 1055 874 melius
1066 845 1176 874 docetur
1189 856 1269 883 quam
1284 846 1376 875 verbo.
1392 854 1438 875 IX.
1454 852 1517 876 262.
1532 858 1556 876 B.
1572 858 1595 876 c.

999 889 1115 919 Yirtutis
1128 891 1226 929 jugum
1240 900 1333 925 suave,
1352 889 1400 918 scd
1413 891 1510 928 jugum
1524 897 1620 919 tamen.
1638 899 1696 920 VII.

958 939 1021 962 484.
1045 945 1071 961 A.
1094 944 1118 961 B.
1144 938 1207 962 485.
1232 933 1353 962 Virtutes
1375 944 1459 972 parvo
1480 934 1642 964 vendibiles.
1662 943 1695 964 11.

959 982 1022 1006 397.
1039 988 1066 1005 A.
1079 977 1175 1006 Virtus
1188 976 1286 1005 facilis.
1303 984 1349 1006 XI.
1367 982 1431 1007 846.
1445 989 1472 1007 A.
1489 985 1514 1006 et
1526 989 1577 1007 non
1592 990 1696 1018 aspera.

958 1028 991 1050 X.
1008 1025 1070 1049 143.
1091 1031 1118 1049 B.
1134 1020 1183 1049 Est
1199 1027 1224 1048 et
1237 1020 1317 1049 simul
1332 1020 1475 1049 laboriosa.
1501 1029 1572 1052 VIII.
1589 1028 1653 1053 240.
1672 1036 1697 1051 A.

958 1069 1022 1094 241.
1040 1065 1177 1102 arduaque
1191 1075 1249 1101 res,
1268 1064 1413 1102 quomodo.
1433 1072 1466 1094 v.
1484 1071 1546 1094 141.
1559 1078 1583 1096 Β.
1600 1067 1698 1096 Nullus

955 1109 1000 1136 vir
1010 1109 1057 1146 qui
1070 1109 1178 1137 virtutis
1190 1108 1262 1137 viam
1275 1115 1409 1148 capessat,
1423 1119 1521 1148 expers
1533 1111 1583 1138 erit
1592 1110 1696 1145 dolore,

956 1153 1094 1187 aerumnis,
1110 1152 1310 1181 tentationibus.
1324 1160 1368 1181 XI.
1385 1157 1449 1181 767.
1468 1163 1495 1182 n.
1515 1155 1581 1182 Ante
1597 1154 1696 1183 Christi

955 1197 1116 1235 passionem,
1133 1196 1273 1224 difficilior
1286 1203 1342 1225 erat
1357 1197 1455 1225 virtus.
1470 1205 1539 1226 VIII.
1550 1203 1613 1227 480.
1630 1209 1658 1227 D.
1673 1206 1699 1228 ct

954 1246 1014 1279 post
1032 1240 1104 1268 illius
1115 1239 1277 1276 adventum,
1295 1240 1400 1268 facilior
1412 1241 1480 1269 sacta
1498 1248 1547 1270 est.
1569 1249 1614 1271 lx.
1630 1247 1695 1272 625.

955 1294 981 1312 n.
995 1284 1083 1322 Magis
1094 1283 1178 1312 ardua
1195 1290 1251 1312 erat
1263 1283 1290 1312 in
1305 1285 1386 1312 veteri
1407 1286 1474 1323 lege,
1485 1296 1565 1323 quam
1577 1286 1603 1314 in
1616 1296 1695 1317 nova.

954 1335 1001 1356 IV.
1017 1333 1081 1358 894.
1098 1339 1123 1356 E.
1139 1327 1256 1357 Virtutis
1278 1328 1431 1357 exercendae
1452 1329 1632 1358 difficultates.
1649 1337 1695 1359 VI.

956 1377 999 1400 14.
1026 1383 1048 1400 n.
1076 1372 1184 1407 Quibus
1203 1371 1272 1400 dura
1297 1373 1331 1400 sit
1356 1372 1452 1402 virtus.
1478 1380 1547 1402 VIII.
1573 1379 1637 1404 521.
1670 1385 1697 1403 E.

953 1415 1090 1452 Quamdiu
1111 1417 1138 1443 in
1159 1415 1249 1454 pravis
1270 1415 1410 1444 affectibus
1433 1427 1588 1453 versamur,
1610 1418 1698 1446 virtu—

953 1464 1004 1487 tem
1019 1469 1139 1498 asperam
1151 1481 1158 1495 ‚
1175 1459 1390 1498 inaccessamque
1405 1468 1541 1499 putamus.
1558 1468 1615 1490 VII.
1629 1466 1693 1490 253.

953 1514 978 1531 c.
998 1503 1092 1532 Ardua
1113 1510 1151 1532 est
1171 1504 1288 1532 maxime
1306 1504 1338 1532 iis
1369 1505 1416 1542 qui
1441 1516 1503 1534 cum
1525 1506 1617 1544 paucis
1638 1517 1696 1535 eam

951 1548 1113 1577 sectantibus
1142 1555 1342 1577 conversantur.
1364 1556 1395 1576 V.
1423 1553 1485 1578 141.
1516 1560 1539 1577 Β.
1564 1550 1617 1579 Via
1639 1551 1696 1579 vir-

952 1592 1017 1620 tutis
1035 1592 1171 1631 quomodo
1185 1592 1273 1621 facilis
1292 1592 1399 1621 evadat.
1419 1600 1453 1621 II.
1472 1597 1537 1622 853.
1550 1603 1575 1621 c.
1596 1604 1624 1624 n.
1636 1601 1693 1623 VII,

952 1640 1017 1667 330,
1043 1647 1071 1665 1).
1095 1637 1126 1665 In
1150 1636 1249 1664 virtute
1273 1636 1359 1675 prima
1381 1636 1532 1671 laboriosa;
1553 1648 1612 1675 quae
1634 1648 1697 1666 vero

951 1687 1110 1718 sequuntur,
1123 1681 1227 1708 suavia.
1246 1687 1293 1709 IX.
1309 1685 1374 1709 609.
1389 1691 1417 1708 D.
1436 1681 1502 1719 Ejus
1518 1681 1627 1710 initium
1642 1682 1692 1710 du·

951 1734 1021 1759 rum,
1037 1724 1098 1752 finis
1114 1734 1165 1753 non
1179 1724 1226 1752 ita.
1244 1731 1277 1752 Χ.
1299 1729 1361 1752 141.
1378 1735 1404 1752 A.
1420 1729 1481 1753 142.
1498 1729 1560 1754 143.
1574 1726 1636 1754 Post
1657 1726 1696 1754 la-

950 1767 1053 1803 borem,
1068 1767 1154 1796 virtus
1168 1768 1235 1796 levis
1247 1767 1388 1805 facilisque
1402 1775 1450 1796 est.
1465 1775 1523 1796 VII.
1537 1773 1602 1797 253.
1619 1779 1646 1800 c.
1665 1780 1694 1798 D.

954 1811 1035 1840 Nulla
1047 1811 1133 1839 virtus
1143 1811 1199 1840 sine
1209 1811 1299 1839 labore
1309 1821 1434 1850 magnam
1444 1811 1523 1840 refert
1534 1811 1694 1843 mercedem.

954 1862 1001 1884 III.
1015 1859 1078 1883 674.
1090 1868 1115 1883 A.
1129 1855 1184 1889 Qui
1197 1855 1296 1884 virtute
1311 1855 1438 1893 praeditus
1453 1862 1502 1892 est,
1519 1862 1583 1884 tunc
1596 1857 1697 1895 gaudet

954 1905 979 1926 et
992 1899 1151 1936 oblectatur,
1167 1898 1275 1937 quando
1294 1898 1329 1927 ad
1347 1905 1507 1927 senectutem
1532 1901 1695 1938 pervenerit,

953 1953 1014 1971 cum
1030 1943 1053 1971 ei
1070 1953 1121 1971 non
1142 1950 1249 1982 pereat,
1270 1942 1316 1971 sed
1333 1943 1423 1982 potius
1439 1942 1568 1981 germinet
1582 1951 1607 1972 et
1622 1944 1696 1973 efflo-

952 1993 1037 2014 rescat
1051 1986 1155 2016 Fruitio.
1173 1993 1205 2014 v.
1223 1991 1268 2015 91.
1283 1996 1310 2014 D.
1326 1996 1352 2017 E.
1376 1986 1442 2021 Quae
1457 1986 1583 2015 virtutem
1598 1987 1696 2016 laedere

953 2030 1067 2069 possint.
1083 2037 1127 2058 111.
1145 2034 1209 2058 556.

993 2074 1090 2102 Virtus
1118 2074 1219 2102 Christi
1244 2080 1352 2112 quanta.
1370 2081 1389 2103 Ι.
1406 2079 1471 2103 704.
1489 2085 1514 2102 ε.
1535 2074 1632 2104 Virtus
1644 2076 1694 2105 Jo-

951 2118 1028 2156 scphi
1043 2118 1210 2157 patriarchae,
1234 2126 1280 2148 IV.
1295 2124 1362 2147 718.
1378 2129 1406 2147 E.
1429 2130 1452 2147 A.
1469 2119 1604 2158 Tempore
1617 2120 1696 2149 Pauli

952 2168 1051 2199 quanta
1061 2168 1127 2190 esset
1141 2162 1228 2190 virtus
1242 2162 1467 2191 Christianorum.
1482 2170 1527 2191 XI.
1546 2168 1611 2193 257.
1628 2175 1656 2192 A.
1670 2175 1694 2193 B.

952 2210 1016 2233 258.
1032 2206 1102 2233 Cum
1126 2206 1360 2244 persequutionem
1375 2213 1530 2245 paterentur
1540 2230 1547 2243 ,
1562 2214 1625 2236 tunc
1640 2219 1696 2237 ma-

952 2249 1024 2277 xime
1038 2249 1138 2277 virtute
1150 2249 1291 2277 florebant.
1310 2256 1355 2277 lx.
1371 2254 1435 2278 212.
1455 2260 1483 2277 Ε.
1500 2261 1527 2279 A.

992 2293 1088 2322 Virtus
1108 2293 1232 2321 simulata
1251 2293 1403 2321 damnatur.
1430 2301 1486 2322 VII.
1508 2298 1573 2322 297.
1590 2304 1615 2321 1³.
1632 2294 1696 2323 Hae-

950 2337 1037 2371 retici,
1061 2336 1181 2375 corrupti
1206 2336 1327 2365 moribus
1351 2343 1377 2365 et
1399 2337 1466 2371 vita,
1492 2344 1519 2365 ut
1543 2337 1695 2367 seductores

950 2381 1059 2409 virtutis
1078 2381 1181 2408 larvam
1201 2380 1403 2409 circumferunt.
1428 2387 1486 2410 VII.
1509 2385 1573 2409 332.
1592 2392 1617 2409 c.
1640 2381 1695 2416 Qui

951 2424 1096 2452 humanam
1108 2430 1223 2452 sectatur
1235 2423 1359 2461 gloriam,
1374 2433 1389 2450 a
1401 2423 1500 2451 virtute
1512 2424 1564 2452 cito
1576 2424 1692 2454 decidet.

952 2476 999 2497 IX.
1025 2473 1088 2496 245.
1116 2478 1143 2495 ε.
1169 2468 1228 2495 Non
1248 2466 1335 2494 solum
1355 2466 1537 2505 improbitatis
1551 2467 1634 2502 actio,
1648 2468 1695 2497 sed

951 2512 1030 2540 etiam
1045 2522 1059 2539 a
1075 2512 1174 2539 virtute
1195 2510 1306 2539 cessatio
1317 2532 1324 2545 ‚
1346 2517 1375 2538 ut
1395 2511 1540 2548 puniamur
1553 2511 1644 2539 eflicit.
1661 2519 1694 2541 v.

952 2560 997 2584 23.
1011 2567 1036 2583 A.
1051 2555 1106 2591 Qui
1120 2555 1218 2583 virtute
1228 2553 1348 2593 praeditis
1362 2553 1512 2589 insidiatur,
1524 2555 1581 2594 ipse
1593 2562 1631 2584 est
1645 2556 1693 2594 qui

952 2601 1127 2641 periclitatur.
1138 2607 1195 2629 VII.
1213 2604 1276 2628 345.
1295 2610 1319 2628 A.
1335 2599 1381 2638 qiii
1394 2599 1453 2629 illos
1466 2599 1549 2636 laedit,
1565 2611 1621 2630 sese
1634 2612 1694 2641 per-
