1950 2922
130 520 268 549 T.1.p.116.

145 890 228 913 Pana-1.
247 899 269 920 p.

131 1304 157 1325 In
169 1304 270 1331 spelunca

129 1344 169 1363 per
179 1336 243 1355 liien-

131 1368 191 1386 nium
201 1366 271 1386 inclu-

131 1404 166 1417 sus
188 1402 269 1418 manet.

179 1902 246 1923 Annis

150 1933 203 1955 3so.
217 1932 270 1954 381.

132 1964 210 1984 erux
229 1965 270 1984 du-

131 2003 191 2015 uuum
203 1997 256 2015 scri-

132 2026 163 2046 bit
177 2027 202 2045 ad
224 2027 271 2047 sm-

131 2064 219 2083 gtrlsslss<

135 2093 153 2108 1.
165 2088 244 2115 9454.

288 221 352 243 110
763 221 791 244 S.

281 282 363 311 dabat
373 293 480 322 operam
492 294 497 310 :
510 293 623 321 cumque
635 282 740 321 ingenio
751 282 932 319 valeret,alios
942 282 1021 310 etiam

281 340 377 368 pueros
396 330 430 358 ad
441 329 560 369 idipsum
574 330 637 359 vitre
653 340 735 368 genus
746 330 849 358 allexit.
866 330 944 366 Pater
959 339 1021 357 vero

280 376 365 414 ipsius
378 376 447 404 nihil
463 386 514 404 non
527 376 581 414 egit
594 383 622 404 ut
643 376 719 403 illum
735 376 768 404 ab
788 375 840 403 hoc
850 375 912 404 vitae
926 385 1022 414 genere

281 429 409 450 averteret
422 434 429 459 ;
443 429 468 450 at
485 422 531 450 ille
552 421 664 449 feliciter
679 421 771 460 coeptis
786 421 822 449 ita
836 421 951 449 firmiter
961 421 1020 449 hoe-

281 467 365 503 rebat,
377 475 406 496 ut
417 467 485 495 nihil
498 474 584 505 posset
599 477 658 495 eum
672 467 725 495 alio
738 466 880 497 abducere.

322 512 424 540 Eodem
436 513 542 541 circiter
553 520 671 551 tempore
687 513 805 541 emisisse
814 512 922 542 videtur
933 513 1023 553 Chry-

281 565 411 586 sostomus
426 557 584 596 opusculum
599 558 667 586 illud
680 558 795 596 elegans,
810 558 882 596 quod
897 559 1023 588 inscribi—

282 610 335 639 tur,
353 604 540 641 Comparatio
562 604 648 642 Regis
662 610 690 632 ει
710 604 860 632 Illonaclzi.
886 605 937 633 Hic
958 615 1022 633 vero

282 648 376 687 probat
392 659 453 676 enm
468 649 515 686 qui
535 648 711 688 philosophiae
724 672 732 687 ,
745 650 774 679 id
794 657 832 679 est
853 651 913 679 vitae
929 661 1022 679 mona-

281 694 352 722 sticae
363 694 409 722 dat
423 705 531 733 operam
540 717 547 730 ‚
561 705 649 733 regem
661 706 722 724 vere
734 696 786 724 dici
799 707 894 735 posse;
913 697 966 725 imo
982 708 1023 725 re-

281 750 313 778 ge
323 740 448 769 ditiorem
460 747 485 769 et
496 741 720 780 potenti01·e1n,in
732 742 803 771 bello
816 743 962 777 fortiorem,
974 743 1022 771 ho·

281 786 401 815 minibus
422 786 589 815 demerendis
603 798 633 816 ac
652 787 782 817 beneficio
795 788 922 817 ornandis
935 789 1023 828 aptio-

282 843 350 869 rem,
365 833 392 861 in
405 833 480 861 obitu
495 833 652 861 beatiorem.

322 880 353 907 In
377 879 516 907 montibus
534 886 559 907 et
578 879 605 907 in
629 879 807 908 tabernaculis
829 880 1022 909 monachorum

281 926 396 955 Joannes
415 931 503 953 noster
526 935 574 964 per
589 925 795 963 quadriennium
812 926 952 955 asceticam
969 927 1024 966 egit

282 971 376 1007 vitam,
392 970 417 998 in
434 971 553 1009 jejuniis,
565 971 676 1009 vigiliis,
690 972 854 1010 psalmorum
870 980 959 1008 cantu,
974 983 1023 1001 cae-

282 1016 396 1055 terisque
407 1016 537 1055 ejusmodi
548 1017 683 1046 exercitiis
692 1018 764 1046 diem
780 1025 805 1046 et
821 1025 923 1057 partem
938 1019 1023 1048 noetis

282 1064 428 1091 maximam
447 1064 608 1102 transigens,
624 1064 679 1092 solo
693 1075 759 1103 pane
778 1072 803 1094 et
822 1076 888 1103 aqua
902 1090 909 1102 ,
925 1066 1024 1095 additis

281 1109 390 1138 fortasse
412 1109 529 1137 oleribus
545 1110 585 1138 vel
600 1110 781 1148 leguminibus
791 1133 798 1147 ‚
815 1112 940 1140 victitans
953 1124 960 1140 :
974 1122 1024 1140 ne-

282 1164 333 1191 que
344 1161 398 1182 tam
409 1166 499 1183 severa
513 1155 657 1194 disciplina
672 1163 696 1184 et
714 1156 802 1185 victus
817 1157 918 1186 ratione
928 1159 1024 1187 remis-

282 1198 336 1227 sior
349 1200 457 1228 effectus
468 1207 517 1237 est,
530 1200 583 1228 imo
596 1211 659 1229 vero
672 1201 808 1230 ardentior
819 1203 914 1237 evasit,
929 1210 954 1231 ct
965 1211 1026 1242 post

282 1252 397 1282 quatuor
408 1246 509 1284 elapsos
527 1256 609 1274 annos
626 1247 652 1274 in
676 1247 830 1286 speluncam
849 1258 876 1275 se
889 1248 961 1276 solus
983 1249 1025 1277 in—

283 1290 372 1319 clusit.
390 1292 462 1326 Quid
483 1302 545 1320 rero
560 1292 619 1320 istiu
638 1299 738 1330 ageret,
755 1303 806 1320 non
824 1300 862 1321 est
873 1294 1024 1332 disquiren-

281 1336 356 1372 dum,
369 1348 452 1375 neque
462 1349 476 1366 a
492 1338 667 1376 scriptoribus
679 1346 812 1374 narratur,
825 1347 924 1368 certum
937 1347 1024 1369 tamen

282 1389 319 1411 est
332 1394 393 1411 eum
404 1383 473 1411 nihil
488 1394 540 1411 non
552 1383 635 1421 egisse
647 1390 675 1411 ut
688 1394 792 1412 carnem
803 1386 924 1413 domaret
932 1392 957 1414 et
968 1386 1024 1414 Deo

281 1429 445 1458 ferventiore
463 1431 621 1468 jungeretur
641 1441 740 1459 amore.
758 1431 808 1459 Per
823 1432 963 1460 biennium
977 1443 1025 1461 au-

282 1482 335 1504 tem
354 1476 413 1504 istic
435 1476 553 1504 inclusus
571 1477 681 1513 mansit,
699 1477 832 1515 longiores
847 1478 921 1507 haud
941 1478 1025 1507 dubie

282 1522 400 1550 facturus
413 1532 509 1557 moras,
523 1522 574 1550 nisi
585 1521 698 1550 adversa
717 1523 874 1552 valetudine
890 1524 1024 1561 laborans,

282 1578 314 1595 cx
325 1567 449 1606 spelunca
469 1574 494 1596 et
514 1578 547 1595 ex
562 1567 699 1596 montibus
711 1568 738 1597 in
749 1569 842 1597 urbem
860 1569 948 1598 redire
963 1581 1025 1598 coa-

282 1619 339 1640 ctus
347 1620 424 1640 esset.
435 1613 507 1641 Illud
517 1623 579 1641 vero
587 1612 713 1641 accidisse
721 1615 829 1642 omnino
838 1614 946 1643 videtur
956 1625 1025 1644 anno

277 1658 335 1696 jam
345 1665 464 1686 vertente
478 1658 534 1686 380
547 1670 553 1686 :
566 1657 602 1686 ita
613 1658 683 1686 enim
696 1659 829 1687 constabit
843 1671 857 1687 a
871 1660 948 1689 nobis
959 1671 1024 1689 con-

281 1703 373 1731 stituta
395 1710 546 1742 temporum
570 1703 659 1731 ratio:
681 1704 702 1731 si
724 1714 819 1743 nempe
840 1705 883 1733 vel
906 1713 1024 1735 vertente

281 1760 350 1778 anno
359 1750 426 1784 574,
437 1750 477 1778 vel
491 1749 597 1778 ineunte
611 1750 678 1784 575,
690 1750 723 1778 ad
739 1758 839 1779 montes
851 1759 876 1779 et
888 1759 1023 1781 monaste-

281 1795 321 1823 ria
339 1806 367 1824 se
393 1795 552 1832 contulerit,
573 1795 666 1833 ibique
685 1807 731 1824 sex
748 1807 830 1826 annos
849 1805 896 1826 ant
917 1798 1024 1828 circiter

282 1841 449 1879 transegerit,
465 1848 494 1868 ut
509 1841 647 1869 Palladius
660 1843 748 1871 refert.

324 1887 423 1915 Redux
439 1887 549 1915 domum
561 1894 586 1915 et
602 1887 758 1917 infirmitate
770 1890 888 1928 corporis
900 1890 1024 1920 laborans

283 1932 402 1961 inclusus
416 1943 521 1961 manere
533 1933 687 1971 cogebatur,
705 1934 906 1964 advenientium
920 1937 1024 1965 visendi

284 1989 362 2007 causa
385 1979 533 2007 amicorum
554 1978 695 2016 colloquiis
719 1980 840 2009 animum
859 1992 978 2011 recreans
999 1990 1024 2011 et

284 2024 451 2063 aegritudinis
473 2024 641 2052 incommoda
655 2025 763 2053 leniens.
780 2027 864 2055 Paulo
876 2034 935 2066 post
950 2027 1024 2056 redi-

266 2073 271 2077 '
285 2077 341 2099 tum
352 2082 440 2106 snum,
449 2071 604 2109 etquidem,
614 2071 635 2099 si
646 2072 748 2100 Socrati
760 2072 825 2101 fides
831 2073 873 2109 sit,
885 2080 1024 2112 postquam

283 2117 413 2146 diaconus
422 2129 436 2146 a
448 2117 556 2146 Meletio
565 2117 703 2146 ordinatus
715 2118 809 2154 fuerat,
819 2119 902 2148 libros
916 2120 949 2148 ad
965 2122 1024 2150 Sta-

284 2164 383 2201 girium
396 2175 410 2191 a
421 2164 541 2192 daemone
555 2171 693 2199 vexatum,
709 2171 734 2192 et
747 2164 799 2193 sibi
818 2173 892 2193 antea
907 2166 1025 2195 familia-

284 2220 350 2245 rem,
364 2209 469 2248 scripsit
484 2220 551 2238 anno
566 2210 625 2238 580
638 2217 763 2246 vertente,
780 2211 824 2240 vel
836 2212 889 2241 581
904 2212 1018 2242 ineunte.

284 2254 365 2290 Quod
380 2262 466 2282 autem
484 2255 511 2282 id
524 2255 623 2283 factum
637 2255 671 2283 sit
686 2266 747 2284 cum
762 2255 835 2284 domi
847 2264 922 2293 esset,
938 2265 962 2286 et
979 2269 1022 2287 ca-

282 2301 346 2340 pitis
357 2300 449 2328 dolore
461 2301 632 2339 corporisque
647 2301 801 2332 infirmitate
816 2303 937 2334 detentus
949 2316 1021 2344 egre-

282 2347 311 2375 di
326 2357 378 2374 non
400 2353 497 2385 posset,
510 2347 565 2384 ipse
580 2347 696 2375 declarat
708 2348 773 2377 inito
788 2349 869 2388 primi
890 2350 952 2379 libri
978 2351 1019 2379 liis

282 2393 371 2422 verbis
385 2405 390 2420 z
406 2406 419 2419 «
433 2394 594 2431 Oportuerat
613 2403 659 2421 nos
678 2393 725 2421 tibi
743 2405 813 2422 nunc
827 2395 926 2432 adesse,
942 2403 1020 2434 atque

283 2450 310 2468 tn
333 2449 513 2468 :erumnarum
534 2445 638 2466 tuarum
659 2447 820 2469 consortium
844 2443 973 2476 transire,
989 2454 1019 2472 ac

282 2486 370 2515 verbis
381 2483 557 2519 exhortando,
572 2495 651 2523 opere
665 2485 796 2523 juvando,
814 2496 960 2527 cunctaque
974 2501 1016 2518 re-

280 2532 352 2570 liqua
374 2542 422 2570 pro
441 2530 513 2559 virili
528 2537 615 2558 nostra
636 2538 708 2569 parte
722 2532 858 2562 inserendo
869 2534 995 2573 obsequia
1009 2560 1016 2572 ‚

280 2585 380 2616 partem
394 2577 510 2615 aliquam
522 2577 604 2605 lenire
618 2578 738 2606 moeroris
755 2590 761 2605 :
778 2580 904 2616 quoniam
916 2592 979 2610 vero
993 2589 1018 2610 et

282 2623 399 2662 eorporis
415 2624 483 2652 mala
506 2623 644 2659 valetudo,
657 2631 680 2652 et
697 2624 816 2653 invectus
830 2626 856 2653 in
872 2634 950 2666 caput
966 2639 1015 2657 no-

821 221 963 244 JOANNJS
992 219 1228 242 Ctlttvsos'ront
1258 221 1313 243 Vl'l'
1323 221 1350 251 ἱ,

1079 288 1162 309 strum
1176 281 1262 318 dolor,
1273 282 1347 310 domi
1362 291 1408 311 nos
1424 292 1529 312 manere
1540 284 1734 322 compulerunt,
1749 284 1814 312 οἴκοι.

1078 327 1163 364 μένειν
1181 328 1396 366 meavi-(mezu,
1413 327 1542 365 nobisque
1564 329 1630 356 tanti
1646 329 1713 357 lueri
1734 329 1816 356 mini-

1077 372 1186 401 sterium
1201 373 1383 409 abstulerunt3
1394 374 1451 412 jam
1469 373 1540 411 quod
1559 374 1693 412 reliquum
1707 381 1745 403 est
1767 385 1815 413 pro

1078 419 1256 447 consolatione
1266 426 1310 447 tua
1321 426 1345 447 et
1359 430 1407 458 pro
1425 420 1541 448 utilitate
1555 426 1654 456 nostra,
1667 421 1717 449 hoc
1734 428 1762 449 ut
1776 420 1813 448 fa-

1078 463 1162 492 cultas
1179 471 1267 492 nestra
1280 464 1355 501 feret,
1372 465 1498 493 inducere
1511 475 1562 493 non
1580 465 1753 504 negligemus.
1771 479 1784 492 n

1118 510 1183 538 Haec
1197 510 1273 539 initio
1284 511 1364 539 verba
1378 511 1487 541 Joannis
1501 511 1651 549 attulimus,
1667 512 1742 550 queis
1753 513 1815 541 Til-

1078 555 1196 584 lemontii
1231 557 1373 596 objectioni
1406 557 1626 596 respondeamuS,
1655 558 1702 596 qui
1729 558 1795 587 dicit
1808 571 1814 586 :

1078 603 1192 631 ¹loannes
1212 603 1302 631 omnia
1317 614 1377 641 quae
1399 604 1432 632 de
1453 603 1569 641 Stagirio
1584 605 1775 639 narrabantur,
1788 617 1815 634 sc

1077 648 1183 677 audisse
1197 649 1263 677 dicit
1277 661 1282 676 :
1299 650 1321 678 si
1333 660 1396 679 vero
1412 650 1560 679 Antiochiae
1581 650 1690 686 fuisset,
1703 650 1815 679 vidisset

1078 694 1148 733 ipse',
1162 705 1210 723 nec
1224 695 1311 723 solum
1325 695 1419 724 auditu
1435 696 1593 735 percepisset
1606 697 1641 725 ab
1657 697 1724 725 aliis.
1736 697 1816 726 Unde

1078 742 1157 769 insert
1173 748 1235 769 tunc
1246 742 1375 770 Joannem
1388 742 1413 770 in
1426 742 1570 771 solitudine
1585 743 1627 770 vel
1640 743 1666 771 in
1680 743 1815 781 spelunca,

1079 798 1130 816 non
1154 787 1302 815 Antiochiae
1318 787 1407 816 fuisse.
1429 788 1479 816 Cui
1506 788 1649 827 objectioni
1673 790 1787 818 Joannes
1801 800 1814 817 a

1078 834 1210 873 principio
1225 834 1361 873 aptissime
1375 834 1514 873 respondit
1535 841 1565 863 ut
1579 845 1660 874 supra
1677 847 1682 862 :
1696 835 1766 863 unde
1782 835 1816 863 li-

1078 886 1141 918 quet
1155 880 1232 908 illum
1246 879 1318 908 domi
1336 881 1491 910 infirmitate
1501 880 1665 909 laborantem
1678 881 1737 910 baec
1751 881 1816 910 scri-

1078 927 1171 965 psisse,
1186 937 1236 955 non
1249 933 1337 955 autem
1349 926 1375 955 in
1391 927 1517 966 spelunca
1527 926 1674 965 degentem.

1117 972 1250 1011 Stagirius
1265 972 1348 1010 igitur
1364 973 1449 1001 nobili
1464 973 1522 1001 loco
1539 980 1634 1006 natus,
1649 984 1663 1001 a
1678 974 1776 1003 teneris
1789 974 1816 1003 in

1079 1018 1231 1047 Christiana
1255 1018 1310 1047 fide
1328 1018 1466 1053 educatus,
1481 1019 1613 1058 principio
1632 1018 1741 1057 quidem
1759 1027 1817 1048 ter-

1079 1065 1148 1093 renis
1162 1065 1241 1093 rebus
1256 1065 1379 1093 addictus
1395 1072 1470 1100 erat;
1485 1065 1531 1093 sed
1542 1065 1617 1093 brevi
1632 1072 1723 1104 postea
1738 1065 1818 1094 abdi-

1079 1108 1143 1136 catis
1167 1109 1340 1137 facultatibus
1355 1108 1502 1146 mundique
1518 1108 1640 1145 deliciis,
1655 1110 1740 1138 vitam
1754 1120 1817 1138 mo—

1079 1154 1207 1182 nasticam
1219 1177 1226 1188 ,
1242 1154 1326 1182 invito
1350 1154 1410 1182 licet
1432 1154 1631 1193 reluctanteque
1651 1162 1743 1194 patre,
1757 1166 1817 1184 am-

1079 1198 1176 1236 plexus
1196 1205 1245 1226 est.
1262 1198 1343 1226 Initio
1366 1205 1453 1226 tamen
1480 1208 1532 1226 non
1556 1198 1593 1226 ita
1615 1198 1774 1237 diligenter,
1789 1206 1819 1228 ut

1080 1255 1129 1283 par
1156 1244 1263 1279 fuisset,
1278 1243 1325 1272 sed
1353 1244 1495 1272 oscitanter
1522 1250 1546 1271 et
1571 1244 1749 1282 perfunctorie
1778 1255 1819 1274 res

1079 1290 1205 1318 asceticas
1219 1290 1361 1326 tractabat,
1378 1290 1534 1327 generisque
1545 1289 1586 1318 sui
1602 1290 1702 1318 fiducia
1717 1291 1800 1320 fretus
1810 1314 1817 1326 ‚

1079 1343 1214 1364 monentes
1226 1346 1252 1364 se
1268 1346 1338 1374 :egre
1354 1335 1522 1364 admittebat.
1536 1337 1639 1365 Verum
1652 1337 1818 1376 prospicien-

1078 1388 1104 1410 te
1120 1382 1238 1416 numine,
1255 1392 1287 1410 ne
1299 1389 1358 1420 post
1375 1388 1512 1420 peractum
1526 1389 1660 1411 tantarum
1675 1394 1756 1422 opum
1772 1395 1818 1413 sa—

1079 1428 1228 1464 crificium,
1243 1428 1329 1457 levius
1345 1428 1486 1467 praeminm
1510 1428 1643 1467 Stagirius
1665 1430 1786 1464 referret,
1803 1441 1819 1458 a

1079 1474 1201 1503 daemone
1220 1475 1366 1513 corripitur
1381 1481 1406 1502 et
1427 1475 1597 1513 exagitatur3
1615 1475 1651 1503 ita
1666 1482 1696 1504 ut
1717 1475 1819 1505 distor-

1080 1527 1119 1548 tas
1133 1531 1227 1548 manns
1243 1519 1370 1555 vidisses,
1384 1526 1472 1549 torvos
1487 1520 1594 1557 oculos,
1610 1521 1664 1550 oris
1678 1532 1800 1560 spumam
1810 1545 1817 1557 ,

1080 1566 1240 1594 horrendam
1257 1572 1282 1594 et
1302 1566 1439 1594 confusam
1460 1576 1562 1601 vocem,
1575 1567 1696 1605 corporis
1712 1574 1818 1596 tremo-

1080 1623 1147 1647 rem,
1164 1612 1320 1640 diuturnam
1338 1622 1429 1640 sensus
1443 1612 1621 1651 privationem
1635 1623 1641 1640 z
1655 1623 1685 1641 ac
1700 1613 1818 1652 repetitis

1079 1659 1230 1697 frequenter
1242 1658 1346 1686 vicibus
1361 1669 1444 1696 usque
1458 1658 1524 1686 adeo
1538 1665 1662 1695 vexatur,
1680 1665 1709 1686 ut
1724 1659 1751 1686 in
1769 1659 1819 1688 de-

1079 1712 1197 1744 speratas
1223 1704 1275 1732 sibi
1301 1711 1413 1733 mortem
1442 1704 1622 1732 consciscendi
1647 1704 1818 1743 cogitationes

1080 1750 1216 1779 interdum
1230 1750 1341 1778 veniret.
1359 1750 1429 1778 Hinc
1440 1760 1538 1778 moeror
1553 1757 1577 1778 et
1593 1750 1701 1779 tristitia
1716 1751 1815 1789 ingens.

1079 1797 1139 1826 Viae
1154 1807 1244 1825 omnes
1263 1796 1387 1835 placandi
1410 1796 1459 1824 Dei
1475 1802 1624 1831 tentantur,
1642 1796 1715 1824 nulla
1730 1796 1818 1835 profi-

1079 1843 1114 1872 cit
1127 1855 1132 1870 :
1145 1850 1295 1872 sanctorum
1308 1852 1398 1881 preces
1415 1841 1594 1878 adhibentur,
1610 1852 1655 1870 nee
1668 1842 1818 1871 vexationis

1079 1891 1141 1918 sinis
1156 1889 1324 1928 impetratur.
1341 1888 1391 1917 Hic
1407 1894 1494 1916 tamen
1510 1898 1543 1915 ex
1559 1894 1595 1915 tot
1614 1887 1740 1915 aerumnis
1753 1888 1817 1916 frn-

1081 1943 1138 1965 ctus
1153 1935 1309 1975 percipitur,
1318 1941 1347 1963 ut
1361 1933 1408 1971 qui
1420 1933 1484 1962 olim
1499 1933 1641 1961 oscitanter
1656 1943 1682 1962 se
1695 1934 1813 1971 gerebat,

1076 1985 1131 2023 jan)
1147 1982 1291 2010 ferventius
1304 1981 1346 2020 pia
1358 1980 1484 2008 exercitia
1500 1979 1597 2008 adiret.

1119 2029 1234 2057 Narratu
1248 2033 1336 2055 autem
1347 2025 1492 2064 Theophili
1506 2024 1628 2064 Ephesii,
1642 2025 1687 2062 qui
1698 2026 1817 2054 etJoan-

1080 2075 1120 2104 nis
1134 2081 1159 2103 ct
1175 2073 1285 2111 Stagirii
1298 2072 1399 2101 amicus
1416 2078 1482 2109 crat,
1494 2077 1621 2100 evocatur
1634 2071 1669 2098 ad
1684 2078 1761 2099 tantae
1773 2082 1816 2099 ca-

1080 2120 1207 2150 lamitatis
1229 2118 1355 2147 solatium
1381 2119 1513 2154 Joannes,
1536 2116 1620 2155 ipsius
1639 2117 1816 2155 amicus:qui

1080 2178 1141 2196 cuni
1159 2165 1252 2194 morbo
1272 2164 1408 2200 detentus,
1424 2163 1504 2191 domo
1518 2162 1645 2191 excedere
1664 2174 1715 2191 non
1737 2164 1815 2192 vale-

1079 2220 1135 2248 ret,
1151 2219 1202 2240 tres
1225 2211 1304 2239 hosce
1328 2209 1413 2237 libros
1439 2209 1564 2248 scripsit,
1581 2209 1704 2238 leniendo
1728 2209 1815 2238 dolori

1078 2265 1242 2298 opportunos
1257 2268 1263 2286 ;
1277 2255 1323 2283 ubi
1347 2255 1470 2294 exemplo
1495 2262 1646 2284 sanctorum
1677 2256 1816 2295 utriusque

1078 2303 1243 2335 Testamenti
1259 2302 1353 2341 probat
1368 2303 1456 2330 Deum
1477 2301 1519 2330 vel
1534 2301 1678 2330 carissimis
1695 2303 1746 2331 sibi
1770 2304 1815 2331 vi·-

1078 2352 1114 2381 ris
1128 2349 1259 2379 atrociora
1275 2348 1333 2376 ideo
1344 2347 1486 2376 immisisse
1498 2348 1577 2382 mala.
1590 2355 1618 2376 ut
1632 2350 1732 2388 majora
1748 2360 1814 2388 prae-

1077 2397 1131 2426 mia
1145 2394 1390 2435 splendidioresque
1403 2404 1511 2421 coronas
1530 2393 1667 2422 tribueret.
1686 2395 1813 2424 Animum

1076 2444 1112 2472 ait
1133 2441 1330 2471 calamitatibus
1346 2440 1490 2475 afflictum,
1506 2440 1650 2468 ferventius
1665 2441 1720 2469 Deo
1737 2440 1812 2469 divi„

1076 2490 1169 2528 nisque
1184 2488 1263 2517 rebus
1277 2486 1378 2514 bccrcre
1391 2497 1397 2512 :
1412 2485 1531 2513 maculas
1544 2496 1634 2514 omnes
1648 2492 1673 2514 ct
1686 2486 1751 2514 vitia
1762 2486 1812 2516 hac

1074 2536 1176 2564 ratione
1188 2534 1266 2562 citius
1281 2531 1395 2570 abstergi
1409 2544 1413 2559 :
1427 2538 1456 2559 ut
1469 2531 1554 2570 ipsius
1564 2531 1672 2569 Stagirii
1688 2533 1811 2572 exemplo

1075 2581 1239 2621 comprobari
1263 2586 1383 2619 poterat,
1402 2578 1446 2617 qui
1463 2577 1614 2613 oscitantia,
1631 2584 1751 2616 torpore,
1768 2586 1810 2606 tn—

1075 2640 1146 2658 niore
1166 2626 1323 2663 eliminatis,
1342 2626 1397 2664 jam
1426 2625 1493 2653 intcr
1518 2623 1687 2652 ferventiores
1709 2624 1806 2653 Christi
