<?xml version="1.0" encoding="UTF-8"?>
<!DOCTYPE html PUBLIC "-//W3C//DTD XHTML 1.0 Transitional//EN"
    "http://www.w3.org/TR/xhtml1/DTD/xhtml1-transitional.dtd">
<html xmlns="http://www.w3.org/1999/xhtml" xml:lang="en" lang="en">
 <head>
  <title>
</title>
<meta http-equiv="Content-Type" content="text/html;charset=utf-8" />
  <meta name='ocr-system' content='tesseract 3.04.00' />
  <meta name='ocr-capabilities' content='ocr_page ocr_carea ocr_par ocr_line ocrx_word'/>
</head>
<body>
  <div class='ocr_page' id='page_1' title='image "./operaomniaquaeex13johnuoft_0779.png"; bbox 0 0 1884 2922; ppageno 0'>
   <div class='ocr_carea' id='block_1_1' title="bbox 763 216 1023 239">
    <p class='ocr_par' dir='ltr' id='par_1_1' title="bbox 763 216 1023 239">
     <span class='ocr_line' id='line_1_1' title="bbox 763 216 1023 239; baseline -0.004 0"><span class='ocrx_word' id='word_1_1' title='bbox 763 216 867 239; x_wconf 72' lang='lat' dir='ltr'>INDEX</span> <span class='ocrx_word' id='word_1_2' title='bbox 898 216 1023 238; x_wconf 70' lang='lat' dir='ltr'>RERUM.</span> 
     </span>
    </p>
   </div>
   <div class='ocr_carea' id='block_1_2' title="bbox 119 277 867 1323">
    <p class='ocr_par' dir='ltr' id='par_1_2' title="bbox 121 277 867 744">
     <span class='ocr_line' id='line_1_2' title="bbox 127 277 866 305; baseline 0.001 -1"><span class='ocrx_word' id='word_1_3' title='bbox 127 284 170 304; x_wconf 77' lang='lat' dir='ltr'>IV.</span> <span class='ocrx_word' id='word_1_4' title='bbox 189 281 253 305; x_wconf 74' lang='grc'>743.</span> <span class='ocrx_word' id='word_1_5' title='bbox 277 286 302 304; x_wconf 87' lang='lat' dir='ltr'>c.</span> <span class='ocrx_word' id='word_1_6' title='bbox 324 283 356 304; x_wconf 71' lang='lat' dir='ltr'>v.</span> <span class='ocrx_word' id='word_1_7' title='bbox 384 281 448 305; x_wconf 80' lang='lat'>362.</span> <span class='ocrx_word' id='word_1_8' title='bbox 467 283 491 304; x_wconf 73' lang='lat' dir='ltr'>et</span> <span class='ocrx_word' id='word_1_9' title='bbox 521 286 616 304; x_wconf 82' lang='lat' dir='ltr'>nomen</span> <span class='ocrx_word' id='word_1_10' title='bbox 643 277 792 305; x_wconf 77' lang='lat' dir='ltr'>ccemeterio</span> <span class='ocrx_word' id='word_1_11' title='bbox 817 278 866 305; x_wconf 78' lang='lat' dir='ltr'>‹le-</span> 
     </span>
     <span class='ocr_line' id='line_1_3' title="bbox 123 320 866 359; baseline 0.001 -11"><span class='ocrx_word' id='word_1_12' title='bbox 123 320 172 348; x_wconf 89' lang='lat' dir='ltr'>dit.</span> <span class='ocrx_word' id='word_1_13' title='bbox 195 327 227 348; x_wconf 87' lang='grc'>11.</span> <span class='ocrx_word' id='word_1_14' title='bbox 257 324 323 348; x_wconf 84' lang='grc'>469.</span> <span class='ocrx_word' id='word_1_15' title='bbox 358 332 383 348; x_wconf 79' lang='lat' dir='ltr'>A.</span> <span class='ocrx_word' id='word_1_16' title='bbox 412 320 487 349; x_wconf 89' lang='lat' dir='ltr'>Nihil</span> <span class='ocrx_word' id='word_1_17' title='bbox 507 320 583 348; x_wconf 83' lang='lat' dir='ltr'>aliud</span> <span class='ocrx_word' id='word_1_18' title='bbox 603 326 643 348; x_wconf 86' lang='lat' dir='ltr'>est</span> <span class='ocrx_word' id='word_1_19' title='bbox 665 330 746 358; x_wconf 81' lang='lat' dir='ltr'>quam</span> <span class='ocrx_word' id='word_1_20' title='bbox 769 320 866 359; x_wconf 80' lang='lat' dir='ltr'>longus</span> 
     </span>
     <span class='ocr_line' id='line_1_4' title="bbox 122 363 866 403; baseline 0.001 -12"><span class='ocrx_word' id='word_1_21' title='bbox 122 373 245 392; x_wconf 89' lang='lat' dir='ltr'>somnus.</span> <span class='ocrx_word' id='word_1_22' title='bbox 265 371 285 392; x_wconf 92' lang='grc'>1.</span> <span class='ocrx_word' id='word_1_23' title='bbox 303 368 368 392; x_wconf 84' lang='grc'>936.</span> <span class='ocrx_word' id='word_1_24' title='bbox 386 375 413 392; x_wconf 80' lang='lat' dir='ltr'>E.</span> <span class='ocrx_word' id='word_1_25' title='bbox 430 364 609 403; x_wconf 70' lang='lat' dir='ltr'>peregrinatio</span> <span class='ocrx_word' id='word_1_26' title='bbox 620 363 654 392; x_wconf 88' lang='lat' dir='ltr'>ad</span> <span class='ocrx_word' id='word_1_27' title='bbox 669 371 791 402; x_wconf 87' lang='lat' dir='ltr'>tempus,</span> <span class='ocrx_word' id='word_1_28' title='bbox 819 375 866 393; x_wconf 89' lang='lat' dir='ltr'>so-</span> 
     </span>
     <span class='ocr_line' id='line_1_5' title="bbox 123 408 867 447; baseline 0.003 -12"><span class='ocrx_word' id='word_1_29' title='bbox 123 418 202 436; x_wconf 85' lang='lat' dir='ltr'><strong>mnus</strong></span> <span class='ocrx_word' id='word_1_30' title='bbox 216 415 344 437; x_wconf 83' lang='lat' dir='ltr'>consueto</span> <span class='ocrx_word' id='word_1_31' title='bbox 358 408 474 447; x_wconf 82' lang='lat' dir='ltr'>longior.</span> <span class='ocrx_word' id='word_1_32' title='bbox 496 416 528 437; x_wconf 91' lang='grc'>11.</span> <span class='ocrx_word' id='word_1_33' title='bbox 551 412 598 437; x_wconf 87' lang='grc'>75.</span> <span class='ocrx_word' id='word_1_34' title='bbox 614 419 641 436; x_wconf 84' lang='grc'>1).</span> <span class='ocrx_word' id='word_1_35' title='bbox 657 408 731 446; x_wconf 87' lang='lat' dir='ltr'>quies</span> <span class='ocrx_word' id='word_1_36' title='bbox 749 414 773 436; x_wconf 88' lang='lat' dir='ltr'>et</span> <span class='ocrx_word' id='word_1_37' title='bbox 789 408 867 437; x_wconf 88' lang='lat' dir='ltr'>liber-</span> 
     </span>
     <span class='ocr_line' id='line_1_6' title="bbox 123 451 865 481; baseline 0.001 -2"><span class='ocrx_word' id='word_1_38' title='bbox 123 457 170 480; x_wconf 82' lang='lat' dir='ltr'>tas.</span> <span class='ocrx_word' id='word_1_39' title='bbox 186 458 206 480; x_wconf 89' lang='grc'>1.</span> <span class='ocrx_word' id='word_1_40' title='bbox 225 456 286 480; x_wconf 81' lang='lat'>938.</span> <span class='ocrx_word' id='word_1_41' title='bbox 304 462 332 480; x_wconf 85' lang='lat' dir='ltr'>n.</span> <span class='ocrx_word' id='word_1_42' title='bbox 351 463 377 480; x_wconf 82' lang='lat' dir='ltr'>E.</span> <span class='ocrx_word' id='word_1_43' title='bbox 392 452 518 481; x_wconf 82' lang='lat' dir='ltr'>liberatio</span> <span class='ocrx_word' id='word_1_44' title='bbox 533 463 547 480; x_wconf 86' lang='lat' dir='ltr'>a</span> <span class='ocrx_word' id='word_1_45' title='bbox 561 451 751 481; x_wconf 78' lang='lat' dir='ltr'><strong>certaminibus</strong></span> <span class='ocrx_word' id='word_1_46' title='bbox 764 458 789 480; x_wconf 89' lang='lat' dir='ltr'>et</span> <span class='ocrx_word' id='word_1_47' title='bbox 802 453 865 480; x_wconf 80' lang='lat' dir='ltr'>vin-</span> 
     </span>
     <span class='ocr_line' id='line_1_7' title="bbox 122 494 863 534; baseline 0.001 -12"><span class='ocrx_word' id='word_1_48' title='bbox 122 494 199 523; x_wconf 86' lang='lat' dir='ltr'>culis.</span> <span class='ocrx_word' id='word_1_49' title='bbox 214 502 259 526; x_wconf 87' lang='lat' dir='ltr'>Iv.</span> <span class='ocrx_word' id='word_1_50' title='bbox 276 500 339 524; x_wconf 75' lang='grc'>427.</span> <span class='ocrx_word' id='word_1_51' title='bbox 356 507 383 524; x_wconf 83' lang='lat' dir='ltr'>E.</span> <span class='ocrx_word' id='word_1_52' title='bbox 403 495 525 534; x_wconf 81' lang='lat' dir='ltr'>Idipsum</span> <span class='ocrx_word' id='word_1_53' title='bbox 537 502 574 524; x_wconf 84' lang='lat' dir='ltr'>est</span> <span class='ocrx_word' id='word_1_54' title='bbox 589 494 662 533; x_wconf 84' lang='lat' dir='ltr'>qued</span> <span class='ocrx_word' id='word_1_55' title='bbox 676 495 863 524; x_wconf 84' lang='lat' dir='ltr'>vestimentum</span> 
     </span>
     <span class='ocr_line' id='line_1_8' title="bbox 123 538 864 578; baseline 0.003 -13"><span class='ocrx_word' id='word_1_56' title='bbox 123 548 229 568; x_wconf 75' lang='lat' dir='ltr'>exuere.</span> <span class='ocrx_word' id='word_1_57' title='bbox 258 547 290 568; x_wconf 87' lang='grc'>11.</span> <span class='ocrx_word' id='word_1_58' title='bbox 311 544 359 568; x_wconf 89' lang='grc'>75.</span> <span class='ocrx_word' id='word_1_59' title='bbox 386 551 414 569; x_wconf 84' lang='lat' dir='ltr'>n.</span> <span class='ocrx_word' id='word_1_60' title='bbox 438 541 513 568; x_wconf 84' lang='lat' dir='ltr'>Mors</span> <span class='ocrx_word' id='word_1_61' title='bbox 528 539 597 578; x_wconf 89' lang='lat' dir='ltr'>justi</span> <span class='ocrx_word' id='word_1_62' title='bbox 615 539 679 567; x_wconf 83' lang='lat' dir='ltr'>felix</span> <span class='ocrx_word' id='word_1_63' title='bbox 703 538 738 567; x_wconf 88' lang='lat' dir='ltr'>ob</span> <span class='ocrx_word' id='word_1_64' title='bbox 758 538 864 568; x_wconf 84' lang='lat' dir='ltr'><strong>dulcem</strong></span> 
     </span>
     <span class='ocr_line' id='line_1_9' title="bbox 122 583 865 612; baseline 0.001 -2"><span class='ocrx_word' id='word_1_65' title='bbox 122 583 332 612; x_wconf 77' lang='lat' dir='ltr'>recordationem</span> <span class='ocrx_word' id='word_1_66' title='bbox 345 584 596 612; x_wconf 76' lang='lat' dir='ltr'>benefactorum.11.</span> <span class='ocrx_word' id='word_1_67' title='bbox 611 587 674 611; x_wconf 87' lang='lat'>832.</span> <span class='ocrx_word' id='word_1_68' title='bbox 691 594 714 611; x_wconf 78' lang='grc' dir='ltr'>Β.</span> <span class='ocrx_word' id='word_1_69' title='bbox 729 584 802 611; x_wconf 83' lang='lat' dir='ltr'>Mors</span> <span class='ocrx_word' id='word_1_70' title='bbox 810 593 865 611; x_wconf 89' lang='lat' dir='ltr'>me—</span> 
     </span>
     <span class='ocr_line' id='line_1_10' title="bbox 121 626 860 666; baseline -0.001 -12"><span class='ocrx_word' id='word_1_71' title='bbox 121 626 174 654; x_wconf 87' lang='lat' dir='ltr'>lior</span> <span class='ocrx_word' id='word_1_72' title='bbox 193 638 273 665; x_wconf 89' lang='lat' dir='ltr'>quam</span> <span class='ocrx_word' id='word_1_73' title='bbox 287 628 359 663; x_wconf 77' lang='lat' dir='ltr'>vita,</span> <span class='ocrx_word' id='word_1_74' title='bbox 383 628 446 666; x_wconf 88' lang='lat' dir='ltr'>quia</span> <span class='ocrx_word' id='word_1_75' title='bbox 464 627 586 656; x_wconf 84' lang='lat' dir='ltr'>liberatio</span> <span class='ocrx_word' id='word_1_76' title='bbox 606 634 653 655; x_wconf 82' lang='lat' dir='ltr'>est.</span> <span class='ocrx_word' id='word_1_77' title='bbox 674 633 730 655; x_wconf 79' lang='lat' dir='ltr'>VII.</span> <span class='ocrx_word' id='word_1_78' title='bbox 751 631 811 654; x_wconf 83' lang='grc'>484.</span> <span class='ocrx_word' id='word_1_79' title='bbox 836 638 860 655; x_wconf 73' lang='grc' dir='ltr'>Β.</span> 
     </span>
     <span class='ocr_line' id='line_1_11' title="bbox 123 670 863 711; baseline 0 -13"><span class='ocrx_word' id='word_1_80' title='bbox 123 670 194 699; x_wconf 86' lang='lat' dir='ltr'>Hinc</span> <span class='ocrx_word' id='word_1_81' title='bbox 206 671 357 709; x_wconf 81' lang='lat' dir='ltr'>gaudebant</span> <span class='ocrx_word' id='word_1_82' title='bbox 373 679 505 711; x_wconf 76' lang='lat' dir='ltr'>martyres</span> <span class='ocrx_word' id='word_1_83' title='bbox 522 671 589 700; x_wconf 91' lang='lat' dir='ltr'>dum</span> <span class='ocrx_word' id='word_1_84' title='bbox 604 670 791 700; x_wconf 82' lang='lat' dir='ltr'>crudelissime</span> <span class='ocrx_word' id='word_1_85' title='bbox 806 681 863 710; x_wconf 88' lang='lat' dir='ltr'>pre-</span> 
     </span>
     <span class='ocr_line' id='line_1_12' title="bbox 123 715 730 744; baseline 0 -2"><span class='ocrx_word' id='word_1_86' title='bbox 123 721 258 742; x_wconf 83' lang='lat' dir='ltr'>merentur</span> <span class='ocrx_word' id='word_1_87' title='bbox 273 715 324 743; x_wconf 82' lang='lat' dir='ltr'>sul)</span> <span class='ocrx_word' id='word_1_88' title='bbox 340 716 462 744; x_wconf 85' lang='lat' dir='ltr'>faucibus</span> <span class='ocrx_word' id='word_1_89' title='bbox 476 715 580 744; x_wconf 87' lang='lat' dir='ltr'>mortis.</span> <span class='ocrx_word' id='word_1_90' title='bbox 602 716 647 742; x_wconf 79' lang='grc' dir='ltr'>ΙΙ).</span> <span class='ocrx_word' id='word_1_91' title='bbox 665 719 730 743; x_wconf 86' lang='grc'>485.</span> 
     </span>
    </p>

    <p class='ocr_par' dir='ltr' id='par_1_3' title="bbox 120 757 862 1225">
     <span class='ocr_line' id='line_1_13' title="bbox 162 757 862 797; baseline 0 -11"><span class='ocrx_word' id='word_1_92' title='bbox 162 759 237 786; x_wconf 83' lang='lat' dir='ltr'>Mors</span> <span class='ocrx_word' id='word_1_93' title='bbox 249 759 384 797; x_wconf 86' lang='lat' dir='ltr'>justorum</span> <span class='ocrx_word' id='word_1_94' title='bbox 407 770 458 788; x_wconf 90' lang='lat' dir='ltr'>non</span> <span class='ocrx_word' id='word_1_95' title='bbox 470 759 601 797; x_wconf 79' lang='lat' dir='ltr'>lugenda,</span> <span class='ocrx_word' id='word_1_96' title='bbox 618 759 672 786; x_wconf 89' lang='lat' dir='ltr'>imo</span> <span class='ocrx_word' id='word_1_97' title='bbox 688 768 747 786; x_wconf 87' lang='lat' dir='ltr'>cum</span> <span class='ocrx_word' id='word_1_98' title='bbox 764 757 862 796; x_wconf 81' lang='lat' dir='ltr'>gaudio</span> 
     </span>
     <span class='ocr_line' id='line_1_14' title="bbox 121 801 862 833; baseline -0.001 -4"><span class='ocrx_word' id='word_1_99' title='bbox 121 802 228 830; x_wconf 84' lang='lat' dir='ltr'>ferenda</span> <span class='ocrx_word' id='word_1_100' title='bbox 240 809 289 832; x_wconf 81' lang='lat' dir='ltr'>est,</span> <span class='ocrx_word' id='word_1_101' title='bbox 308 810 328 832; x_wconf 93' lang='lat' dir='ltr'>I.</span> <span class='ocrx_word' id='word_1_102' title='bbox 346 808 411 831; x_wconf 84' lang='grc'>417.</span> <span class='ocrx_word' id='word_1_103' title='bbox 430 814 457 833; x_wconf 78' lang='grc'>1).</span> <span class='ocrx_word' id='word_1_104' title='bbox 475 808 539 831; x_wconf 67' lang='lat' dir='ltr'>lom.</span> <span class='ocrx_word' id='word_1_105' title='bbox 556 802 655 831; x_wconf 85' lang='lat' dir='ltr'>Saltem</span> <span class='ocrx_word' id='word_1_106' title='bbox 670 801 747 829; x_wconf 81' lang='lat' dir='ltr'>debet</span> <span class='ocrx_word' id='word_1_107' title='bbox 768 801 862 829; x_wconf 80' lang='lat' dir='ltr'>exclu-</span> 
     </span>
     <span class='ocr_line' id='line_1_15' title="bbox 120 844 860 883; baseline -0.001 -10"><span class='ocrx_word' id='word_1_108' title='bbox 120 844 183 873; x_wconf 82' lang='lat' dir='ltr'>dere</span> <span class='ocrx_word' id='word_1_109' title='bbox 217 845 319 874; x_wconf 87' lang='lat' dir='ltr'>doloris</span> <span class='ocrx_word' id='word_1_110' title='bbox 353 846 548 875; x_wconf 80' lang='lat' dir='ltr'>vehementiam</span> <span class='ocrx_word' id='word_1_111' title='bbox 587 852 612 874; x_wconf 90' lang='lat' dir='ltr'>et</span> <span class='ocrx_word' id='word_1_112' title='bbox 650 844 860 883; x_wconf 82' lang='lat' dir='ltr'>indignationem</span> 
     </span>
     <span class='ocr_line' id='line_1_16' title="bbox 121 889 860 929; baseline 0 -13"><span class='ocrx_word' id='word_1_113' title='bbox 121 889 214 918; x_wconf 86' lang='lat' dir='ltr'>animi.</span> <span class='ocrx_word' id='word_1_114' title='bbox 233 897 253 918; x_wconf 85' lang='lat'>1.</span> <span class='ocrx_word' id='word_1_115' title='bbox 276 895 342 919; x_wconf 86' lang='lat'>937.</span> <span class='ocrx_word' id='word_1_116' title='bbox 360 901 387 921; x_wconf 75' lang='lat'>1-3,</span> <span class='ocrx_word' id='word_1_117' title='bbox 411 901 475 929; x_wconf 85' lang='lat' dir='ltr'>sqq.</span> <span class='ocrx_word' id='word_1_118' title='bbox 504 891 544 918; x_wconf 87' lang='lat' dir='ltr'>De</span> <span class='ocrx_word' id='word_1_119' title='bbox 565 896 651 918; x_wconf 85' lang='lat' dir='ltr'>morte</span> <span class='ocrx_word' id='word_1_120' title='bbox 673 889 860 928; x_wconf 75' lang='lat' dir='ltr'>proximorum</span> 
     </span>
     <span class='ocr_line' id='line_1_17' title="bbox 121 932 861 972; baseline 0.001 -12"><span class='ocrx_word' id='word_1_121' title='bbox 121 933 215 970; x_wconf 83' lang='lat' dir='ltr'>gratiae</span> <span class='ocrx_word' id='word_1_122' title='bbox 241 934 362 972; x_wconf 76' lang='lat' dir='ltr'>agendae.</span> <span class='ocrx_word' id='word_1_123' title='bbox 391 935 434 962; x_wconf 86' lang='lat' dir='ltr'>Ib.</span> <span class='ocrx_word' id='word_1_124' title='bbox 460 945 487 962; x_wconf 77' lang='lat' dir='ltr'>A.</span> <span class='ocrx_word' id='word_1_125' title='bbox 518 935 556 962; x_wconf 88' lang='lat' dir='ltr'>De</span> <span class='ocrx_word' id='word_1_126' title='bbox 586 939 673 961; x_wconf 80' lang='lat' dir='ltr'>morte</span> <span class='ocrx_word' id='word_1_127' title='bbox 695 939 753 960; x_wconf 88' lang='lat' dir='ltr'>tum</span> <span class='ocrx_word' id='word_1_128' title='bbox 772 932 861 971; x_wconf 88' lang='lat' dir='ltr'>justo-</span> 
     </span>
     <span class='ocr_line' id='line_1_18' title="bbox 121 976 861 1016; baseline 0.001 -13"><span class='ocrx_word' id='word_1_129' title='bbox 121 986 196 1011; x_wconf 89' lang='lat' dir='ltr'>rum,</span> <span class='ocrx_word' id='word_1_130' title='bbox 213 983 270 1005; x_wconf 87' lang='lat' dir='ltr'>tum</span> <span class='ocrx_word' id='word_1_131' title='bbox 286 977 471 1016; x_wconf 88' lang='lat' dir='ltr'>improborum</span> <span class='ocrx_word' id='word_1_132' title='bbox 484 977 576 1015; x_wconf 78' lang='lat' dir='ltr'>gratiae</span> <span class='ocrx_word' id='word_1_133' title='bbox 592 976 700 1015; x_wconf 78' lang='lat' dir='ltr'>agendae</span> <span class='ocrx_word' id='word_1_134' title='bbox 710 997 717 1010; x_wconf 91' lang='lat'>‚</span> <span class='ocrx_word' id='word_1_135' title='bbox 731 982 757 1003; x_wconf 84' lang='lat' dir='ltr'>et</span> <span class='ocrx_word' id='word_1_136' title='bbox 769 986 861 1013; x_wconf 85' lang='lat' dir='ltr'>quare.</span> 
     </span>
     <span class='ocr_line' id='line_1_19' title="bbox 120 1020 861 1058; baseline 0.001 -11"><span class='ocrx_word' id='word_1_137' title='bbox 120 1021 164 1048; x_wconf 69' lang='grc' dir='ltr'>ΙΙ).</span> <span class='ocrx_word' id='word_1_138' title='bbox 178 1030 200 1048; x_wconf 83' lang='lat' dir='ltr'>c.</span> <span class='ocrx_word' id='word_1_139' title='bbox 217 1025 281 1049; x_wconf 83' lang='lat'>938.</span> <span class='ocrx_word' id='word_1_140' title='bbox 298 1021 363 1049; x_wconf 90' lang='lat' dir='ltr'>Item</span> <span class='ocrx_word' id='word_1_141' title='bbox 374 1020 407 1049; x_wconf 87' lang='lat' dir='ltr'>de</span> <span class='ocrx_word' id='word_1_142' title='bbox 418 1027 501 1049; x_wconf 89' lang='lat' dir='ltr'>morte</span> <span class='ocrx_word' id='word_1_143' title='bbox 510 1030 602 1049; x_wconf 88' lang='lat' dir='ltr'>senum</span> <span class='ocrx_word' id='word_1_144' title='bbox 615 1020 861 1058; x_wconf 79' lang='lat' dir='ltr'>etjuvenum‚qua-</span> 
     </span>
     <span class='ocr_line' id='line_1_20' title="bbox 121 1063 855 1103; baseline 0.001 -12"><span class='ocrx_word' id='word_1_145' title='bbox 121 1073 157 1091; x_wconf 89' lang='lat' dir='ltr'>re.</span> <span class='ocrx_word' id='word_1_146' title='bbox 177 1065 222 1091; x_wconf 90' lang='lat' dir='ltr'>Ib.</span> <span class='ocrx_word' id='word_1_147' title='bbox 238 1065 279 1092; x_wconf 90' lang='lat' dir='ltr'>De</span> <span class='ocrx_word' id='word_1_148' title='bbox 289 1071 372 1092; x_wconf 89' lang='lat' dir='ltr'>morte</span> <span class='ocrx_word' id='word_1_149' title='bbox 387 1064 601 1103; x_wconf 87' lang='lat' dir='ltr'>propinquorum</span> <span class='ocrx_word' id='word_1_150' title='bbox 620 1063 766 1092; x_wconf 86' lang='lat' dir='ltr'>consolatio</span> <span class='ocrx_word' id='word_1_151' title='bbox 785 1074 855 1101; x_wconf 60' lang='lat' dir='ltr'>quae.</span> 
     </span>
     <span class='ocr_line' id='line_1_21' title="bbox 122 1108 860 1148; baseline 0 -13"><span class='ocrx_word' id='word_1_152' title='bbox 122 1113 141 1135; x_wconf 94' lang='lat'>1.</span> <span class='ocrx_word' id='word_1_153' title='bbox 154 1112 218 1136; x_wconf 87' lang='lat'>939.</span> <span class='ocrx_word' id='word_1_154' title='bbox 237 1118 299 1148; x_wconf 84' lang='lat' dir='ltr'>sqq.</span> <span class='ocrx_word' id='word_1_155' title='bbox 315 1108 502 1147; x_wconf 85' lang='lat' dir='ltr'>Interpretatio</span> <span class='ocrx_word' id='word_1_156' title='bbox 518 1109 611 1136; x_wconf 83' lang='lat' dir='ltr'>Latina</span> <span class='ocrx_word' id='word_1_157' title='bbox 627 1108 745 1136; x_wconf 88' lang='lat' dir='ltr'>duorum</span> <span class='ocrx_word' id='word_1_158' title='bbox 759 1117 860 1135; x_wconf 87' lang='lat' dir='ltr'>sermo-</span> 
     </span>
     <span class='ocr_line' id='line_1_22' title="bbox 120 1151 860 1191; baseline 0.001 -13"><span class='ocrx_word' id='word_1_159' title='bbox 120 1160 184 1178; x_wconf 88' lang='lat' dir='ltr'>num</span> <span class='ocrx_word' id='word_1_160' title='bbox 199 1151 390 1191; x_wconf 86' lang='lat' dir='ltr'>Chrysostomo</span> <span class='ocrx_word' id='word_1_161' title='bbox 408 1151 605 1191; x_wconf 79' lang='lat' dir='ltr'>adscriptorum</span> <span class='ocrx_word' id='word_1_162' title='bbox 617 1151 650 1180; x_wconf 89' lang='lat' dir='ltr'>de</span> <span class='ocrx_word' id='word_1_163' title='bbox 672 1151 860 1180; x_wconf 78' lang='lat' dir='ltr'>Consolatione</span> 
     </span>
     <span class='ocr_line' id='line_1_23' title="bbox 121 1195 619 1225; baseline 0.002 -3"><span class='ocrx_word' id='word_1_164' title='bbox 121 1195 225 1225; x_wconf 85' lang='lat' dir='ltr'>mortis.</span> <span class='ocrx_word' id='word_1_165' title='bbox 240 1203 285 1224; x_wconf 60' lang='lat' dir='ltr'>VI.</span> <span class='ocrx_word' id='word_1_166' title='bbox 301 1201 366 1224; x_wconf 84' lang='lat'>356.</span> <span class='ocrx_word' id='word_1_167' title='bbox 384 1197 471 1224; x_wconf 77' lang='lat' dir='ltr'>Adde</span> <span class='ocrx_word' id='word_1_168' title='bbox 486 1198 619 1224; x_wconf 75' lang='lat' dir='ltr'>MonTm.</span> 
     </span>
    </p>

    <p class='ocr_par' dir='ltr' id='par_1_4' title="bbox 119 1239 861 1323">
     <span class='ocr_line' id='line_1_24' title="bbox 158 1239 858 1278; baseline 0.001 -12"><span class='ocrx_word' id='word_1_169' title='bbox 158 1239 232 1267; x_wconf 86' lang='lat' dir='ltr'>Mors</span> <span class='ocrx_word' id='word_1_170' title='bbox 242 1240 339 1278; x_wconf 85' lang='lat' dir='ltr'>injusta</span> <span class='ocrx_word' id='word_1_171' title='bbox 350 1240 437 1268; x_wconf 88' lang='lat' dir='ltr'>minus</span> <span class='ocrx_word' id='word_1_172' title='bbox 447 1239 563 1267; x_wconf 86' lang='lat' dir='ltr'>timenda</span> <span class='ocrx_word' id='word_1_173' title='bbox 575 1250 655 1277; x_wconf 79' lang='lat' dir='ltr'>quam</span> <span class='ocrx_word' id='word_1_174' title='bbox 666 1240 748 1278; x_wconf 84' lang='lat' dir='ltr'>justa.</span> <span class='ocrx_word' id='word_1_175' title='bbox 763 1246 797 1268; x_wconf 93' lang='lat' dir='ltr'>II.</span> <span class='ocrx_word' id='word_1_176' title='bbox 812 1244 858 1268; x_wconf 97' lang='grc'>74.</span> 
     </span>
     <span class='ocr_line' id='line_1_25' title="bbox 119 1283 861 1323; baseline 0.001 -13"><span class='ocrx_word' id='word_1_177' title='bbox 119 1293 143 1310; x_wconf 79' lang='grc' dir='ltr'>Β.</span> <span class='ocrx_word' id='word_1_178' title='bbox 168 1293 232 1321; x_wconf 84' lang='lat' dir='ltr'>sqq.</span> <span class='ocrx_word' id='word_1_179' title='bbox 252 1285 326 1312; x_wconf 90' lang='lat' dir='ltr'>Mors</span> <span class='ocrx_word' id='word_1_180' title='bbox 342 1291 492 1323; x_wconf 79' lang='lat' dir='ltr'>martyrum</span> <span class='ocrx_word' id='word_1_181' title='bbox 512 1294 564 1312; x_wconf 88' lang='lat' dir='ltr'>non</span> <span class='ocrx_word' id='word_1_182' title='bbox 583 1291 621 1312; x_wconf 89' lang='lat' dir='ltr'>est</span> <span class='ocrx_word' id='word_1_183' title='bbox 642 1293 730 1319; x_wconf 86' lang='lat' dir='ltr'>mors,</span> <span class='ocrx_word' id='word_1_184' title='bbox 746 1283 793 1311; x_wconf 87' lang='lat' dir='ltr'>sed</span> <span class='ocrx_word' id='word_1_185' title='bbox 807 1283 861 1311; x_wconf 86' lang='lat' dir='ltr'>ini-</span> 
     </span>
    </p>
   </div>
   <div class='ocr_carea' id='block_1_3' title="bbox 111 1330 861 2641">
    <p class='ocr_par' dir='ltr' id='par_1_5' title="bbox 122 1330 632 1361">
     <span class='ocr_line' id='line_1_26' title="bbox 122 1330 632 1361; baseline 0.002 -3"><span class='ocrx_word' id='word_1_186' title='bbox 122 1330 190 1359; x_wconf 87' lang='lat' dir='ltr'>tium</span> <span class='ocrx_word' id='word_1_187' title='bbox 203 1332 263 1359; x_wconf 79' lang='lat' dir='ltr'>vitae</span> <span class='ocrx_word' id='word_1_188' title='bbox 277 1332 408 1361; x_wconf 89' lang='lat' dir='ltr'>melioris.</span> <span class='ocrx_word' id='word_1_189' title='bbox 427 1340 460 1360; x_wconf 92' lang='grc'>11.</span> <span class='ocrx_word' id='word_1_190' title='bbox 480 1337 545 1360; x_wconf 91' lang='grc'>635.</span> <span class='ocrx_word' id='word_1_191' title='bbox 563 1343 591 1360; x_wconf 90' lang='lat' dir='ltr'>D.</span> <span class='ocrx_word' id='word_1_192' title='bbox 606 1343 632 1361; x_wconf 82' lang='lat' dir='ltr'>E.</span> 
     </span>
    </p>

    <p class='ocr_par' dir='ltr' id='par_1_6' title="bbox 117 1375 861 1579">
     <span class='ocr_line' id='line_1_27' title="bbox 158 1375 861 1414; baseline 0 -11"><span class='ocrx_word' id='word_1_193' title='bbox 158 1376 253 1404; x_wconf 89' lang='lat' dir='ltr'>Mortis</span> <span class='ocrx_word' id='word_1_194' title='bbox 265 1387 359 1414; x_wconf 79' lang='lat' dir='ltr'>genera</span> <span class='ocrx_word' id='word_1_195' title='bbox 369 1376 484 1405; x_wconf 87' lang='lat' dir='ltr'>diversa.</span> <span class='ocrx_word' id='word_1_196' title='bbox 499 1383 544 1405; x_wconf 81' lang='lat' dir='ltr'>tx.</span> <span class='ocrx_word' id='word_1_197' title='bbox 562 1381 626 1405; x_wconf 85' lang='lat'>590.</span> <span class='ocrx_word' id='word_1_198' title='bbox 642 1387 669 1404; x_wconf 80' lang='lat' dir='ltr'>E.</span> <span class='ocrx_word' id='word_1_199' title='bbox 689 1385 749 1414; x_wconf 85' lang='lat' dir='ltr'>sqq.</span> <span class='ocrx_word' id='word_1_200' title='bbox 777 1375 861 1404; x_wconf 78' lang='lat' dir='ltr'>Aliud</span> 
     </span>
     <span class='ocr_line' id='line_1_28' title="bbox 119 1419 860 1457; baseline 0 -10"><span class='ocrx_word' id='word_1_201' title='bbox 119 1419 186 1447; x_wconf 89' lang='lat' dir='ltr'>mori</span> <span class='ocrx_word' id='word_1_202' title='bbox 202 1420 349 1448; x_wconf 86' lang='lat' dir='ltr'>secundum</span> <span class='ocrx_word' id='word_1_203' title='bbox 361 1421 489 1457; x_wconf 82' lang='lat' dir='ltr'>animam,</span> <span class='ocrx_word' id='word_1_204' title='bbox 500 1419 573 1447; x_wconf 85' lang='lat' dir='ltr'>aliud</span> <span class='ocrx_word' id='word_1_205' title='bbox 589 1419 737 1448; x_wconf 88' lang='lat' dir='ltr'>secundum</span> <span class='ocrx_word' id='word_1_206' title='bbox 752 1429 860 1457; x_wconf 87' lang='lat' dir='ltr'>corpus,</span> 
     </span>
     <span class='ocr_line' id='line_1_29' title="bbox 117 1462 858 1492; baseline -0.001 -1"><span class='ocrx_word' id='word_1_207' title='bbox 117 1462 194 1491; x_wconf 79' lang='lat' dir='ltr'>aliud</span> <span class='ocrx_word' id='word_1_208' title='bbox 209 1464 276 1492; x_wconf 90' lang='lat' dir='ltr'>mori</span> <span class='ocrx_word' id='word_1_209' title='bbox 298 1464 407 1492; x_wconf 89' lang='lat' dir='ltr'>mundo.</span> <span class='ocrx_word' id='word_1_210' title='bbox 432 1465 475 1491; x_wconf 87' lang='lat' dir='ltr'>lb.</span> <span class='ocrx_word' id='word_1_211' title='bbox 497 1470 523 1491; x_wconf 84' lang='lat' dir='ltr'>et</span> <span class='ocrx_word' id='word_1_212' title='bbox 541 1471 585 1492; x_wconf 76' lang='lat' dir='ltr'>XI.</span> <span class='ocrx_word' id='word_1_213' title='bbox 611 1467 674 1491; x_wconf 74' lang='grc'>246.</span> <span class='ocrx_word' id='word_1_214' title='bbox 699 1474 724 1491; x_wconf 88' lang='lat' dir='ltr'>c.</span> <span class='ocrx_word' id='word_1_215' title='bbox 742 1473 769 1490; x_wconf 89' lang='lat' dir='ltr'>D.</span> <span class='ocrx_word' id='word_1_216' title='bbox 794 1467 858 1491; x_wconf 77' lang='grc'>247.</span> 
     </span>
     <span class='ocr_line' id='line_1_30' title="bbox 118 1506 859 1545; baseline 0.001 -12"><span class='ocrx_word' id='word_1_217' title='bbox 118 1506 169 1534; x_wconf 88' lang='lat' dir='ltr'>Per</span> <span class='ocrx_word' id='word_1_218' title='bbox 185 1506 254 1535; x_wconf 91' lang='lat' dir='ltr'>hanc</span> <span class='ocrx_word' id='word_1_219' title='bbox 274 1514 433 1545; x_wconf 78' lang='lat' dir='ltr'>postremam</span> <span class='ocrx_word' id='word_1_220' title='bbox 450 1514 563 1535; x_wconf 78' lang='lat' dir='ltr'>mortem</span> <span class='ocrx_word' id='word_1_221' title='bbox 591 1507 657 1544; x_wconf 87' lang='lat' dir='ltr'>quid</span> <span class='ocrx_word' id='word_1_222' title='bbox 685 1506 859 1545; x_wconf 78' lang='lat' dir='ltr'>significetur.</span> 
     </span>
     <span class='ocr_line' id='line_1_31' title="bbox 120 1555 330 1579; baseline 0.005 -1"><span class='ocrx_word' id='word_1_223' title='bbox 120 1557 153 1579; x_wconf 87' lang='lat' dir='ltr'>X.</span> <span class='ocrx_word' id='word_1_224' title='bbox 173 1555 216 1579; x_wconf 85' lang='grc'>94.</span> <span class='ocrx_word' id='word_1_225' title='bbox 240 1561 267 1578; x_wconf 70' lang='grc' dir='ltr'>ε.</span> <span class='ocrx_word' id='word_1_226' title='bbox 285 1556 330 1579; x_wconf 92' lang='lat'>95.</span> 
     </span>
    </p>

    <p class='ocr_par' dir='ltr' id='par_1_7' title="bbox 158 1594 772 1625">
     <span class='ocr_line' id='line_1_32' title="bbox 158 1594 772 1625; baseline 0 -3"><span class='ocrx_word' id='word_1_227' title='bbox 158 1595 232 1622; x_wconf 88' lang='lat' dir='ltr'>Mors</span> <span class='ocrx_word' id='word_1_228' title='bbox 247 1594 299 1622; x_wconf 91' lang='lat' dir='ltr'>sibi</span> <span class='ocrx_word' id='word_1_229' title='bbox 314 1604 365 1622; x_wconf 89' lang='lat' dir='ltr'>non</span> <span class='ocrx_word' id='word_1_230' title='bbox 375 1594 521 1623; x_wconf 84' lang='lat' dir='ltr'>inferenda.</span> <span class='ocrx_word' id='word_1_231' title='bbox 535 1601 580 1625; x_wconf 74' lang='lat' dir='ltr'>VI.</span> <span class='ocrx_word' id='word_1_232' title='bbox 595 1599 659 1623; x_wconf 89' lang='lat'>358.</span> <span class='ocrx_word' id='word_1_233' title='bbox 675 1595 732 1623; x_wconf 89' lang='lat' dir='ltr'>col.</span> <span class='ocrx_word' id='word_1_234' title='bbox 747 1600 772 1623; x_wconf 89' lang='lat'>2.</span> 
     </span>
    </p>

    <p class='ocr_par' dir='ltr' id='par_1_8' title="bbox 119 1638 861 1711">
     <span class='ocr_line' id='line_1_33' title="bbox 156 1638 861 1678; baseline 0.001 -12"><span class='ocrx_word' id='word_1_235' title='bbox 156 1639 232 1667; x_wconf 89' lang='lat' dir='ltr'>Mors</span> <span class='ocrx_word' id='word_1_236' title='bbox 254 1638 389 1677; x_wconf 83' lang='lat' dir='ltr'>inopinata</span> <span class='ocrx_word' id='word_1_237' title='bbox 409 1639 548 1677; x_wconf 69' lang='lat' dir='ltr'>quaestoris</span> <span class='ocrx_word' id='word_1_238' title='bbox 571 1639 749 1677; x_wconf 61' lang='lat' dir='ltr'>imperatoriae</span> <span class='ocrx_word' id='word_1_239' title='bbox 776 1650 861 1678; x_wconf 88' lang='lat' dir='ltr'>pecu-</span> 
     </span>
     <span class='ocr_line' id='line_1_34' title="bbox 119 1682 351 1711; baseline 0 -1"><span class='ocrx_word' id='word_1_240' title='bbox 119 1682 180 1710; x_wconf 67' lang='lat' dir='ltr'>niae.</span> <span class='ocrx_word' id='word_1_241' title='bbox 197 1689 228 1710; x_wconf 74' lang='lat' dir='ltr'>v.</span> <span class='ocrx_word' id='word_1_242' title='bbox 246 1687 310 1711; x_wconf 88' lang='lat'>325.</span> <span class='ocrx_word' id='word_1_243' title='bbox 325 1692 351 1710; x_wconf 76' lang='lat' dir='ltr'>E.</span> 
     </span>
    </p>

    <p class='ocr_par' dir='ltr' id='par_1_9' title="bbox 115 1726 859 1809">
     <span class='ocr_line' id='line_1_35' title="bbox 157 1726 859 1766; baseline 0 -11"><span class='ocrx_word' id='word_1_244' title='bbox 157 1726 254 1755; x_wconf 78' lang='lat' dir='ltr'>Mortis</span> <span class='ocrx_word' id='word_1_245' title='bbox 264 1736 345 1764; x_wconf 83' lang='lat' dir='ltr'>genus</span> <span class='ocrx_word' id='word_1_246' title='bbox 367 1726 532 1755; x_wconf 88' lang='lat' dir='ltr'>levissimum</span> <span class='ocrx_word' id='word_1_247' title='bbox 549 1737 596 1766; x_wconf 87' lang='lat' dir='ltr'>per</span> <span class='ocrx_word' id='word_1_248' title='bbox 618 1737 714 1764; x_wconf 88' lang='lat' dir='ltr'>aquam</span> <span class='ocrx_word' id='word_1_249' title='bbox 726 1726 859 1756; x_wconf 81' lang='lat' dir='ltr'>inflictum</span> 
     </span>
     <span class='ocr_line' id='line_1_36' title="bbox 115 1770 637 1809; baseline 0 -11"><span class='ocrx_word' id='word_1_250' title='bbox 115 1770 208 1809; x_wconf 83' lang='lat' dir='ltr'>impiis</span> <span class='ocrx_word' id='word_1_251' title='bbox 225 1777 342 1808; x_wconf 86' lang='lat' dir='ltr'>tempore</span> <span class='ocrx_word' id='word_1_252' title='bbox 357 1770 465 1798; x_wconf 77' lang='lat' dir='ltr'>diluvii.</span> <span class='ocrx_word' id='word_1_253' title='bbox 479 1778 511 1799; x_wconf 72' lang='lat' dir='ltr'>V.</span> <span class='ocrx_word' id='word_1_254' title='bbox 532 1775 595 1799; x_wconf 83' lang='lat'>568.</span> <span class='ocrx_word' id='word_1_255' title='bbox 610 1781 637 1798; x_wconf 90' lang='lat' dir='ltr'>D.</span> 
     </span>
    </p>

    <p class='ocr_par' dir='ltr' id='par_1_10' title="bbox 154 1814 578 1852">
     <span class='ocr_line' id='line_1_37' title="bbox 154 1814 578 1852; baseline 0.005 -10"><span class='ocrx_word' id='word_1_256' title='bbox 154 1815 194 1842; x_wconf 89' lang='lat' dir='ltr'>De</span> <span class='ocrx_word' id='word_1_257' title='bbox 209 1815 296 1842; x_wconf 88' lang='lat' dir='ltr'>Morte</span> <span class='ocrx_word' id='word_1_258' title='bbox 309 1814 418 1852; x_wconf 82' lang='lat' dir='ltr'>Ecloga.</span> <span class='ocrx_word' id='word_1_259' title='bbox 436 1822 496 1843; x_wconf 76' lang='lat' dir='ltr'>XII.</span> <span class='ocrx_word' id='word_1_260' title='bbox 513 1819 578 1845; x_wconf 82' lang='grc'>884.</span> 
     </span>
    </p>

    <p class='ocr_par' dir='ltr' id='par_1_11' title="bbox 116 1858 857 2020">
     <span class='ocr_line' id='line_1_38' title="bbox 154 1858 857 1897; baseline 0.004 -12"><span class='ocrx_word' id='word_1_261' title='bbox 154 1858 258 1886; x_wconf 76' lang='lat' dir='ltr'>Mortis</span> <span class='ocrx_word' id='word_1_262' title='bbox 269 1864 426 1886; x_wconf 79' lang='lat' dir='ltr'>contemtus</span> <span class='ocrx_word' id='word_1_263' title='bbox 439 1865 558 1886; x_wconf 84' lang='lat' dir='ltr'>mortem</span> <span class='ocrx_word' id='word_1_264' title='bbox 568 1859 665 1897; x_wconf 79' lang='lat' dir='ltr'>fugat.</span> <span class='ocrx_word' id='word_1_265' title='bbox 689 1866 735 1887; x_wconf 92' lang='lat' dir='ltr'>III.</span> <span class='ocrx_word' id='word_1_266' title='bbox 753 1864 818 1888; x_wconf 87' lang='lat'>997.</span> <span class='ocrx_word' id='word_1_267' title='bbox 832 1870 857 1888; x_wconf 89' lang='lat' dir='ltr'>c.</span> 
     </span>
     <span class='ocr_line' id='line_1_39' title="bbox 117 1904 856 1943; baseline 0.003 -11"><span class='ocrx_word' id='word_1_268' title='bbox 117 1904 244 1932; x_wconf 67' lang='lat' dir='ltr'>ffIortem</span> <span class='ocrx_word' id='word_1_269' title='bbox 260 1905 312 1941; x_wconf 79' lang='lat' dir='ltr'>qui</span> <span class='ocrx_word' id='word_1_270' title='bbox 324 1906 404 1932; x_wconf 78' lang='lat' dir='ltr'>timec</span> <span class='ocrx_word' id='word_1_271' title='bbox 415 1927 422 1939; x_wconf 76' lang='lat'>⁷</span> <span class='ocrx_word' id='word_1_272' title='bbox 434 1915 538 1942; x_wconf 82' lang='lat' dir='ltr'>parum</span> <span class='ocrx_word' id='word_1_273' title='bbox 554 1905 622 1931; x_wconf 85' lang='lat' dir='ltr'>boni</span> <span class='ocrx_word' id='word_1_274' title='bbox 648 1912 791 1943; x_wconf 75' lang='lat' dir='ltr'>operatur.</span> <span class='ocrx_word' id='word_1_275' title='bbox 814 1913 856 1934; x_wconf 73' lang='lat' dir='ltr'>VI.</span> 
     </span>
     <span class='ocr_line' id='line_1_40' title="bbox 116 1949 857 1988; baseline 0.003 -12"><span class='ocrx_word' id='word_1_276' title='bbox 116 1952 180 1976; x_wconf 84' lang='grc'>846.</span> <span class='ocrx_word' id='word_1_277' title='bbox 198 1960 224 1977; x_wconf 80' lang='lat' dir='ltr'>A.</span> <span class='ocrx_word' id='word_1_278' title='bbox 248 1949 443 1976; x_wconf 60' lang='lat' dir='ltr'>illorientihus</span> <span class='ocrx_word' id='word_1_279' title='bbox 464 1958 521 1986; x_wconf 80' lang='lat' dir='ltr'>quo</span> <span class='ocrx_word' id='word_1_280' title='bbox 541 1950 598 1976; x_wconf 77' lang='lat' dir='ltr'>ritu</span> <span class='ocrx_word' id='word_1_281' title='bbox 625 1949 785 1977; x_wconf 79' lang='lat' dir='ltr'>adstabant</span> <span class='ocrx_word' id='word_1_282' title='bbox 805 1960 857 1988; x_wconf 83' lang='lat' dir='ltr'>pa-</span> 
     </span>
     <span class='ocr_line' id='line_1_41' title="bbox 117 1996 367 2020; baseline 0.004 -1"><span class='ocrx_word' id='word_1_283' title='bbox 117 1998 222 2020; x_wconf 80' lang='lat' dir='ltr'>rentes.</span> <span class='ocrx_word' id='word_1_284' title='bbox 241 1999 285 2020; x_wconf 86' lang='lat' dir='ltr'>VI.</span> <span class='ocrx_word' id='word_1_285' title='bbox 304 1996 367 2020; x_wconf 86' lang='lat'>686.</span> 
     </span>
    </p>

    <p class='ocr_par' dir='ltr' id='par_1_12' title="bbox 156 2036 856 2076">
     <span class='ocr_line' id='line_1_42' title="bbox 156 2036 856 2076; baseline 0.003 -13"><span class='ocrx_word' id='word_1_286' title='bbox 156 2036 356 2064; x_wconf 54' lang='lat' dir='ltr'>Mourimene</span> <span class='ocrx_word' id='word_1_287' title='bbox 366 2036 483 2065; x_wconf 84' lang='lat' dir='ltr'>membra</span> <span class='ocrx_word' id='word_1_288' title='bbox 495 2036 559 2074; x_wconf 87' lang='lat' dir='ltr'>quid</span> <span class='ocrx_word' id='word_1_289' title='bbox 567 2036 610 2065; x_wconf 86' lang='lat' dir='ltr'>sit.</span> <span class='ocrx_word' id='word_1_290' title='bbox 624 2043 669 2065; x_wconf 87' lang='lat' dir='ltr'>XI.</span> <span class='ocrx_word' id='word_1_291' title='bbox 681 2041 745 2066; x_wconf 85' lang='grc'>444.</span> <span class='ocrx_word' id='word_1_292' title='bbox 758 2047 856 2076; x_wconf 73' lang='grc' dir='ltr'>Ε.ςφ].</span> 
     </span>
    </p>

    <p class='ocr_par' dir='ltr' id='par_1_13' title="bbox 111 2080 860 2641">
     <span class='ocr_line' id='line_1_43' title="bbox 156 2080 856 2119; baseline 0.001 -11"><span class='ocrx_word' id='word_1_293' title='bbox 156 2081 272 2108; x_wconf 69' lang='lat' dir='ltr'>Momm</span> <span class='ocrx_word' id='word_1_294' title='bbox 298 2080 458 2109; x_wconf 85' lang='lat' dir='ltr'>Christianis</span> <span class='ocrx_word' id='word_1_295' title='bbox 482 2091 534 2109; x_wconf 91' lang='lat' dir='ltr'>non</span> <span class='ocrx_word' id='word_1_296' title='bbox 565 2080 686 2119; x_wconf 81' lang='lat' dir='ltr'>lugendi.</span> <span class='ocrx_word' id='word_1_297' title='bbox 710 2087 768 2109; x_wconf 91' lang='lat' dir='ltr'>VII.</span> <span class='ocrx_word' id='word_1_298' title='bbox 793 2085 856 2109; x_wconf 88' lang='grc'>409.</span> 
     </span>
     <span class='ocr_line' id='line_1_44' title="bbox 117 2122 856 2162; baseline 0 -10"><span class='ocrx_word' id='word_1_299' title='bbox 117 2128 182 2152; x_wconf 85' lang='grc'>410.</span> <span class='ocrx_word' id='word_1_300' title='bbox 192 2124 252 2152; x_wconf 88' lang='lat' dir='ltr'>Non</span> <span class='ocrx_word' id='word_1_301' title='bbox 259 2123 315 2151; x_wconf 86' lang='lat' dir='ltr'>sine</span> <span class='ocrx_word' id='word_1_302' title='bbox 324 2123 404 2152; x_wconf 94' lang='lat' dir='ltr'>modo</span> <span class='ocrx_word' id='word_1_303' title='bbox 411 2122 530 2161; x_wconf 83' lang='lat' dir='ltr'>lugendi.</span> <span class='ocrx_word' id='word_1_304' title='bbox 540 2128 554 2152; x_wconf 90' lang='grc'>4</span> <span class='ocrx_word' id='word_1_305' title='bbox 562 2129 602 2151; x_wconf 88' lang='grc'>10.</span> <span class='ocrx_word' id='word_1_306' title='bbox 611 2135 638 2151; x_wconf 79' lang='lat' dir='ltr'>A.</span> <span class='ocrx_word' id='word_1_307' title='bbox 647 2133 710 2162; x_wconf 85' lang='lat' dir='ltr'>sqq.</span> <span class='ocrx_word' id='word_1_308' title='bbox 718 2124 856 2152; x_wconf 82' lang='lat' dir='ltr'>Mortuum</span> 
     </span>
     <span class='ocr_line' id='line_1_45' title="bbox 115 2166 856 2206; baseline 0.001 -11"><span class='ocrx_word' id='word_1_309' title='bbox 115 2166 260 2206; x_wconf 84' lang='lat' dir='ltr'>deturpant</span> <span class='ocrx_word' id='word_1_310' title='bbox 272 2167 317 2205; x_wconf 88' lang='lat' dir='ltr'>qui</span> <span class='ocrx_word' id='word_1_311' title='bbox 330 2166 411 2195; x_wconf 88' lang='lat' dir='ltr'>nimis</span> <span class='ocrx_word' id='word_1_312' title='bbox 430 2167 530 2205; x_wconf 83' lang='lat' dir='ltr'>lugent.</span> <span class='ocrx_word' id='word_1_313' title='bbox 540 2168 583 2195; x_wconf 80' lang='grc' dir='ltr'>ΙΙ).</span> <span class='ocrx_word' id='word_1_314' title='bbox 604 2171 668 2195; x_wconf 86' lang='grc'>409.</span> <span class='ocrx_word' id='word_1_315' title='bbox 686 2177 712 2194; x_wconf 72' lang='grc' dir='ltr'>Ε.</span> <span class='ocrx_word' id='word_1_316' title='bbox 730 2168 786 2196; x_wconf 88' lang='lat' dir='ltr'>Cur</span> <span class='ocrx_word' id='word_1_317' title='bbox 801 2168 856 2206; x_wconf 84' lang='lat' dir='ltr'>jam</span> 
     </span>
     <span class='ocr_line' id='line_1_46' title="bbox 116 2210 856 2250; baseline 0.001 -12"><span class='ocrx_word' id='word_1_318' title='bbox 116 2220 170 2238; x_wconf 88' lang='lat' dir='ltr'>non</span> <span class='ocrx_word' id='word_1_319' title='bbox 182 2210 259 2238; x_wconf 81' lang='lat' dir='ltr'>liccat</span> <span class='ocrx_word' id='word_1_320' title='bbox 268 2217 387 2239; x_wconf 87' lang='lat' dir='ltr'>mortuos</span> <span class='ocrx_word' id='word_1_321' title='bbox 397 2211 533 2250; x_wconf 81' lang='lat' dir='ltr'>plangere.</span> <span class='ocrx_word' id='word_1_322' title='bbox 551 2218 596 2239; x_wconf 74' lang='lat' dir='ltr'>VI.</span> <span class='ocrx_word' id='word_1_323' title='bbox 609 2215 674 2239; x_wconf 88' lang='lat'>357.</span> <span class='ocrx_word' id='word_1_324' title='bbox 685 2216 725 2240; x_wconf 65' lang='lat'>2³.</span> <span class='ocrx_word' id='word_1_325' title='bbox 744 2212 798 2240; x_wconf 82' lang='lat' dir='ltr'>col.</span> <span class='ocrx_word' id='word_1_326' title='bbox 810 2219 856 2241; x_wconf 82' lang='lat' dir='ltr'>Ix.</span> 
     </span>
     <span class='ocr_line' id='line_1_47' title="bbox 120 2255 859 2294; baseline 0.003 -13"><span class='ocrx_word' id='word_1_327' title='bbox 120 2258 184 2282; x_wconf 87' lang='lat'>185.</span> <span class='ocrx_word' id='word_1_328' title='bbox 208 2265 237 2281; x_wconf 84' lang='lat' dir='ltr'>n.</span> <span class='ocrx_word' id='word_1_329' title='bbox 262 2264 289 2282; x_wconf 79' lang='lat' dir='ltr'>E.</span> <span class='ocrx_word' id='word_1_330' title='bbox 315 2259 378 2284; x_wconf 88' lang='lat'>186.</span> <span class='ocrx_word' id='word_1_331' title='bbox 397 2262 444 2283; x_wconf 85' lang='lat' dir='ltr'>XI.</span> <span class='ocrx_word' id='word_1_332' title='bbox 469 2259 532 2284; x_wconf 74' lang='grc'>542.</span> <span class='ocrx_word' id='word_1_333' title='bbox 554 2266 578 2283; x_wconf 80' lang='lat'>13.</span> <span class='ocrx_word' id='word_1_334' title='bbox 601 2265 664 2294; x_wconf 82' lang='lat' dir='ltr'>sqq.</span> <span class='ocrx_word' id='word_1_335' title='bbox 689 2256 729 2283; x_wconf 90' lang='lat' dir='ltr'>De</span> <span class='ocrx_word' id='word_1_336' title='bbox 747 2255 859 2284; x_wconf 85' lang='lat' dir='ltr'>mortuis</span> 
     </span>
     <span class='ocr_line' id='line_1_48' title="bbox 115 2296 860 2336; baseline 0.001 -11"><span class='ocrx_word' id='word_1_337' title='bbox 115 2296 300 2336; x_wconf 82' lang='lat' dir='ltr'>gaudendum,</span> <span class='ocrx_word' id='word_1_338' title='bbox 314 2298 441 2335; x_wconf 82' lang='lat' dir='ltr'>quoniam</span> <span class='ocrx_word' id='word_1_339' title='bbox 452 2308 466 2325; x_wconf 85' lang='lat' dir='ltr'>a</span> <span class='ocrx_word' id='word_1_340' title='bbox 476 2298 651 2336; x_wconf 77' lang='lat' dir='ltr'>praesentibus</span> <span class='ocrx_word' id='word_1_341' title='bbox 663 2298 860 2326; x_wconf 76' lang='lat' dir='ltr'>fluctibussunt</span> 
     </span>
     <span class='ocr_line' id='line_1_49' title="bbox 114 2341 859 2380; baseline 0.001 -11"><span class='ocrx_word' id='word_1_342' title='bbox 114 2341 209 2380; x_wconf 81' lang='lat' dir='ltr'>erepti.</span> <span class='ocrx_word' id='word_1_343' title='bbox 232 2347 289 2369; x_wconf 75' lang='lat' dir='ltr'>VII.</span> <span class='ocrx_word' id='word_1_344' title='bbox 306 2345 370 2369; x_wconf 87' lang='grc'>410.</span> <span class='ocrx_word' id='word_1_345' title='bbox 390 2351 417 2369; x_wconf 84' lang='lat' dir='ltr'>e.</span> <span class='ocrx_word' id='word_1_346' title='bbox 435 2348 480 2370; x_wconf 83' lang='lat' dir='ltr'>XI.</span> <span class='ocrx_word' id='word_1_347' title='bbox 499 2345 682 2380; x_wconf 69' lang='lat' dir='ltr'>249.1z.sqq.</span> <span class='ocrx_word' id='word_1_348' title='bbox 700 2342 759 2370; x_wconf 87' lang='lat' dir='ltr'>Non</span> <span class='ocrx_word' id='word_1_349' title='bbox 778 2342 859 2370; x_wconf 90' lang='lat' dir='ltr'>nimis</span> 
     </span>
     <span class='ocr_line' id='line_1_50' title="bbox 111 2384 860 2424; baseline -0.001 -10"><span class='ocrx_word' id='word_1_350' title='bbox 111 2384 222 2423; x_wconf 81' lang='lat' dir='ltr'>lugendi</span> <span class='ocrx_word' id='word_1_351' title='bbox 241 2391 318 2420; x_wconf 84' lang='lat' dir='ltr'>sunt,</span> <span class='ocrx_word' id='word_1_352' title='bbox 332 2384 377 2412; x_wconf 86' lang='lat' dir='ltr'>sed</span> <span class='ocrx_word' id='word_1_353' title='bbox 394 2384 522 2423; x_wconf 80' lang='lat' dir='ltr'>precibus</span> <span class='ocrx_word' id='word_1_354' title='bbox 533 2391 558 2412; x_wconf 89' lang='lat' dir='ltr'>et</span> <span class='ocrx_word' id='word_1_355' title='bbox 572 2385 650 2412; x_wconf 89' lang='lat' dir='ltr'>bonis</span> <span class='ocrx_word' id='word_1_356' title='bbox 669 2385 795 2424; x_wconf 81' lang='lat' dir='ltr'>operibus</span> <span class='ocrx_word' id='word_1_357' title='bbox 810 2396 860 2424; x_wconf 91' lang='lat' dir='ltr'>po-</span> 
     </span>
     <span class='ocr_line' id='line_1_51' title="bbox 113 2427 859 2467; baseline -0.001 -10"><span class='ocrx_word' id='word_1_358' title='bbox 113 2429 165 2458; x_wconf 88' lang='lat' dir='ltr'>tius</span> <span class='ocrx_word' id='word_1_359' title='bbox 177 2427 305 2467; x_wconf 74' lang='lat' dir='ltr'>juvandi.</span> <span class='ocrx_word' id='word_1_360' title='bbox 319 2435 353 2458; x_wconf 76' lang='lat' dir='ltr'>x.</span> <span class='ocrx_word' id='word_1_361' title='bbox 368 2432 432 2456; x_wconf 80' lang='grc'>457.</span> <span class='ocrx_word' id='word_1_362' title='bbox 451 2438 478 2455; x_wconf 75' lang='lat' dir='ltr'>r..</span> <span class='ocrx_word' id='word_1_363' title='bbox 494 2439 519 2455; x_wconf 72' lang='lat' dir='ltr'>A.</span> <span class='ocrx_word' id='word_1_364' title='bbox 533 2439 595 2466; x_wconf 77' lang='lat' dir='ltr'>sqq.</span> <span class='ocrx_word' id='word_1_365' title='bbox 610 2428 651 2456; x_wconf 89' lang='lat' dir='ltr'>Ea</span> <span class='ocrx_word' id='word_1_366' title='bbox 663 2428 783 2456; x_wconf 83' lang='lat' dir='ltr'>facienda</span> <span class='ocrx_word' id='word_1_367' title='bbox 795 2435 859 2456; x_wconf 87' lang='lat' dir='ltr'>sunt</span> 
     </span>
     <span class='ocr_line' id='line_1_52' title="bbox 115 2471 857 2511; baseline -0.001 -10"><span class='ocrx_word' id='word_1_368' title='bbox 115 2483 175 2511; x_wconf 78' lang='lat' dir='ltr'>quae</span> <span class='ocrx_word' id='word_1_369' title='bbox 190 2479 299 2511; x_wconf 77' lang='lat' dir='ltr'>possunt</span> <span class='ocrx_word' id='word_1_370' title='bbox 314 2471 374 2500; x_wconf 94' lang='lat' dir='ltr'>illos</span> <span class='ocrx_word' id='word_1_371' title='bbox 387 2472 496 2510; x_wconf 79' lang='lat' dir='ltr'>juvare,</span> <span class='ocrx_word' id='word_1_372' title='bbox 515 2478 542 2499; x_wconf 91' lang='lat' dir='ltr'>ut</span> <span class='ocrx_word' id='word_1_373' title='bbox 561 2472 734 2510; x_wconf 70' lang='lat' dir='ltr'>eleemosynze</span> <span class='ocrx_word' id='word_1_374' title='bbox 747 2472 857 2500; x_wconf 83' lang='lat' dir='ltr'>oblatio-</span> 
     </span>
     <span class='ocr_line' id='line_1_53' title="bbox 116 2519 856 2554; baseline -0.001 -9"><span class='ocrx_word' id='word_1_375' title='bbox 116 2526 162 2545; x_wconf 85' lang='lat' dir='ltr'>nes</span> <span class='ocrx_word' id='word_1_376' title='bbox 177 2522 201 2544; x_wconf 92' lang='lat' dir='ltr'>et</span> <span class='ocrx_word' id='word_1_377' title='bbox 213 2526 313 2554; x_wconf 87' lang='lat' dir='ltr'>preces.</span> <span class='ocrx_word' id='word_1_378' title='bbox 334 2519 481 2545; x_wconf 74' lang='lat' dir='ltr'>V111.429.</span> <span class='ocrx_word' id='word_1_379' title='bbox 500 2525 563 2553; x_wconf 84' lang='lat' dir='ltr'>sqq.</span> <span class='ocrx_word' id='word_1_380' title='bbox 591 2519 856 2546; x_wconf 77' lang='lat' dir='ltr'>583.1³.C.1X.187.</span> 
     </span>
     <span class='ocr_line' id='line_1_54' title="bbox 119 2559 858 2599; baseline 0 -11"><span class='ocrx_word' id='word_1_381' title='bbox 119 2573 143 2588; x_wconf 71' lang='lat' dir='ltr'>A.</span> <span class='ocrx_word' id='word_1_382' title='bbox 167 2570 229 2599; x_wconf 80' lang='lat' dir='ltr'>sqq.</span> <span class='ocrx_word' id='word_1_383' title='bbox 246 2561 418 2588; x_wconf 81' lang='lat' dir='ltr'>Mortuerum</span> <span class='ocrx_word' id='word_1_384' title='bbox 433 2559 562 2587; x_wconf 84' lang='lat' dir='ltr'>memoria</span> <span class='ocrx_word' id='word_1_385' title='bbox 577 2559 604 2588; x_wconf 93' lang='lat' dir='ltr'>in</span> <span class='ocrx_word' id='word_1_386' title='bbox 622 2559 779 2588; x_wconf 79' lang='lat' dir='ltr'>venerandis</span> <span class='ocrx_word' id='word_1_387' title='bbox 794 2570 858 2599; x_wconf 86' lang='lat' dir='ltr'>my-</span> 
     </span>
     <span class='ocr_line' id='line_1_55' title="bbox 120 2603 828 2641; baseline 0.001 -10"><span class='ocrx_word' id='word_1_388' title='bbox 120 2604 208 2632; x_wconf 83' lang='lat' dir='ltr'>steriis</span> <span class='ocrx_word' id='word_1_389' title='bbox 223 2604 257 2631; x_wconf 84' lang='lat' dir='ltr'>ab</span> <span class='ocrx_word' id='word_1_390' title='bbox 272 2603 399 2641; x_wconf 82' lang='lat' dir='ltr'>apostolis</span> <span class='ocrx_word' id='word_1_391' title='bbox 415 2603 566 2632; x_wconf 84' lang='lat' dir='ltr'>constituta.</span> <span class='ocrx_word' id='word_1_392' title='bbox 584 2610 627 2633; x_wconf 84' lang='lat' dir='ltr'>XI.</span> <span class='ocrx_word' id='word_1_393' title='bbox 644 2607 708 2634; x_wconf 76' lang='lat'>250.</span> <span class='ocrx_word' id='word_1_394' title='bbox 724 2615 749 2631; x_wconf 72' lang='lat' dir='ltr'>r.</span> <span class='ocrx_word' id='word_1_395' title='bbox 765 2614 828 2641; x_wconf 89' lang='lat' dir='ltr'>sqq.</span> 
     </span>
    </p>
   </div>
   <div class='ocr_carea' id='block_1_4' title="bbox 243 2666 432 2687">
    <p class='ocr_par' dir='ltr' id='par_1_14' title="bbox 243 2666 432 2687">
     <span class='ocr_line' id='line_1_56' title="bbox 243 2666 432 2687; baseline -0.005 -3"><span class='ocrx_word' id='word_1_396' title='bbox 243 2666 316 2684; x_wconf 85' lang='lat' dir='ltr'>TOM.</span> <span class='ocrx_word' id='word_1_397' title='bbox 331 2667 396 2687; x_wconf 66' lang='lat' dir='ltr'>XIII,</span> <span class='ocrx_word' id='word_1_398' title='bbox 427 2666 432 2670; x_wconf 81' lang='grc'><strong>”</strong></span> 
     </span>
    </p>
   </div>
   <div class='ocr_carea' id='block_1_5' title="bbox 1588 207 1648 238">
    <p class='ocr_par' dir='ltr' id='par_1_15' title="bbox 1588 207 1648 238">
     <span class='ocr_line' id='line_1_57' title="bbox 1588 207 1648 238; baseline 0.017 -1"><span class='ocrx_word' id='word_1_399' title='bbox 1588 207 1648 238; x_wconf 59' lang='lat'>321</span> 
     </span>
    </p>
   </div>
   <div class='ocr_carea' id='block_1_6' title="bbox 909 277 1665 2504">
    <p class='ocr_par' dir='ltr' id='par_1_16' title="bbox 919 277 1665 837">
     <span class='ocr_line' id='line_1_58' title="bbox 964 277 1665 315; baseline 0.001 -10"><span class='ocrx_word' id='word_1_400' title='bbox 964 278 1063 306; x_wconf 80' lang='lat' dir='ltr'>Mortui</span> <span class='ocrx_word' id='word_1_401' title='bbox 1080 278 1172 306; x_wconf 82' lang='lat' dir='ltr'>divitis</span> <span class='ocrx_word' id='word_1_402' title='bbox 1192 277 1290 315; x_wconf 78' lang='lat' dir='ltr'>imago.</span> <span class='ocrx_word' id='word_1_403' title='bbox 1321 283 1350 304; x_wconf 68' lang='grc' dir='ltr'>Υ.</span> <span class='ocrx_word' id='word_1_404' title='bbox 1369 281 1434 304; x_wconf 82' lang='lat'>622.</span> <span class='ocrx_word' id='word_1_405' title='bbox 1453 288 1478 305; x_wconf 80' lang='lat' dir='ltr'>r.</span> <span class='ocrx_word' id='word_1_406' title='bbox 1497 287 1524 304; x_wconf 90' lang='lat' dir='ltr'>D.</span> <span class='ocrx_word' id='word_1_407' title='bbox 1544 287 1569 304; x_wconf 78' lang='lat' dir='ltr'>n.</span> <span class='ocrx_word' id='word_1_408' title='bbox 1588 279 1665 306; x_wconf 86' lang='lat' dir='ltr'>Mor-</span> 
     </span>
     <span class='ocr_line' id='line_1_59' title="bbox 921 321 1663 361; baseline 0.003 -12"><span class='ocrx_word' id='word_1_409' title='bbox 921 328 998 350; x_wconf 87' lang='lat' dir='ltr'>tuum</span> <span class='ocrx_word' id='word_1_410' title='bbox 1008 332 1060 350; x_wconf 92' lang='lat' dir='ltr'>non</span> <span class='ocrx_word' id='word_1_411' title='bbox 1070 332 1174 361; x_wconf 87' lang='lat' dir='ltr'>semper</span> <span class='ocrx_word' id='word_1_412' title='bbox 1182 321 1294 350; x_wconf 84' lang='lat' dir='ltr'>honorat</span> <span class='ocrx_word' id='word_1_413' title='bbox 1302 321 1328 349; x_wconf 89' lang='lat' dir='ltr'>in</span> <span class='ocrx_word' id='word_1_414' title='bbox 1339 321 1478 349; x_wconf 91' lang='lat' dir='ltr'>hominum</span> <span class='ocrx_word' id='word_1_415' title='bbox 1488 321 1663 351; x_wconf 84' lang='lat' dir='ltr'>aestimatione</span> 
     </span>
     <span class='ocr_line' id='line_1_60' title="bbox 921 364 1663 394; baseline -0.001 0"><span class='ocrx_word' id='word_1_416' title='bbox 921 365 1003 394; x_wconf 82' lang='lat' dir='ltr'>fastus</span> <span class='ocrx_word' id='word_1_417' title='bbox 1019 366 1105 394; x_wconf 87' lang='lat' dir='ltr'>inanis</span> <span class='ocrx_word' id='word_1_418' title='bbox 1132 366 1304 394; x_wconf 87' lang='lat' dir='ltr'>funeralium.</span> <span class='ocrx_word' id='word_1_419' title='bbox 1332 371 1403 394; x_wconf 82' lang='lat' dir='ltr'>VIII.</span> <span class='ocrx_word' id='word_1_420' title='bbox 1432 369 1498 393; x_wconf 82' lang='lat'>583.</span> <span class='ocrx_word' id='word_1_421' title='bbox 1514 364 1663 394; x_wconf 87' lang='lat' dir='ltr'>Christiani</span> 
     </span>
     <span class='ocr_line' id='line_1_61' title="bbox 920 409 1662 449; baseline -0.001 -11"><span class='ocrx_word' id='word_1_422' title='bbox 920 409 1049 438; x_wconf 82' lang='lat' dir='ltr'>funeralia</span> <span class='ocrx_word' id='word_1_423' title='bbox 1072 409 1208 438; x_wconf 86' lang='lat' dir='ltr'>mirabilia</span> <span class='ocrx_word' id='word_1_424' title='bbox 1228 416 1323 449; x_wconf 82' lang='lat' dir='ltr'>putant</span> <span class='ocrx_word' id='word_1_425' title='bbox 1341 419 1397 438; x_wconf 84' lang='lat' dir='ltr'>esse</span> <span class='ocrx_word' id='word_1_426' title='bbox 1417 409 1500 438; x_wconf 84' lang='lat' dir='ltr'>vitam</span> <span class='ocrx_word' id='word_1_427' title='bbox 1522 409 1662 448; x_wconf 79' lang='lat' dir='ltr'>optimam.</span> 
     </span>
     <span class='ocr_line' id='line_1_62' title="bbox 921 452 1663 492; baseline 0.001 -11"><span class='ocrx_word' id='word_1_428' title='bbox 921 455 965 481; x_wconf 84' lang='lat' dir='ltr'>Ib.</span> <span class='ocrx_word' id='word_1_429' title='bbox 980 454 1151 482; x_wconf 83' lang='lat' dir='ltr'>Mortuornm</span> <span class='ocrx_word' id='word_1_430' title='bbox 1163 464 1274 492; x_wconf 88' lang='lat' dir='ltr'>corpora</span> <span class='ocrx_word' id='word_1_431' title='bbox 1286 460 1360 482; x_wconf 73' lang='lat' dir='ltr'>terrm</span> <span class='ocrx_word' id='word_1_432' title='bbox 1370 452 1556 482; x_wconf 83' lang='lat' dir='ltr'>tradebantur.</span> <span class='ocrx_word' id='word_1_433' title='bbox 1572 460 1605 482; x_wconf 87' lang='lat' dir='ltr'>V.</span> <span class='ocrx_word' id='word_1_434' title='bbox 1618 458 1663 482; x_wconf 84' lang='grc'>43.</span> 
     </span>
     <span class='ocr_line' id='line_1_63' title="bbox 922 497 1662 536; baseline 0.003 -12"><span class='ocrx_word' id='word_1_435' title='bbox 922 507 946 524; x_wconf 74' lang='grc' dir='ltr'>Β.</span> <span class='ocrx_word' id='word_1_436' title='bbox 961 497 1048 525; x_wconf 76' lang='lat' dir='ltr'>Extra</span> <span class='ocrx_word' id='word_1_437' title='bbox 1064 497 1142 526; x_wconf 88' lang='lat' dir='ltr'>urbes</span> <span class='ocrx_word' id='word_1_438' title='bbox 1157 497 1365 536; x_wconf 85' lang='lat' dir='ltr'>sepeliebantur.</span> <span class='ocrx_word' id='word_1_439' title='bbox 1382 499 1428 525; x_wconf 76' lang='grc' dir='ltr'>ΙΙ).</span> <span class='ocrx_word' id='word_1_440' title='bbox 1446 507 1471 525; x_wconf 88' lang='lat' dir='ltr'>c.</span> <span class='ocrx_word' id='word_1_441' title='bbox 1484 499 1592 525; x_wconf 84' lang='lat' dir='ltr'>Mortua</span> <span class='ocrx_word' id='word_1_442' title='bbox 1604 507 1662 526; x_wconf 87' lang='lat' dir='ltr'>cor-</span> 
     </span>
     <span class='ocr_line' id='line_1_64' title="bbox 920 540 1665 579; baseline 0.001 -10"><span class='ocrx_word' id='word_1_443' title='bbox 920 551 985 579; x_wconf 88' lang='lat' dir='ltr'>pora</span> <span class='ocrx_word' id='word_1_444' title='bbox 1006 541 1161 579; x_wconf 83' lang='lat' dir='ltr'>contingere</span> <span class='ocrx_word' id='word_1_445' title='bbox 1180 551 1231 569; x_wconf 90' lang='lat' dir='ltr'>non</span> <span class='ocrx_word' id='word_1_446' title='bbox 1248 548 1285 569; x_wconf 79' lang='lat' dir='ltr'>est</span> <span class='ocrx_word' id='word_1_447' title='bbox 1300 540 1472 569; x_wconf 88' lang='lat' dir='ltr'>immundum</span> <span class='ocrx_word' id='word_1_448' title='bbox 1483 564 1491 578; x_wconf 78' lang='lat'>,</span> <span class='ocrx_word' id='word_1_449' title='bbox 1507 541 1557 569; x_wconf 90' lang='lat' dir='ltr'>nisi</span> <span class='ocrx_word' id='word_1_450' title='bbox 1573 541 1600 569; x_wconf 91' lang='lat' dir='ltr'>id</span> <span class='ocrx_word' id='word_1_451' title='bbox 1615 542 1665 570; x_wconf 93' lang='lat' dir='ltr'>in-</span> 
     </span>
     <span class='ocr_line' id='line_1_65' title="bbox 919 584 1663 623; baseline -0.001 -10"><span class='ocrx_word' id='word_1_452' title='bbox 919 584 1005 613; x_wconf 84' lang='lat' dir='ltr'>firmae</span> <span class='ocrx_word' id='word_1_453' title='bbox 1019 585 1186 613; x_wconf 73' lang='lat' dir='ltr'>conscientiae</span> <span class='ocrx_word' id='word_1_454' title='bbox 1201 585 1348 623; x_wconf 81' lang='lat' dir='ltr'>contingat.</span> <span class='ocrx_word' id='word_1_455' title='bbox 1366 592 1398 613; x_wconf 95' lang='grc'>11.</span> <span class='ocrx_word' id='word_1_456' title='bbox 1414 589 1476 613; x_wconf 84' lang='lat'>269.</span> <span class='ocrx_word' id='word_1_457' title='bbox 1493 595 1521 612; x_wconf 90' lang='lat' dir='ltr'>D.</span> <span class='ocrx_word' id='word_1_458' title='bbox 1540 595 1566 615; x_wconf 79' lang='lat' dir='ltr'>E.</span> <span class='ocrx_word' id='word_1_459' title='bbox 1585 586 1663 614; x_wconf 86' lang='lat' dir='ltr'>Mor-</span> 
     </span>
     <span class='ocr_line' id='line_1_66' title="bbox 920 628 1661 657; baseline 0.001 -1"><span class='ocrx_word' id='word_1_460' title='bbox 920 634 1028 656; x_wconf 87' lang='lat' dir='ltr'>tuorum</span> <span class='ocrx_word' id='word_1_461' title='bbox 1039 628 1234 656; x_wconf 77' lang='lat' dir='ltr'>incantamenta</span> <span class='ocrx_word' id='word_1_462' title='bbox 1244 628 1376 656; x_wconf 85' lang='lat' dir='ltr'>adhibita.</span> <span class='ocrx_word' id='word_1_463' title='bbox 1388 635 1433 657; x_wconf 81' lang='lat' dir='ltr'>IX.</span> <span class='ocrx_word' id='word_1_464' title='bbox 1445 632 1510 656; x_wconf 88' lang='lat'>767.</span> <span class='ocrx_word' id='word_1_465' title='bbox 1521 639 1547 656; x_wconf 87' lang='lat' dir='ltr'>D.</span> <span class='ocrx_word' id='word_1_466' title='bbox 1558 628 1661 657; x_wconf 88' lang='lat' dir='ltr'>Mortui</span> 
     </span>
     <span class='ocr_line' id='line_1_67' title="bbox 920 673 1659 710; baseline 0.001 -12"><span class='ocrx_word' id='word_1_467' title='bbox 920 681 966 699; x_wconf 90' lang='lat' dir='ltr'>cur</span> <span class='ocrx_word' id='word_1_468' title='bbox 981 681 1127 708; x_wconf 79' lang='lat' dir='ltr'>numquam</span> <span class='ocrx_word' id='word_1_469' title='bbox 1145 678 1298 710; x_wconf 80' lang='lat' dir='ltr'>appareant.</span> <span class='ocrx_word' id='word_1_470' title='bbox 1318 679 1338 700; x_wconf 91' lang='grc'>1.</span> <span class='ocrx_word' id='word_1_471' title='bbox 1355 676 1418 701; x_wconf 86' lang='lat'>926.</span> <span class='ocrx_word' id='word_1_472' title='bbox 1447 682 1475 700; x_wconf 87' lang='lat' dir='ltr'>D.</span> <span class='ocrx_word' id='word_1_473' title='bbox 1503 681 1567 710; x_wconf 82' lang='lat' dir='ltr'>sqq.</span> <span class='ocrx_word' id='word_1_474' title='bbox 1582 673 1659 708; x_wconf 86' lang='lat' dir='ltr'>Quo-</span> 
     </span>
     <span class='ocr_line' id='line_1_68' title="bbox 919 714 1662 753; baseline 0.003 -11"><span class='ocrx_word' id='word_1_475' title='bbox 919 714 998 743; x_wconf 87' lang='lat' dir='ltr'>modo</span> <span class='ocrx_word' id='word_1_476' title='bbox 1015 723 1166 753; x_wconf 78' lang='lat' dir='ltr'>resurgant.</span> <span class='ocrx_word' id='word_1_477' title='bbox 1187 722 1231 743; x_wconf 80' lang='lat' dir='ltr'>vl.</span> <span class='ocrx_word' id='word_1_478' title='bbox 1260 720 1322 744; x_wconf 86' lang='lat'>359.</span> <span class='ocrx_word' id='word_1_479' title='bbox 1350 722 1376 744; x_wconf 77' lang='lat'>1¹²</span> <span class='ocrx_word' id='word_1_480' title='bbox 1391 716 1448 743; x_wconf 82' lang='lat' dir='ltr'>col.</span> <span class='ocrx_word' id='word_1_481' title='bbox 1472 716 1606 744; x_wconf 74' lang='lat' dir='ltr'>Mortuus</span> <span class='ocrx_word' id='word_1_482' title='bbox 1620 723 1662 744; x_wconf 78' lang='lat' dir='ltr'>est</span> 
     </span>
     <span class='ocr_line' id='line_1_69' title="bbox 920 759 1658 797; baseline 0.003 -11"><span class='ocrx_word' id='word_1_483' title='bbox 920 761 969 796; x_wconf 77' lang='lat' dir='ltr'>qui</span> <span class='ocrx_word' id='word_1_484' title='bbox 983 759 1087 787; x_wconf 76' lang='lat' dir='ltr'>divina</span> <span class='ocrx_word' id='word_1_485' title='bbox 1105 759 1305 787; x_wconf 75' lang='lat' dir='ltr'>benevolentia</span> <span class='ocrx_word' id='word_1_486' title='bbox 1327 762 1472 797; x_wconf 65' lang='lat' dir='ltr'>privatur.</span> <span class='ocrx_word' id='word_1_487' title='bbox 1497 766 1529 787; x_wconf 85' lang='lat' dir='ltr'>V.</span> <span class='ocrx_word' id='word_1_488' title='bbox 1553 764 1618 788; x_wconf 89' lang='lat'>870.</span> <span class='ocrx_word' id='word_1_489' title='bbox 1633 771 1658 788; x_wconf 87' lang='lat' dir='ltr'>c.</span> 
     </span>
     <span class='ocr_line' id='line_1_70' title="bbox 922 803 1418 837; baseline 0.004 -7"><span class='ocrx_word' id='word_1_490' title='bbox 922 807 950 830; x_wconf 76' lang='lat'>1‘²</span> <span class='ocrx_word' id='word_1_491' title='bbox 961 803 1016 830; x_wconf 85' lang='lat' dir='ltr'>col.</span> <span class='ocrx_word' id='word_1_492' title='bbox 1034 803 1123 831; x_wconf 81' lang='lat' dir='ltr'>Adde</span> <span class='ocrx_word' id='word_1_493' title='bbox 1137 812 1309 837; x_wconf 59' lang='lat' dir='ltr'>nnrmvmcs,</span> <span class='ocrx_word' id='word_1_494' title='bbox 1329 804 1418 832; x_wconf 54' lang='lat' dir='ltr'>Mon&amp;</span> 
     </span>
    </p>

    <p class='ocr_par' dir='ltr' id='par_1_17' title="bbox 909 845 1659 1891">
     <span class='ocr_line' id='line_1_71' title="bbox 957 845 1657 885; baseline 0.001 -11"><span class='ocrx_word' id='word_1_495' title='bbox 957 848 1068 874; x_wconf 69' lang='lat' dir='ltr'>Movsns</span> <span class='ocrx_word' id='word_1_496' title='bbox 1085 846 1172 875; x_wconf 85' lang='lat' dir='ltr'>infans</span> <span class='ocrx_word' id='word_1_497' title='bbox 1193 845 1328 884; x_wconf 84' lang='lat' dir='ltr'>quomodo</span> <span class='ocrx_word' id='word_1_498' title='bbox 1344 852 1465 873; x_wconf 81' lang='lat' dir='ltr'>servatus</span> <span class='ocrx_word' id='word_1_499' title='bbox 1481 857 1493 873; x_wconf 90' lang='lat' dir='ltr'>a</span> <span class='ocrx_word' id='word_1_500' title='bbox 1510 847 1657 885; x_wconf 83' lang='lat' dir='ltr'>providen-</span> 
     </span>
     <span class='ocr_line' id='line_1_72' title="bbox 917 890 1656 928; baseline 0.001 -10"><span class='ocrx_word' id='word_1_501' title='bbox 917 890 952 918; x_wconf 85' lang='lat' dir='ltr'>tia</span> <span class='ocrx_word' id='word_1_502' title='bbox 969 890 1028 918; x_wconf 91' lang='lat' dir='ltr'>Dei.</span> <span class='ocrx_word' id='word_1_503' title='bbox 1052 898 1083 919; x_wconf 74' lang='lat' dir='ltr'>V.</span> <span class='ocrx_word' id='word_1_504' title='bbox 1102 895 1147 918; x_wconf 87' lang='lat'>88.</span> <span class='ocrx_word' id='word_1_505' title='bbox 1165 890 1345 918; x_wconf 83' lang='lat' dir='ltr'>Barbarorum</span> <span class='ocrx_word' id='word_1_506' title='bbox 1365 890 1522 928; x_wconf 87' lang='lat' dir='ltr'>disciplinas</span> <span class='ocrx_word' id='word_1_507' title='bbox 1534 898 1656 919; x_wconf 85' lang='lat' dir='ltr'>accurate</span> 
     </span>
     <span class='ocr_line' id='line_1_73' title="bbox 915 933 1659 973; baseline 0.001 -11"><span class='ocrx_word' id='word_1_508' title='bbox 915 933 1024 963; x_wconf 88' lang='lat' dir='ltr'>didicit.</span> <span class='ocrx_word' id='word_1_509' title='bbox 1043 941 1088 962; x_wconf 77' lang='lat' dir='ltr'>VI.</span> <span class='ocrx_word' id='word_1_510' title='bbox 1119 938 1182 962; x_wconf 88' lang='lat'>233.</span> <span class='ocrx_word' id='word_1_511' title='bbox 1201 944 1228 964; x_wconf 76' lang='lat' dir='ltr'>n,</span> <span class='ocrx_word' id='word_1_512' title='bbox 1250 935 1278 962; x_wconf 91' lang='lat' dir='ltr'>In</span> <span class='ocrx_word' id='word_1_513' title='bbox 1302 933 1373 972; x_wconf 82' lang='lat' dir='ltr'>regio</span> <span class='ocrx_word' id='word_1_514' title='bbox 1390 933 1518 962; x_wconf 83' lang='lat' dir='ltr'>educatus</span> <span class='ocrx_word' id='word_1_515' title='bbox 1540 935 1659 973; x_wconf 84' lang='lat' dir='ltr'>palatio,</span> 
     </span>
     <span class='ocr_line' id='line_1_74' title="bbox 915 977 1653 1016; baseline 0.003 -11"><span class='ocrx_word' id='word_1_516' title='bbox 915 977 942 1005; x_wconf 88' lang='lat' dir='ltr'>in</span> <span class='ocrx_word' id='word_1_517' title='bbox 964 987 1103 1006; x_wconf 81' lang='lat' dir='ltr'>servorum</span> <span class='ocrx_word' id='word_1_518' title='bbox 1122 988 1232 1006; x_wconf 88' lang='lat' dir='ltr'>numero</span> <span class='ocrx_word' id='word_1_519' title='bbox 1247 988 1303 1005; x_wconf 87' lang='lat' dir='ltr'>esse</span> <span class='ocrx_word' id='word_1_520' title='bbox 1316 977 1482 1016; x_wconf 85' lang='lat' dir='ltr'>concupivit.</span> <span class='ocrx_word' id='word_1_521' title='bbox 1502 986 1523 1010; x_wconf 87' lang='grc'>1,</span> <span class='ocrx_word' id='word_1_522' title='bbox 1541 983 1605 1007; x_wconf 82' lang='grc'>539.</span> <span class='ocrx_word' id='word_1_523' title='bbox 1627 990 1653 1007; x_wconf 73' lang='lat' dir='ltr'>A.</span> 
     </span>
     <span class='ocr_line' id='line_1_75' title="bbox 916 1021 1659 1062; baseline 0.001 -12"><span class='ocrx_word' id='word_1_524' title='bbox 916 1021 1019 1060; x_wconf 87' lang='lat' dir='ltr'>Moysis</span> <span class='ocrx_word' id='word_1_525' title='bbox 1030 1021 1131 1050; x_wconf 89' lang='lat' dir='ltr'>laudes.</span> <span class='ocrx_word' id='word_1_526' title='bbox 1148 1029 1194 1050; x_wconf 88' lang='grc'>111.</span> <span class='ocrx_word' id='word_1_527' title='bbox 1210 1026 1273 1050; x_wconf 70' lang='grc'>142.</span> <span class='ocrx_word' id='word_1_528' title='bbox 1289 1032 1314 1049; x_wconf 70' lang='lat' dir='ltr'>A.</span> <span class='ocrx_word' id='word_1_529' title='bbox 1330 1032 1355 1049; x_wconf 81' lang='lat' dir='ltr'>n.</span> <span class='ocrx_word' id='word_1_530' title='bbox 1371 1028 1416 1050; x_wconf 80' lang='lat' dir='ltr'>XI.</span> <span class='ocrx_word' id='word_1_531' title='bbox 1430 1027 1494 1050; x_wconf 87' lang='grc'>411.</span> <span class='ocrx_word' id='word_1_532' title='bbox 1508 1033 1533 1050; x_wconf 74' lang='grc' dir='ltr'>Ε.</span> <span class='ocrx_word' id='word_1_533' title='bbox 1549 1023 1659 1062; x_wconf 78' lang='lat' dir='ltr'>Moyses</span> 
     </span>
     <span class='ocr_line' id='line_1_76' title="bbox 914 1065 1652 1104; baseline 0 -11"><span class='ocrx_word' id='word_1_534' title='bbox 914 1065 1080 1094; x_wconf 88' lang='lat' dir='ltr'>mitissimus.</span> <span class='ocrx_word' id='word_1_535' title='bbox 1094 1073 1114 1095; x_wconf 90' lang='grc'>1.</span> <span class='ocrx_word' id='word_1_536' title='bbox 1128 1070 1193 1095; x_wconf 86' lang='grc'>804.</span> <span class='ocrx_word' id='word_1_537' title='bbox 1206 1076 1230 1092; x_wconf 77' lang='grc'>11.</span> <span class='ocrx_word' id='word_1_538' title='bbox 1244 1072 1290 1093; x_wconf 91' lang='grc'>111.</span> <span class='ocrx_word' id='word_1_539' title='bbox 1308 1069 1404 1093; x_wconf 43' lang='lat' dir='ltr'>twa.</span> <span class='ocrx_word' id='word_1_540' title='bbox 1421 1071 1452 1092; x_wconf 86' lang='lat' dir='ltr'>V.</span> <span class='ocrx_word' id='word_1_541' title='bbox 1468 1070 1530 1094; x_wconf 79' lang='grc'>448.</span> <span class='ocrx_word' id='word_1_542' title='bbox 1546 1078 1570 1093; x_wconf 66' lang='lat' dir='ltr'>a.</span> <span class='ocrx_word' id='word_1_543' title='bbox 1587 1077 1652 1104; x_wconf 84' lang='lat' dir='ltr'>sqq.</span> 
     </span>
     <span class='ocr_line' id='line_1_77' title="bbox 917 1108 1652 1148; baseline 0 -11"><span class='ocrx_word' id='word_1_544' title='bbox 917 1116 972 1137; x_wconf 71' lang='lat' dir='ltr'>vn.</span> <span class='ocrx_word' id='word_1_545' title='bbox 989 1114 1051 1138; x_wconf 81' lang='lat'>639.</span> <span class='ocrx_word' id='word_1_546' title='bbox 1066 1108 1097 1137; x_wconf 89' lang='lat' dir='ltr'>Id</span> <span class='ocrx_word' id='word_1_547' title='bbox 1123 1108 1310 1147; x_wconf 88' lang='lat' dir='ltr'>multipliciter</span> <span class='ocrx_word' id='word_1_548' title='bbox 1326 1109 1466 1148; x_wconf 84' lang='lat' dir='ltr'>probatur.</span> <span class='ocrx_word' id='word_1_549' title='bbox 1492 1116 1522 1138; x_wconf 89' lang='lat' dir='ltr'>v.</span> <span class='ocrx_word' id='word_1_550' title='bbox 1544 1115 1607 1139; x_wconf 86' lang='lat'>202.</span> <span class='ocrx_word' id='word_1_551' title='bbox 1627 1122 1652 1138; x_wconf 88' lang='lat' dir='ltr'>c.</span> 
     </span>
     <span class='ocr_line' id='line_1_78' title="bbox 914 1152 1648 1191; baseline 0 -9"><span class='ocrx_word' id='word_1_552' title='bbox 914 1163 974 1191; x_wconf 75' lang='lat' dir='ltr'>sqq.</span> <span class='ocrx_word' id='word_1_553' title='bbox 990 1152 1065 1182; x_wconf 83' lang='lat' dir='ltr'>Licet</span> <span class='ocrx_word' id='word_1_554' title='bbox 1078 1152 1203 1180; x_wconf 72' lang='lat' dir='ltr'>:erumnis</span> <span class='ocrx_word' id='word_1_555' title='bbox 1220 1162 1265 1190; x_wconf 88' lang='lat' dir='ltr'>per</span> <span class='ocrx_word' id='word_1_556' title='bbox 1282 1158 1363 1179; x_wconf 88' lang='lat' dir='ltr'>totam</span> <span class='ocrx_word' id='word_1_557' title='bbox 1382 1152 1467 1180; x_wconf 84' lang='lat' dir='ltr'>vitam</span> <span class='ocrx_word' id='word_1_558' title='bbox 1481 1153 1608 1182; x_wconf 87' lang='lat' dir='ltr'>afflictus.</span> <span class='ocrx_word' id='word_1_559' title='bbox 1627 1161 1648 1182; x_wconf 90' lang='lat'>1.</span> 
     </span>
     <span class='ocr_line' id='line_1_79' title="bbox 914 1196 1654 1233; baseline 0.003 -9"><span class='ocrx_word' id='word_1_560' title='bbox 914 1201 978 1225; x_wconf 75' lang='lat'>258.</span> <span class='ocrx_word' id='word_1_561' title='bbox 992 1201 1270 1224; x_wconf 69' lang='lat' dir='ltr'>e.919.xl.411.1‹-.</span> <span class='ocrx_word' id='word_1_562' title='bbox 1283 1196 1426 1232; x_wconf 82' lang='lat' dir='ltr'>Tanquam</span> <span class='ocrx_word' id='word_1_563' title='bbox 1438 1196 1512 1224; x_wconf 85' lang='lat' dir='ltr'>stella</span> <span class='ocrx_word' id='word_1_564' title='bbox 1527 1197 1553 1224; x_wconf 88' lang='lat' dir='ltr'>in</span> <span class='ocrx_word' id='word_1_565' title='bbox 1567 1204 1654 1233; x_wconf 79' lang='lat' dir='ltr'>nocte,</span> 
     </span>
     <span class='ocr_line' id='line_1_80' title="bbox 914 1239 1655 1278; baseline 0.001 -10"><span class='ocrx_word' id='word_1_566' title='bbox 914 1247 938 1268; x_wconf 85' lang='lat' dir='ltr'>et</span> <span class='ocrx_word' id='word_1_567' title='bbox 952 1251 1010 1268; x_wconf 84' lang='lat' dir='ltr'>rosa</span> <span class='ocrx_word' id='word_1_568' title='bbox 1023 1241 1090 1268; x_wconf 85' lang='lat' dir='ltr'>inter</span> <span class='ocrx_word' id='word_1_569' title='bbox 1099 1240 1199 1278; x_wconf 86' lang='lat' dir='ltr'>spinas,</span> <span class='ocrx_word' id='word_1_570' title='bbox 1213 1250 1275 1267; x_wconf 87' lang='lat' dir='ltr'>cum</span> <span class='ocrx_word' id='word_1_571' title='bbox 1286 1239 1417 1277; x_wconf 85' lang='lat' dir='ltr'>improbis</span> <span class='ocrx_word' id='word_1_572' title='bbox 1433 1240 1515 1278; x_wconf 85' lang='lat' dir='ltr'>probe</span> <span class='ocrx_word' id='word_1_573' title='bbox 1527 1241 1606 1269; x_wconf 80' lang='lat' dir='ltr'>vixit.</span> <span class='ocrx_word' id='word_1_574' title='bbox 1623 1248 1655 1270; x_wconf 82' lang='lat' dir='ltr'>V.</span> 
     </span>
     <span class='ocr_line' id='line_1_81' title="bbox 916 1283 1652 1322; baseline 0.003 -10"><span class='ocrx_word' id='word_1_575' title='bbox 916 1289 977 1312; x_wconf 86' lang='grc'>141.</span> <span class='ocrx_word' id='word_1_576' title='bbox 1003 1295 1028 1313; x_wconf 84' lang='lat' dir='ltr'>c.</span> <span class='ocrx_word' id='word_1_577' title='bbox 1055 1284 1123 1322; x_wconf 85' lang='lat' dir='ltr'>Ejus</span> <span class='ocrx_word' id='word_1_578' title='bbox 1146 1294 1221 1311; x_wconf 90' lang='lat' dir='ltr'>amor</span> <span class='ocrx_word' id='word_1_579' title='bbox 1234 1293 1296 1322; x_wconf 80' lang='lat' dir='ltr'>erga</span> <span class='ocrx_word' id='word_1_580' title='bbox 1317 1283 1434 1312; x_wconf 61' lang='lat' dir='ltr'>judiees.</span> <span class='ocrx_word' id='word_1_581' title='bbox 1455 1291 1475 1312; x_wconf 93' lang='grc'>1.</span> <span class='ocrx_word' id='word_1_582' title='bbox 1495 1288 1559 1314; x_wconf 81' lang='grc'>256.</span> <span class='ocrx_word' id='word_1_583' title='bbox 1586 1289 1652 1314; x_wconf 84' lang='lat'>257.</span> 
     </span>
     <span class='ocr_line' id='line_1_82' title="bbox 915 1326 1656 1363; baseline 0.003 -8"><span class='ocrx_word' id='word_1_584' title='bbox 915 1328 1100 1355; x_wconf 73' lang='lat' dir='ltr'>praefecturam</span> <span class='ocrx_word' id='word_1_585' title='bbox 1126 1326 1281 1356; x_wconf 80' lang='lat' dir='ltr'>Judaeorum</span> <span class='ocrx_word' id='word_1_586' title='bbox 1306 1326 1403 1355; x_wconf 87' lang='lat' dir='ltr'>nedum</span> <span class='ocrx_word' id='word_1_587' title='bbox 1434 1328 1583 1363; x_wconf 75' lang='lat' dir='ltr'>invaserit,</span> <span class='ocrx_word' id='word_1_588' title='bbox 1600 1332 1656 1357; x_wconf 89' lang='lat' dir='ltr'>Deo</span> 
     </span>
     <span class='ocr_line' id='line_1_83' title="bbox 913 1370 1655 1411; baseline 0.001 -12"><span class='ocrx_word' id='word_1_589' title='bbox 913 1371 992 1399; x_wconf 79' lang='lat' dir='ltr'>etiam</span> <span class='ocrx_word' id='word_1_590' title='bbox 1011 1371 1121 1409; x_wconf 87' lang='lat' dir='ltr'>jubente</span> <span class='ocrx_word' id='word_1_591' title='bbox 1137 1370 1275 1399; x_wconf 80' lang='lat' dir='ltr'>renuebat.</span> <span class='ocrx_word' id='word_1_592' title='bbox 1302 1376 1327 1398; x_wconf 93' lang='lat'>1.</span> <span class='ocrx_word' id='word_1_593' title='bbox 1348 1375 1411 1398; x_wconf 81' lang='grc'>493.</span> <span class='ocrx_word' id='word_1_594' title='bbox 1430 1382 1456 1399; x_wconf 86' lang='grc'>(;.</span> <span class='ocrx_word' id='word_1_595' title='bbox 1482 1374 1555 1399; x_wconf 90' lang='lat' dir='ltr'>Dum</span> <span class='ocrx_word' id='word_1_596' title='bbox 1577 1382 1655 1411; x_wconf 86' lang='lat' dir='ltr'>opem</span> 
     </span>
     <span class='ocr_line' id='line_1_84' title="bbox 912 1414 1645 1453; baseline 0.001 -10"><span class='ocrx_word' id='word_1_597' title='bbox 912 1415 991 1443; x_wconf 86' lang='lat' dir='ltr'>ferret</span> <span class='ocrx_word' id='word_1_598' title='bbox 1013 1415 1138 1453; x_wconf 83' lang='lat' dir='ltr'>injuriam</span> <span class='ocrx_word' id='word_1_599' title='bbox 1162 1414 1293 1453; x_wconf 81' lang='lat' dir='ltr'>patienti,</span> <span class='ocrx_word' id='word_1_600' title='bbox 1318 1414 1385 1441; x_wconf 89' lang='lat' dir='ltr'>mori</span> <span class='ocrx_word' id='word_1_601' title='bbox 1407 1414 1574 1453; x_wconf 82' lang='lat' dir='ltr'>periclitatus</span> <span class='ocrx_word' id='word_1_602' title='bbox 1589 1423 1645 1450; x_wconf 83' lang='lat' dir='ltr'>est,</span> 
     </span>
     <span class='ocr_line' id='line_1_85' title="bbox 914 1456 1655 1496; baseline 0.001 -9"><span class='ocrx_word' id='word_1_603' title='bbox 914 1465 941 1487; x_wconf 90' lang='lat' dir='ltr'>ut</span> <span class='ocrx_word' id='word_1_604' title='bbox 954 1469 969 1486; x_wconf 86' lang='lat' dir='ltr'>a</span> <span class='ocrx_word' id='word_1_605' title='bbox 984 1465 1137 1487; x_wconf 80' lang='lat' dir='ltr'>sanctorum</span> <span class='ocrx_word' id='word_1_606' title='bbox 1153 1458 1278 1496; x_wconf 76' lang='lat' dir='ltr'>exemplo</span> <span class='ocrx_word' id='word_1_607' title='bbox 1300 1456 1434 1485; x_wconf 78' lang='lat' dir='ltr'>discamus</span> <span class='ocrx_word' id='word_1_608' title='bbox 1454 1459 1614 1496; x_wconf 82' lang='lat' dir='ltr'>patientiam</span> <span class='ocrx_word' id='word_1_609' title='bbox 1627 1460 1655 1488; x_wconf 90' lang='lat' dir='ltr'>in</span> 
     </span>
     <span class='ocr_line' id='line_1_86' title="bbox 913 1501 1649 1541; baseline 0.001 -11"><span class='ocrx_word' id='word_1_610' title='bbox 913 1502 982 1531; x_wconf 85' lang='lat' dir='ltr'>bono</span> <span class='ocrx_word' id='word_1_611' title='bbox 1005 1502 1149 1541; x_wconf 84' lang='lat' dir='ltr'>operando.</span> <span class='ocrx_word' id='word_1_612' title='bbox 1170 1509 1204 1530; x_wconf 93' lang='lat' dir='ltr'>II.</span> <span class='ocrx_word' id='word_1_613' title='bbox 1222 1506 1266 1532; x_wconf 84' lang='lat'>20.</span> <span class='ocrx_word' id='word_1_614' title='bbox 1293 1513 1316 1529; x_wconf 82' lang='lat' dir='ltr'>B.</span> <span class='ocrx_word' id='word_1_615' title='bbox 1340 1501 1490 1530; x_wconf 88' lang='lat' dir='ltr'>Consilium</span> <span class='ocrx_word' id='word_1_616' title='bbox 1507 1503 1649 1531; x_wconf 84' lang='lat' dir='ltr'>socerisui</span> 
     </span>
     <span class='ocr_line' id='line_1_87' title="bbox 913 1545 1649 1584; baseline 0.001 -10"><span class='ocrx_word' id='word_1_617' title='bbox 913 1546 1024 1580; x_wconf 88' lang='lat' dir='ltr'>Jothor,</span> <span class='ocrx_word' id='word_1_618' title='bbox 1041 1546 1158 1574; x_wconf 88' lang='lat' dir='ltr'>hominis</span> <span class='ocrx_word' id='word_1_619' title='bbox 1180 1545 1314 1584; x_wconf 77' lang='lat' dir='ltr'>imperiti⁷</span> <span class='ocrx_word' id='word_1_620' title='bbox 1330 1545 1444 1574; x_wconf 85' lang='lat' dir='ltr'>libenter</span> <span class='ocrx_word' id='word_1_621' title='bbox 1463 1546 1578 1576; x_wconf 84' lang='lat' dir='ltr'>audivit.</span> <span class='ocrx_word' id='word_1_622' title='bbox 1604 1554 1649 1576; x_wconf 91' lang='grc'>111.</span> 
     </span>
     <span class='ocr_line' id='line_1_88' title="bbox 916 1589 1655 1629; baseline 0.003 -12"><span class='ocrx_word' id='word_1_623' title='bbox 916 1594 976 1617; x_wconf 77' lang='grc'>142.</span> <span class='ocrx_word' id='word_1_624' title='bbox 998 1600 1023 1617; x_wconf 89' lang='lat' dir='ltr'>c.</span> <span class='ocrx_word' id='word_1_625' title='bbox 1043 1594 1107 1619; x_wconf 88' lang='grc'>143,</span> <span class='ocrx_word' id='word_1_626' title='bbox 1125 1589 1204 1627; x_wconf 87' lang='lat' dir='ltr'>idque</span> <span class='ocrx_word' id='word_1_627' title='bbox 1221 1596 1249 1616; x_wconf 90' lang='lat' dir='ltr'>ut</span> <span class='ocrx_word' id='word_1_628' title='bbox 1271 1589 1408 1617; x_wconf 81' lang='lat' dir='ltr'>discamus</span> <span class='ocrx_word' id='word_1_629' title='bbox 1422 1599 1515 1618; x_wconf 89' lang='lat' dir='ltr'>omnes</span> <span class='ocrx_word' id='word_1_630' title='bbox 1533 1589 1655 1629; x_wconf 80' lang='lat' dir='ltr'>indigere</span> 
     </span>
     <span class='ocr_line' id='line_1_89' title="bbox 913 1632 1650 1673; baseline 0.003 -13"><span class='ocrx_word' id='word_1_631' title='bbox 913 1632 1034 1661; x_wconf 84' lang='lat' dir='ltr'>consilio.</span> <span class='ocrx_word' id='word_1_632' title='bbox 1055 1634 1100 1661; x_wconf 71' lang='grc' dir='ltr'>ΙΙ).</span> <span class='ocrx_word' id='word_1_633' title='bbox 1117 1640 1150 1663; x_wconf 81' lang='lat' dir='ltr'>X.</span> <span class='ocrx_word' id='word_1_634' title='bbox 1176 1638 1240 1661; x_wconf 84' lang='lat'>671.</span> <span class='ocrx_word' id='word_1_635' title='bbox 1261 1643 1284 1660; x_wconf 76' lang='lat' dir='ltr'>ss.</span> <span class='ocrx_word' id='word_1_636' title='bbox 1303 1633 1432 1660; x_wconf 91' lang='lat' dir='ltr'>Nonnulli</span> <span class='ocrx_word' id='word_1_637' title='bbox 1453 1633 1571 1662; x_wconf 59' lang='lat' dir='ltr'>haeretici</span> <span class='ocrx_word' id='word_1_638' title='bbox 1590 1635 1650 1673; x_wconf 86' lang='lat' dir='ltr'>ejus</span> 
     </span>
     <span class='ocr_line' id='line_1_90' title="bbox 912 1676 1647 1715; baseline 0.003 -11"><span class='ocrx_word' id='word_1_639' title='bbox 912 1687 997 1704; x_wconf 90' lang='lat' dir='ltr'>mores</span> <span class='ocrx_word' id='word_1_640' title='bbox 1012 1683 1036 1704; x_wconf 90' lang='lat' dir='ltr'>et</span> <span class='ocrx_word' id='word_1_641' title='bbox 1050 1676 1168 1705; x_wconf 84' lang='lat' dir='ltr'>indolem</span> <span class='ocrx_word' id='word_1_642' title='bbox 1189 1676 1288 1704; x_wconf 86' lang='lat' dir='ltr'>audent</span> <span class='ocrx_word' id='word_1_643' title='bbox 1301 1686 1408 1715; x_wconf 87' lang='lat' dir='ltr'>carpere</span> <span class='ocrx_word' id='word_1_644' title='bbox 1421 1698 1428 1710; x_wconf 74' lang='lat'><strong><em>‚</em></strong></span> <span class='ocrx_word' id='word_1_645' title='bbox 1446 1687 1512 1715; x_wconf 88' lang='lat' dir='ltr'>quos</span> <span class='ocrx_word' id='word_1_646' title='bbox 1529 1678 1647 1706; x_wconf 73' lang='lat' dir='ltr'>confutat</span> 
     </span>
     <span class='ocr_line' id='line_1_91' title="bbox 912 1720 1651 1760; baseline 0.003 -12"><span class='ocrx_word' id='word_1_647' title='bbox 912 1721 1127 1759; x_wconf 87' lang='lat' dir='ltr'>Chrysostomus.</span> <span class='ocrx_word' id='word_1_648' title='bbox 1142 1727 1175 1750; x_wconf 82' lang='lat' dir='ltr'>V.</span> <span class='ocrx_word' id='word_1_649' title='bbox 1196 1725 1260 1748; x_wconf 77' lang='grc'>448.</span> <span class='ocrx_word' id='word_1_650' title='bbox 1280 1730 1304 1747; x_wconf 77' lang='grc' dir='ltr'>Β.</span> <span class='ocrx_word' id='word_1_651' title='bbox 1322 1730 1385 1758; x_wconf 78' lang='lat' dir='ltr'>sqq.</span> <span class='ocrx_word' id='word_1_652' title='bbox 1401 1720 1553 1758; x_wconf 81' lang='lat' dir='ltr'>Cogebatur</span> <span class='ocrx_word' id='word_1_653' title='bbox 1566 1721 1651 1760; x_wconf 80' lang='lat' dir='ltr'>legem</span> 
     </span>
     <span class='ocr_line' id='line_1_92' title="bbox 909 1763 1648 1802; baseline 0.001 -10"><span class='ocrx_word' id='word_1_654' title='bbox 909 1764 1017 1792; x_wconf 89' lang='lat' dir='ltr'>serendo</span> <span class='ocrx_word' id='word_1_655' title='bbox 1029 1774 1056 1792; x_wconf 86' lang='lat' dir='ltr'>se</span> <span class='ocrx_word' id='word_1_656' title='bbox 1069 1771 1244 1802; x_wconf 83' lang='lat' dir='ltr'>attemperare</span> <span class='ocrx_word' id='word_1_657' title='bbox 1256 1763 1407 1792; x_wconf 84' lang='lat' dir='ltr'>infirmitati</span> <span class='ocrx_word' id='word_1_658' title='bbox 1423 1765 1517 1802; x_wconf 87' lang='lat' dir='ltr'>populi</span> <span class='ocrx_word' id='word_1_659' title='bbox 1533 1765 1585 1792; x_wconf 81' lang='lat' dir='ltr'>sui.</span> <span class='ocrx_word' id='word_1_660' title='bbox 1601 1772 1648 1793; x_wconf 87' lang='lat' dir='ltr'>III.</span> 
     </span>
     <span class='ocr_line' id='line_1_93' title="bbox 912 1807 1648 1846; baseline -0.003 -9"><span class='ocrx_word' id='word_1_661' title='bbox 912 1813 976 1837; x_wconf 77' lang='grc'>246.</span> <span class='ocrx_word' id='word_1_662' title='bbox 991 1819 1017 1837; x_wconf 72' lang='grc' dir='ltr'>Α.</span> <span class='ocrx_word' id='word_1_663' title='bbox 1037 1808 1105 1836; x_wconf 84' lang='lat' dir='ltr'>Hinc</span> <span class='ocrx_word' id='word_1_664' title='bbox 1121 1808 1242 1836; x_wconf 90' lang='lat' dir='ltr'>libellum</span> <span class='ocrx_word' id='word_1_665' title='bbox 1259 1807 1364 1846; x_wconf 85' lang='lat' dir='ltr'>repudii</span> <span class='ocrx_word' id='word_1_666' title='bbox 1380 1808 1512 1846; x_wconf 76' lang='lat' dir='ltr'>permisit,</span> <span class='ocrx_word' id='word_1_667' title='bbox 1539 1815 1586 1837; x_wconf 83' lang='lat' dir='ltr'>etc·</span> <span class='ocrx_word' id='word_1_668' title='bbox 1603 1811 1648 1836; x_wconf 77' lang='lat' dir='ltr'>lb.</span> 
     </span>
     <span class='ocr_line' id='line_1_94' title="bbox 913 1862 976 1891; baseline 0.016 -11"><span class='ocrx_word' id='word_1_669' title='bbox 913 1862 976 1891; x_wconf 88' lang='lat' dir='ltr'>sqq.</span> 
     </span>
    </p>

    <p class='ocr_par' dir='ltr' id='par_1_18' title="bbox 909 1895 1651 2326">
     <span class='ocr_line' id='line_1_95' title="bbox 951 1895 1644 1934; baseline -0.001 -10"><span class='ocrx_word' id='word_1_670' title='bbox 951 1897 1058 1934; x_wconf 76' lang='lat' dir='ltr'>Moyses</span> <span class='ocrx_word' id='word_1_671' title='bbox 1072 1895 1186 1923; x_wconf 89' lang='lat' dir='ltr'>clamore</span> <span class='ocrx_word' id='word_1_672' title='bbox 1201 1895 1304 1923; x_wconf 82' lang='lat' dir='ltr'>interno</span> <span class='ocrx_word' id='word_1_673' title='bbox 1319 1895 1462 1924; x_wconf 77' lang='lat' dir='ltr'>efficaciter</span> <span class='ocrx_word' id='word_1_674' title='bbox 1473 1895 1644 1933; x_wconf 74' lang='lat' dir='ltr'>precabatur.</span> 
     </span>
     <span class='ocr_line' id='line_1_96' title="bbox 912 1939 1647 1977; baseline -0.003 -8"><span class='ocrx_word' id='word_1_675' title='bbox 912 1947 956 1969; x_wconf 85' lang='lat' dir='ltr'>IV.</span> <span class='ocrx_word' id='word_1_676' title='bbox 973 1944 1036 1968; x_wconf 82' lang='lat'>828.</span> <span class='ocrx_word' id='word_1_677' title='bbox 1054 1946 1111 1969; x_wconf 84' lang='lat' dir='ltr'>VII.</span> <span class='ocrx_word' id='word_1_678' title='bbox 1125 1944 1188 1967; x_wconf 87' lang='lat'>282.</span> <span class='ocrx_word' id='word_1_679' title='bbox 1208 1950 1235 1967; x_wconf 78' lang='lat' dir='ltr'>A.</span> <span class='ocrx_word' id='word_1_680' title='bbox 1252 1939 1387 1968; x_wconf 80' lang='lat' dir='ltr'>Precando</span> <span class='ocrx_word' id='word_1_681' title='bbox 1402 1939 1527 1967; x_wconf 83' lang='lat' dir='ltr'>manibus</span> <span class='ocrx_word' id='word_1_682' title='bbox 1541 1949 1647 1977; x_wconf 78' lang='lat' dir='ltr'>expan-</span> 
     </span>
     <span class='ocr_line' id='line_1_97' title="bbox 909 1982 1648 2021; baseline -0.003 -9"><span class='ocrx_word' id='word_1_683' title='bbox 909 1985 945 2012; x_wconf 88' lang='lat' dir='ltr'>sis</span> <span class='ocrx_word' id='word_1_684' title='bbox 960 1983 1044 2021; x_wconf 77' lang='lat' dir='ltr'>magis</span> <span class='ocrx_word' id='word_1_685' title='bbox 1058 1993 1139 2020; x_wconf 84' lang='lat' dir='ltr'>quam</span> <span class='ocrx_word' id='word_1_686' title='bbox 1154 1983 1248 2020; x_wconf 86' lang='lat' dir='ltr'>reliqui</span> <span class='ocrx_word' id='word_1_687' title='bbox 1263 1982 1413 2021; x_wconf 83' lang='lat' dir='ltr'>praeliantes</span> <span class='ocrx_word' id='word_1_688' title='bbox 1424 1982 1567 2011; x_wconf 85' lang='lat' dir='ltr'>victoriam</span> <span class='ocrx_word' id='word_1_689' title='bbox 1582 1993 1648 2021; x_wconf 87' lang='lat' dir='ltr'>pro-</span> 
     </span>
     <span class='ocr_line' id='line_1_98' title="bbox 912 2027 1648 2065; baseline -0.001 -8"><span class='ocrx_word' id='word_1_690' title='bbox 912 2029 1008 2057; x_wconf 88' lang='lat' dir='ltr'>movit.</span> <span class='ocrx_word' id='word_1_691' title='bbox 1032 2034 1053 2056; x_wconf 89' lang='grc'>1.</span> <span class='ocrx_word' id='word_1_692' title='bbox 1070 2031 1133 2055; x_wconf 80' lang='grc'>855.</span> <span class='ocrx_word' id='word_1_693' title='bbox 1154 2028 1233 2055; x_wconf 85' lang='lat' dir='ltr'>Unus</span> <span class='ocrx_word' id='word_1_694' title='bbox 1257 2027 1319 2065; x_wconf 81' lang='lat' dir='ltr'>plus</span> <span class='ocrx_word' id='word_1_695' title='bbox 1337 2037 1419 2064; x_wconf 81' lang='lat' dir='ltr'>quam</span> <span class='ocrx_word' id='word_1_696' title='bbox 1442 2037 1532 2055; x_wconf 88' lang='lat' dir='ltr'>omnes</span> <span class='ocrx_word' id='word_1_697' title='bbox 1549 2028 1648 2065; x_wconf 80' lang='lat' dir='ltr'>potnit.</span> 
     </span>
     <span class='ocr_line' id='line_1_99' title="bbox 912 2070 1647 2109; baseline -0.003 -9"><span class='ocrx_word' id='word_1_698' title='bbox 912 2080 959 2102; x_wconf 88' lang='lat' dir='ltr'>lx.</span> <span class='ocrx_word' id='word_1_699' title='bbox 975 2075 1038 2100; x_wconf 84' lang='lat'>213·</span> <span class='ocrx_word' id='word_1_700' title='bbox 1056 2080 1083 2098; x_wconf 68' lang='lat' dir='ltr'>A.</span> <span class='ocrx_word' id='word_1_701' title='bbox 1106 2071 1215 2108; x_wconf 81' lang='lat' dir='ltr'>Moyses</span> <span class='ocrx_word' id='word_1_702' title='bbox 1239 2070 1349 2098; x_wconf 82' lang='lat' dir='ltr'>Amalec</span> <span class='ocrx_word' id='word_1_703' title='bbox 1373 2071 1508 2109; x_wconf 81' lang='lat' dir='ltr'>superavit</span> <span class='ocrx_word' id='word_1_704' title='bbox 1524 2092 1530 2104; x_wconf 81' lang='grc'>,</span> <span class='ocrx_word' id='word_1_705' title='bbox 1555 2071 1647 2098; x_wconf 80' lang='lat' dir='ltr'>crectis</span> 
     </span>
     <span class='ocr_line' id='line_1_100' title="bbox 911 2113 1649 2151; baseline -0.004 -6"><span class='ocrx_word' id='word_1_706' title='bbox 911 2115 1035 2145; x_wconf 85' lang='lat' dir='ltr'>manibus</span> <span class='ocrx_word' id='word_1_707' title='bbox 1046 2114 1161 2151; x_wconf 81' lang='lat' dir='ltr'>figuram</span> <span class='ocrx_word' id='word_1_708' title='bbox 1171 2113 1258 2142; x_wconf 88' lang='lat' dir='ltr'>crucis</span> <span class='ocrx_word' id='word_1_709' title='bbox 1267 2113 1417 2141; x_wconf 86' lang='lat' dir='ltr'>ostendens.</span> <span class='ocrx_word' id='word_1_710' title='bbox 1430 2121 1475 2142; x_wconf 88' lang='lat'>111.</span> <span class='ocrx_word' id='word_1_711' title='bbox 1490 2118 1535 2142; x_wconf 80' lang='lat'>25.</span> <span class='ocrx_word' id='word_1_712' title='bbox 1545 2124 1570 2141; x_wconf 87' lang='lat' dir='ltr'>c.</span> <span class='ocrx_word' id='word_1_713' title='bbox 1586 2115 1649 2142; x_wconf 88' lang='lat' dir='ltr'>Post</span> 
     </span>
     <span class='ocr_line' id='line_1_101' title="bbox 912 2156 1648 2195; baseline -0.004 -7"><span class='ocrx_word' id='word_1_714' title='bbox 912 2160 986 2188; x_wconf 89' lang='lat' dir='ltr'>mille</span> <span class='ocrx_word' id='word_1_715' title='bbox 998 2156 1109 2186; x_wconf 84' lang='lat' dir='ltr'>insidias</span> <span class='ocrx_word' id='word_1_716' title='bbox 1129 2166 1177 2195; x_wconf 89' lang='lat' dir='ltr'>pro</span> <span class='ocrx_word' id='word_1_717' title='bbox 1192 2156 1295 2186; x_wconf 77' lang='lat' dir='ltr'>Judaeis</span> <span class='ocrx_word' id='word_1_718' title='bbox 1313 2156 1482 2195; x_wconf 79' lang='lat' dir='ltr'>precabatur.</span> <span class='ocrx_word' id='word_1_719' title='bbox 1507 2163 1566 2186; x_wconf 78' lang='lat' dir='ltr'>vn.</span> <span class='ocrx_word' id='word_1_720' title='bbox 1581 2161 1648 2188; x_wconf 79' lang='lat'>697,</span> 
     </span>
     <span class='ocr_line' id='line_1_102' title="bbox 912 2199 1651 2242; baseline -0.005 -9"><span class='ocrx_word' id='word_1_721' title='bbox 912 2202 1016 2242; x_wconf 85' lang='lat' dir='ltr'>Moysis</span> <span class='ocrx_word' id='word_1_722' title='bbox 1038 2200 1122 2229; x_wconf 87' lang='lat' dir='ltr'>oratio</span> <span class='ocrx_word' id='word_1_723' title='bbox 1146 2200 1291 2238; x_wconf 88' lang='lat' dir='ltr'>aliquando</span> <span class='ocrx_word' id='word_1_724' title='bbox 1317 2210 1369 2228; x_wconf 92' lang='lat' dir='ltr'>non</span> <span class='ocrx_word' id='word_1_725' title='bbox 1391 2207 1430 2228; x_wconf 86' lang='lat' dir='ltr'>est</span> <span class='ocrx_word' id='word_1_726' title='bbox 1456 2199 1596 2236; x_wconf 80' lang='lat' dir='ltr'>exaudita,</span> <span class='ocrx_word' id='word_1_727' title='bbox 1621 2211 1651 2229; x_wconf 83' lang='lat' dir='ltr'>eo</span> 
     </span>
     <span class='ocr_line' id='line_1_103' title="bbox 911 2243 1651 2286; baseline -0.003 -11"><span class='ocrx_word' id='word_1_728' title='bbox 911 2247 984 2286; x_wconf 87' lang='lat' dir='ltr'>quod</span> <span class='ocrx_word' id='word_1_729' title='bbox 999 2251 1099 2285; x_wconf 84' lang='lat' dir='ltr'>peteret</span> <span class='ocrx_word' id='word_1_730' title='bbox 1114 2243 1218 2281; x_wconf 83' lang='lat' dir='ltr'>aliquid</span> <span class='ocrx_word' id='word_1_731' title='bbox 1232 2243 1336 2272; x_wconf 83' lang='lat' dir='ltr'>inutile.</span> <span class='ocrx_word' id='word_1_732' title='bbox 1356 2251 1388 2274; x_wconf 83' lang='lat' dir='ltr'>V.</span> <span class='ocrx_word' id='word_1_733' title='bbox 1407 2248 1454 2273; x_wconf 89' lang='lat'>20.</span> <span class='ocrx_word' id='word_1_734' title='bbox 1472 2256 1496 2274; x_wconf 68' lang='lat' dir='ltr'>A.</span> <span class='ocrx_word' id='word_1_735' title='bbox 1510 2254 1595 2282; x_wconf 82' lang='lat' dir='ltr'>neque</span> <span class='ocrx_word' id='word_1_736' title='bbox 1606 2255 1651 2273; x_wconf 90' lang='lat' dir='ltr'>so-</span> 
     </span>
     <span class='ocr_line' id='line_1_104' title="bbox 912 2287 1649 2326; baseline -0.003 -6"><span class='ocrx_word' id='word_1_737' title='bbox 912 2301 999 2320; x_wconf 87' lang='lat' dir='ltr'>rorem</span> <span class='ocrx_word' id='word_1_738' title='bbox 1011 2288 1125 2318; x_wconf 85' lang='lat' dir='ltr'>Mariam</span> <span class='ocrx_word' id='word_1_739' title='bbox 1137 2287 1249 2326; x_wconf 81' lang='lat' dir='ltr'>potuita</span> <span class='ocrx_word' id='word_1_740' title='bbox 1261 2297 1336 2326; x_wconf 77' lang='lat' dir='ltr'>poena</span> <span class='ocrx_word' id='word_1_741' title='bbox 1348 2287 1472 2316; x_wconf 87' lang='lat' dir='ltr'>liberare.</span> <span class='ocrx_word' id='word_1_742' title='bbox 1490 2295 1546 2316; x_wconf 81' lang='lat' dir='ltr'>vu.</span> <span class='ocrx_word' id='word_1_743' title='bbox 1559 2293 1605 2317; x_wconf 87' lang='lat'>92.</span> <span class='ocrx_word' id='word_1_744' title='bbox 1622 2300 1649 2318; x_wconf 79' lang='lat' dir='ltr'>c.</span> 
     </span>
    </p>

    <p class='ocr_par' dir='ltr' id='par_1_19' title="bbox 911 2331 1650 2504">
     <span class='ocr_line' id='line_1_105' title="bbox 951 2331 1650 2372; baseline -0.006 -9"><span class='ocrx_word' id='word_1_745' title='bbox 951 2332 1055 2372; x_wconf 85' lang='lat' dir='ltr'>Moysis</span> <span class='ocrx_word' id='word_1_746' title='bbox 1079 2331 1207 2369; x_wconf 89' lang='lat' dir='ltr'>potentia.</span> <span class='ocrx_word' id='word_1_747' title='bbox 1233 2338 1252 2358; x_wconf 94' lang='grc'>1.</span> <span class='ocrx_word' id='word_1_748' title='bbox 1277 2334 1341 2358; x_wconf 86' lang='lat'>539.</span> <span class='ocrx_word' id='word_1_749' title='bbox 1364 2341 1390 2359; x_wconf 76' lang='lat' dir='ltr'>B.</span> <span class='ocrx_word' id='word_1_750' title='bbox 1419 2331 1562 2365; x_wconf 86' lang='lat' dir='ltr'>Quomodo</span> <span class='ocrx_word' id='word_1_751' title='bbox 1584 2331 1650 2359; x_wconf 85' lang='lat' dir='ltr'>deus</span> 
     </span>
     <span class='ocr_line' id='line_1_106' title="bbox 911 2373 1650 2412; baseline -0.007 -5"><span class='ocrx_word' id='word_1_752' title='bbox 911 2376 1066 2407; x_wconf 82' lang='lat' dir='ltr'>Pharaonis.</span> <span class='ocrx_word' id='word_1_753' title='bbox 1076 2376 1121 2402; x_wconf 89' lang='lat' dir='ltr'>Ib.</span> <span class='ocrx_word' id='word_1_754' title='bbox 1138 2374 1293 2411; x_wconf 82' lang='lat' dir='ltr'>Serpentem</span> <span class='ocrx_word' id='word_1_755' title='bbox 1308 2373 1365 2412; x_wconf 88' lang='lat' dir='ltr'>ipse</span> <span class='ocrx_word' id='word_1_756' title='bbox 1378 2373 1464 2412; x_wconf 83' lang='lat' dir='ltr'>primo</span> <span class='ocrx_word' id='word_1_757' title='bbox 1476 2374 1650 2409; x_wconf 82' lang='lat' dir='ltr'>formidavit,</span> 
     </span>
     <span class='ocr_line' id='line_1_107' title="bbox 912 2417 1644 2459; baseline -0.007 -9"><span class='ocrx_word' id='word_1_758' title='bbox 912 2420 1056 2459; x_wconf 90' lang='lat' dir='ltr'>quomodo.</span> <span class='ocrx_word' id='word_1_759' title='bbox 1078 2426 1136 2447; x_wconf 71' lang='lat' dir='ltr'>VII.</span> <span class='ocrx_word' id='word_1_760' title='bbox 1164 2422 1227 2445; x_wconf 85' lang='grc'>378.</span> <span class='ocrx_word' id='word_1_761' title='bbox 1247 2428 1271 2445; x_wconf 82' lang='lat' dir='ltr'>B.</span> <span class='ocrx_word' id='word_1_762' title='bbox 1295 2417 1417 2445; x_wconf 88' lang='lat' dir='ltr'>Christus</span> <span class='ocrx_word' id='word_1_763' title='bbox 1441 2424 1470 2445; x_wconf 87' lang='lat' dir='ltr'>ut</span> <span class='ocrx_word' id='word_1_764' title='bbox 1494 2417 1644 2451; x_wconf 87' lang='lat' dir='ltr'>Dominus,</span> 
     </span>
     <span class='ocr_line' id='line_1_108' title="bbox 912 2460 1648 2504; baseline -0.007 -10"><span class='ocrx_word' id='word_1_765' title='bbox 912 2466 1022 2504; x_wconf 85' lang='lat' dir='ltr'>Moyses</span> <span class='ocrx_word' id='word_1_766' title='bbox 1032 2471 1061 2492; x_wconf 88' lang='lat' dir='ltr'>ut</span> <span class='ocrx_word' id='word_1_767' title='bbox 1069 2472 1161 2491; x_wconf 86' lang='lat' dir='ltr'>servus</span> <span class='ocrx_word' id='word_1_768' title='bbox 1172 2460 1301 2488; x_wconf 74' lang='lat' dir='ltr'>miracula</span> <span class='ocrx_word' id='word_1_769' title='bbox 1313 2461 1466 2499; x_wconf 83' lang='lat' dir='ltr'>patrabant.</span> <span class='ocrx_word' id='word_1_770' title='bbox 1479 2467 1537 2489; x_wconf 75' lang='lat' dir='ltr'>VII.</span> <span class='ocrx_word' id='word_1_771' title='bbox 1548 2465 1611 2489; x_wconf 87' lang='lat'>379.</span> <span class='ocrx_word' id='word_1_772' title='bbox 1623 2473 1648 2491; x_wconf 67' lang='lat' dir='ltr'>A.</span> 
     </span>
    </p>
   </div>
   <div class='ocr_carea' id='block_1_7' title="bbox 912 2508 1652 2629">
    <p class='ocr_par' dir='ltr' id='par_1_20' title="bbox 912 2508 1652 2629">
     <span class='ocr_line' id='line_1_109' title="bbox 950 2508 1646 2552; baseline -0.009 -10"><span class='ocrx_word' id='word_1_773' title='bbox 950 2515 1060 2552; x_wconf 86' lang='lat' dir='ltr'>Moyses</span> <span class='ocrx_word' id='word_1_774' title='bbox 1074 2519 1186 2548; x_wconf 80' lang='lat' dir='ltr'>magnus</span> <span class='ocrx_word' id='word_1_775' title='bbox 1195 2508 1334 2547; x_wconf 80' lang='lat' dir='ltr'>propheta.</span> <span class='ocrx_word' id='word_1_776' title='bbox 1350 2515 1396 2537; x_wconf 86' lang='lat' dir='ltr'>IV.</span> <span class='ocrx_word' id='word_1_777' title='bbox 1412 2513 1457 2538; x_wconf 84' lang='grc'>30,</span> <span class='ocrx_word' id='word_1_778' title='bbox 1472 2519 1495 2535; x_wconf 77' lang='lat' dir='ltr'>n.</span> <span class='ocrx_word' id='word_1_779' title='bbox 1509 2508 1646 2537; x_wconf 78' lang='lat' dir='ltr'>Maximus</span> 
     </span>
     <span class='ocr_line' id='line_1_110' title="bbox 912 2552 1652 2598; baseline -0.007 -13"><span class='ocrx_word' id='word_1_780' title='bbox 912 2557 1115 2598; x_wconf 85' lang='lat' dir='ltr'>prophetarum.</span> <span class='ocrx_word' id='word_1_781' title='bbox 1126 2562 1146 2582; x_wconf 93' lang='grc'>1.</span> <span class='ocrx_word' id='word_1_782' title='bbox 1158 2557 1222 2582; x_wconf 85' lang='lat'>293.</span> <span class='ocrx_word' id='word_1_783' title='bbox 1236 2563 1262 2580; x_wconf 84' lang='lat' dir='ltr'>n.</span> <span class='ocrx_word' id='word_1_784' title='bbox 1275 2553 1383 2592; x_wconf 77' lang='lat' dir='ltr'>Moyses</span> <span class='ocrx_word' id='word_1_785' title='bbox 1395 2559 1421 2581; x_wconf 81' lang='lat' dir='ltr'>et</span> <span class='ocrx_word' id='word_1_786' title='bbox 1433 2552 1524 2581; x_wconf 88' lang='lat' dir='ltr'>Helias</span> <span class='ocrx_word' id='word_1_787' title='bbox 1538 2553 1652 2592; x_wconf 79' lang='lat' dir='ltr'>proplie-</span> 
     </span>
     <span class='ocr_line' id='line_1_111' title="bbox 914 2597 1650 2629; baseline -0.007 0"><span class='ocrx_word' id='word_1_788' title='bbox 914 2609 1000 2629; x_wconf 77' lang='lat' dir='ltr'>tarum</span> <span class='ocrx_word' id='word_1_789' title='bbox 1017 2600 1043 2627; x_wconf 92' lang='lat' dir='ltr'>in</span> <span class='ocrx_word' id='word_1_790' title='bbox 1066 2597 1156 2626; x_wconf 77' lang='lat' dir='ltr'>Veteri</span> <span class='ocrx_word' id='word_1_791' title='bbox 1180 2597 1352 2624; x_wconf 78' lang='lat' dir='ltr'>Testamento</span> <span class='ocrx_word' id='word_1_792' title='bbox 1368 2602 1464 2624; x_wconf 68' lang='lat' dir='ltr'>turres.</span> <span class='ocrx_word' id='word_1_793' title='bbox 1485 2603 1516 2623; x_wconf 84' lang='lat' dir='ltr'>II.</span> <span class='ocrx_word' id='word_1_794' title='bbox 1543 2600 1606 2624; x_wconf 82' lang='lat'>365.</span> <span class='ocrx_word' id='word_1_795' title='bbox 1624 2608 1650 2627; x_wconf 73' lang='lat' dir='ltr'>n,</span> 
     </span>
    </p>
   </div>
   <div class='ocr_carea' id='block_1_8' title="bbox 1499 2652 1530 2679">
    <p class='ocr_par' dir='ltr' id='par_1_21' title="bbox 1499 2652 1530 2679">
     <span class='ocr_line' id='line_1_112' title="bbox 1499 2652 1530 2679; baseline 0.065 -2"><span class='ocrx_word' id='word_1_796' title='bbox 1499 2652 1530 2679; x_wconf 67' lang='lat' dir='ltr'>et</span> 
     </span>
    </p>
   </div>
  </div>
 </body>
</html>
