1884 2922
697 213 800 236 INDEX
827 214 954 238 REttL‘M.

62 284 152 302 aurea.
169 281 191 304 1.
207 278 234 302 2.
251 284 277 301 c.
294 273 408 312 Templo
422 273 537 302 Judaico
550 274 675 303 sanctior.
692 285 712 306 1.
730 280 756 303 2.
772 288 799 304 Α.

61 317 180 356 Spiritus
197 318 281 355 gratia
297 316 392 355 fulget.
411 324 431 346 Ι.
450 321 477 345 2.
495 329 521 345 Α.
538 317 734 347 Iuhabitantem
752 318 801 346 ha-

59 361 104 390 bet
114 361 220 390 Patrem
230 368 255 389 et
265 361 368 390 Filium
380 368 405 389 et
416 361 549 400 Spiritum
561 367 799 393 sanctum.1.·2..2.

59 406 164 433 Animae
177 406 311 444 justorum
328 405 354 434 in
377 406 460 434 aelalls
472 406 536 434 flore
548 413 609 434 sunt
624 417 737 446 semper.
753 414 799 436 IX.

61 454 126 478 578.
140 459 167 478 E.
181 450 278 477 Anima
290 450 358 489 justi
373 461 453 488 quam
466 450 572 479 disserat
589 450 624 478 ab
639 451 728 479 anima
742 461 802 489 pec-

60 494 168 522 catoris,
186 501 234 524 IX.
247 499 293 523 62.
312 505 340 522 Ε.
353 506 379 522 Α.
396 494 500 523 Animae
517 501 670 523 sanctorum
689 495 801 523 fratrum

62 548 172 567 suorum
196 549 284 566 amore
309 545 451 574 tenentur,
477 545 502 566 et
523 538 558 566 de
588 538 642 566 illis
669 538 798 569 sollicitae,

65 590 110 612 Vl.
128 589 193 612 332.
210 595 236 614 u.
254 585 284 612 In
310 591 451 623 conspectu
473 583 520 613 Dei
545 595 674 623 apparere
696 583 801 613 deside-

63 634 131 656 rant.
144 635 176 657 V.
190 632 254 656 600.
266 640 292 656 Α.

104 672 202 700 Anima
226 682 294 711 opus
311 672 391 701 habet
406 672 538 711 spirituali
564 672 633 701 cibo.
652 679 696 701 1v.
715 677 760 701 36.
779 684 802 701 Β.

64 715 232 743 Alimentum
242 715 337 744 animae
351 715 483 752 doctrina,
493 716 802 755 pliilosophia.V.32G.c.

64 759 161 787 Anima
171 759 252 788 alitur
262 770 381 788 sermone
395 766 420 788 et
434 759 565 788 doctrina.
580 767 622 788 VI.
638 760 803 788 140.A.Ani-

65 814 114 831 ma:
123 803 175 832 cibi
189 814 236 843 per
243 804 349 832 divinos
361 803 692 842 sermones,propheticOS,
702 810 804 842 aposto·

63 847 130 876 lieos
141 870 148 882 ‚
160 848 335 886 evangelicos.
349 854 417 876 VIII.
430 852 491 876 125.
507 859 530 876 Β.
543 847 643 875 Animae
659 847 711 875 cibi
726 846 804 886 spiri-

64 891 148 919 tuales
163 902 308 930 numquam
326 898 499 920 marcescunt.
515 898 560 919 tv.
575 896 637 919 226.
654 902 681 919 D.
698 902 726 919 E.
742 891 806 919 Ani-

63 944 107 962 ma
131 945 189 972 quae
212 935 261 963 Dei
277 934 359 963 verbo
380 934 462 962 alitur
485 941 509 962 et
530 934 708 974 eleemosyna,
732 934 804 962 omni

65 978 187 1017 superior
211 985 249 1007 est
275 978 367 1006 morbo
396 985 421 1005 et
442 978 522 1007 fame.
548 985 594 1006 IX.
621 983 684 1008 221.
711 989 739 1008 c.
772 989 802 1008 n.

64 1022 163 1050 Anima
186 1033 246 1060 quae
269 1022 370 1061 appetit
398 1021 521 1050 divinam
548 1022 708 1058 doctrinam,
727 1032 800 1050 sana.

66 1072 111 1094 Vt.
132 1070 194 1096 122.
212 1077 235 1095 n.
252 1067 350 1095 Anima
363 1076 378 1094 a
393 1066 526 1105 corporeis
540 1065 575 1094 ad
590 1066 703 1095 caelestia
719 1066 805 1095 dedu·

65 1110 159 1138 conda.
178 1117 208 1139 V.
223 1116 286 1139 177.
303 1134 308 1138 .
322 1123 348 1140 Α.
361 1122 384 1139 Β.

106 1155 203 1183 Anima
222 1154 327 1184 addicta
342 1154 507 1183 meditationi
528 1165 617 1182 rerum
638 1154 802 1190 divinarum,

67 1198 246 1237 pbilosophiae
260 1199 346 1237 magis
359 1205 432 1237 apta.
448 1205 506 1226 VII.
526 1203 571 1226 33.
584 1203 660 1228 1³34.
670 1209 696 1227 c.
707 1199 805 1227 Anima

66 1242 245 1281 philosophiae
261 1252 328 1270 vcrae
340 1241 429 1270 dedita
443 1241 555 1271 firmior.
565 1247 681 1272 1Χ.240.
695 1255 722 1271 Α.
736 1242 806 1270 Ani-

67 1296 138 1314 mam
165 1296 235 1315 verae
249 1285 428 1325 philosophice
455 1285 588 1313 addictam
614 1286 683 1314 nihil
710 1286 807 1314 laedere

67 1336 160 1368 potest.
177 1337 224 1358 XI.
244 1334 309 1358 223.
325 1340 354 1358 D.
371 1330 467 1357 Anima
483 1339 540 1366 quae
556 1328 588 1357 ad
605 1329 806 1369 Scripturarum

66 1374 166 1402 sontem
181 1373 264 1409 sedet,
278 1373 390 1403 invicta.
411 1380 456 1401 111.
477 1378 523 1401 88.
543 1384 568 1401 n.
586 1374 683 1402 Anima
703 1374 806 1403 fervida

66 1424 92 1445 et
106 1418 221 1456 vigilans
237 1417 310 1446 nullo
325 1416 514 1456 impedimento
529 1427 544 1444 a
559 1417 666 1446 virtutis
680 1418 806 1447 exercitio

67 1457 229 1491 removetur.
242 1469 287 1490 IV.
303 1466 367 1490 505.
381 1472 408 1489 D.
420 1461 521 1489 Animae
535 1460 661 1490 ferventis
673 1463 756 1490 oratio
769 1470 807 1491 est

67 1506 143 1534 velut
158 1506 227 1544 ignis
238 1505 371 1534 thuribuli
381 1505 495 1533 accensi.
513 1512 545 1533 V.
559 1509 624 1533 519.
638 1518 664 1534 Α.
680 1507 805 1535 Animam

67 1550 140 1588 piam
156 1550 224 1578 nihil
239 1550 397 1589 perturbare
411 1556 506 1589 potest.
525 1556 570 1580 XI.
585 1554 647 1578 340.
663 1561 690 1579 D.
709 1551 806 1579 Anima

68 1594 150 1622 armis
171 1594 289 1622 caritatis
307 1594 422 1631 munita,
442 1593 468 1621 in
492 1600 548 1622 tuto
570 1595 656 1632 posita
684 1601 732 1623 est.
761 1602 805 1624 XI.

69 1641 134 1666 567.
151 1649 177 1668 e.

108 1682 213 1710 Animae
227 1682 336 1710 libertas
362 1689 491 1720 quantum
516 1681 627 1711 honum.
656 1690 714 1711 VII.
739 1687 804 1713 665.

68 1726 171 1754 Animae
183 1726 267 1755 vitam
287 1733 444 1765 praesentem
469 1725 640 1764 despicientis
658 1733 756 1764 quanta
770 1726 806 1754 li-

66 1769 165 1799 bertas.
176 1777 223 1799 tx.
241 1775 286 1798 98.
305 1770 443 1799 E.Animae
458 1770 607 1799 libertatem
622 1770 688 1798 nihil
703 1771 740 1798 ita
752 1770 805 1799 tol-

67 1814 99 1842 lit
125 1820 153 1841 ut
173 1813 320 1852 implicatio
347 1814 374 1842 in
397 1814 571 1842 saecularibus
596 1814 718 1852 negotiis.
747 1822 802 1843 VII.

68 1862 131 1885 665.
150 1868 177 1885 D.
195 1858 292 1886 Anima
305 1868 318 1885 a
332 1858 442 1896 negotiis
463 1869 562 1887 vacans
577 1858 604 1886 in
619 1865 697 1896 portu
720 1857 803 1888 sedet.

69 1908 139 1930 VIII.
151 1906 214 1930 ⁷419.
225 1913 251 1930 c.
267 1902 365 1930 Anima
380 1902 415 1930 ad
429 1902 531 1930 nullam
548 1912 635 1930 rerum
648 1901 728 1940 hujus
743 1901 804 1930 vitae

67 1946 189 1984 aspirans
213 1945 279 1974 levis
306 1953 331 1974 et
347 1945 472 1985 expedita
499 1946 625 1974 efficitur.
650 1953 682 1974 V.
707 1951 750 1974 17-
777 1956 802 1974 e.

68 1990 166 2018 Anima
177 1989 300 2018 sublimis
314 2000 365 2018 non
377 1989 534 2025 misericors,
547 1996 572 2017 et
586 1989 734 2018 misericors
748 1990 805 2018 ani—

68 2045 111 2062 ma
132 2044 183 2062 non
197 2034 320 2062 sublimis
335 2044 389 2062 esse
402 2040 496 2073 potest.
512 2041 558 2062 IX.
584 2038 647 2062 196.
665 2045 687 2061 n.
701 2035 804 2062 Anima‘

67 2078 146 2106 utilia
156 2085 217 2106 sunt
231 2088 291 2116 quse
302 2078 328 2106 in
345 2078 506 2106 testamentis
518 2077 681 2117 pauperibus
696 2088 806 2116 erogan-

67 2128 121 2150 tur.
141 2129 187 2150 IX.
198 2126 264 2150 708.
278 2132 304 2148 c.
319 2132 345 2150 D.

108 2165 205 2193 Anima
220 2165 323 2204 patiens
344 2175 411 2202 quac.
429 2172 462 2196 X.
482 2169 545 2194 349.
564 2176 588 2193 c..
604 2165 707 2194 Animae
723 2165 806 2194 Chri-

68 2208 160 2236 stianoe
190 2209 258 2236 nihit
283 2219 357 2247 aeque
393 2209 509 2237 alienum
537 2220 567 2237 ac
592 2209 727 2248 superbia.
759 2216 803 2238 XI.

68 2257 132 2281 266.
146 2263 172 2280 c.
186 2252 290 2280 Animae
302 2252 427 2291 angelicae
442 2260 482 2281 est
494 2253 619 2281 honorem
633 2260 807 2281 contemnere.

67 2303 115 2325 XI.
131 2300 195 2324 802.
209 2307 239 2324 E.
252 2295 356 2324 Animae
377 2296 514 2334 vigilantis
526 2304 564 2325 est
579 2298 726 2325 accinctum
740 2307 804 2325 esse.

68 2347 115 2368 XI.
136 2344 247 2368 2‹›3.e13.
264 2339 369 2367 Animae
384 2340 460 2367 fortis
475 2347 512 2368 est
529 2340 596 2368 nihil
612 2341 696 2369 sarcre
710 2347 739 2368 ut
757 2340 809 2368 ho-

66 2383 187 2411 minibus
208 2383 319 2422 placcat.
337 2390 380 2412 IV.
400 2388 464 2412 241».
481 2384 578 2411 Anima
594 2384 620 2411 in
642 2384 808 2422 passionibus

67 2437 189 2465 regnans,
208 2427 363 2466 Imperatori
383 2428 559 2466 proestantior.
577 2435 620 2455 III.
646 2432 708 2456 195.
728 2438 754 2457 c,
777 2438 806 2455 D.

70 2471 175 2500 Animae
197 2478 348 2499 sanctorum
373 2471 529 2509 priusquam
545 2470 578 2498 ad
595 2478 731 2509 peccatum
751 2481 808 2509 pcr-

70 2514 180 2543 veniant
195 2515 369 2543 refrenantur.
386 2521 429 2544 tv.
454 2519 518 2543 876.
536 2515 632 2542 Anima
657 2514 809 2543 adolescen-

71 2559 140 2586 tium
152 2559 248 2586 dumus
264 2558 312 2586 Dei
332 2568 387 2586 csse
401 2557 489 2593 debet;
503 2558 614 2596 proinde
628 2570 641 2586 a
655 2558 809 2597 parentibus

74 2602 168 2632 multis
186 2602 262 2632 debet
287 2603 370 2632 foveri
397 2602 478 2632 curis.
504 2610 548 2631 tv.
575 2607 639 2632 842,
656 2613 683 2632 n.
712 2602 807 2632 Anima

1536 219 1601 253 ¹79

855 276 974 305 filiorum
1000 288 1014 305 a
1040 276 1197 316 parentibus
1224 277 1358 315 neglecta,
1379 277 1469 306 multis
1486 279 1599 308 miseriis

855 319 969 358 objecta.
986 325 1126 349 x·11..(·›79.
1154 331 1183 350 A.
1208 332 1231 349 Β.
1248 321 1406 349 Animarum
1423 328 1543 360 pastores
1558 334 1600 351 nc-

855 363 985 402 gligentes
1013 364 1192 403 increpantur.
1216 371 1262 393 IV.
1284 369 1348 393 646.
1364 376 1391 394 E.
1417 366 1522 394 Auimae
1539 367 1600 396 vul-

856 418 906 436 nus
932 408 1036 436 nultum
1051 409 1198 437 insanabile
1212 414 1261 436 est.
1277 415 1321 437 IX.
1334 413 1399 437 212.
1412 420 1439 437 c.
1453 409 1505 437 Pro
1519 410 1599 438 unius

856 452 953 480 animae
965 452 1050 480 salute
1065 453 1153 481 omnia
1175 452 1295 481 facienda
1317 460 1387 482 sunt.
1413 460 1460 482 IX.
1485 458 1550 482 373.
1570 466 1598 486 A.

856 496 954 524 Anima
966 507 1046 535 supra
1059 503 1159 535 petram
1171 507 1215 524 seu
1227 495 1376 524 doctrinam
1389 496 1489 525 Christi
1502 497 1598 526 sutula-

856 545 882 567 ta
895 539 961 567 nulli
977 540 1012 568 rei
1029 540 1108 568 cedit.
1127 547 1184 568 VII.
1200 544 1263 569 342.
1277 550 1303 567 c.
1318 539 1416 568 Anima
1426 547 1512 568 tenera
1528 548 1600 570 estet

856 582 890 610 ad
916 583 1071 621 tingendum
1089 583 1183 615 facilis,
1199 583 1282 611 donec
1297 593 1310 610 a
1323 591 1431 622 peccato
1448 584 1599 613 indurescat

856 633 881 654 et
896 626 1050 665 lapidescat.
1066 634 1097 655 V.
1114 631 1177 655 421.
1193 638 1216 655 B.
1235 627 1333 655 Anima
1351 628 1432 656 semel
1447 628 1552 667 captiva
1575 635 1600 657 et

857 669 975 708 subjecta
992 677 1097 708 peccato
1113 670 1212 698 monita
1229 681 1281 698 non
1303 670 1388 699 audit.
1409 678 1454 700 IV.
1484 677 1545 700 190.
1569 684 1596 701 D.

857 713 954 741 Anima
969 713 1083 741 tristitias·
1098 713 1168 742 nube
1183 714 1278 742 obruta
1288 736 1296 749 ,
1312 715 1428 744 studiose
1443 726 1494 743 non
1510 715 1595 744 audit.

858 764 889 785 II.
906 761 952 785 55.
967 768 993 785 E.

897 800 999 828 Animae
1015 800 1117 829 bellum
1137 801 1245 840 pariunt
1266 800 1351 829 libido
1374 801 1552 841 intemperans
1571 811 1598 832 et

858 844 1031 882 cogitationes
1047 845 1162 873 nefariae.
1182 851 1213 873 V.
1237 849 1283 874 30.
1304 855 1329 873 e.
1355 845 1458 873 Animae
1475 846 1601 875 inimicus

857 889 1021 927 perniciosus
1032 896 1069 917 cst
1079 889 1184 918 vitium.
1199 893 1306 919 [138.
1321 899 1345 916 n.
1364 890 1459 917 Anima
1472 890 1601 918 damnum

857 932 953 971 accipit
974 943 1006 961 ex
1023 932 1155 961 malorum
1171 933 1355 971 congressione
1369 941 1392 961 et
1416 934 1600 972 improborum

858 975 998 1005 bominum
1022 976 1223 1006 consuetudine.
1252 983 1284 1004 V.
1304 980 1348 1004 32.
1370 987 1394 1005 Β.
1410 977 1513 1005 Animas
1536 979 1601 1006 vitia

858 1028 917 1048 sunt
940 1021 1001 1049 ferae
1026 1021 1160 1059 quaedam.
1186 1028 1204 1049 1.
1227 1025 1292 1049 ι472.
1319 1031 1345 1048 D.
1360 1021 1465 1049 Animae
1491 1022 1600 1051 vulnera

859 1064 989 1094 inducunt
1004 1071 1117 1093 mortem
1148 1072 1167 1093 I.
1187 1069 1231 1095 29.
1253 1064 1396 1093 c.Aniu1ae
1412 1066 1521 1094 morbus
1544 1078 1599 1105 [cc-

860 1115 960 1136 catum.
984 1116 1030 1138 lII.
1059 1113 1102 1137 54.
1128 1119 1153 1136 E.
1181 1109 1278 1136 Anima
1304 1107 1409 1136 deliciis
1431 1109 1548 1139 lavdiuir.
1580 1119 1599 1139 I.

860 1157 924 1181 398.
940 1164 962 1180 n.
979 1153 1076 1181 Anima
1091 1164 1151 1191 quae
1167 1152 1303 1181 scccularia
1320 1163 1371 1180 nou
1384 1153 1508 1192 despicit,
1527 1155 1603 1183 (wle-

859 1197 908 1224 stia
922 1207 975 1225 non
991 1197 1115 1225 miratur.
1132 1204 1152 1225 l.
1170 1201 1230 1224 176.
1247 1207 1273 1224 L.
1289 1196 1385 1224 Anima
1402 1197 1428 1224 in
1444 1198 1497 1226 otio
1514 1209 1543 1225 ac
1558 1198 1602 1226 dc-

859 1241 929 1269 liciis
950 1239 983 1268 ad
1014 1247 1119 1279 peccata
1144 1239 1272 1278 proclivis
1293 1247 1340 1268 cst.
1366 1247 1412 1269 IX.
1440 1246 1502 1269 361.
1527 1253 1550 1270 n.
1570 1244 1602 1272 In

860 1284 985 1313 aerunmis
1005 1294 1088 1312 secus.
1103 1285 1148 1312 ΙΙ).
1170 1284 1273 1311 Animae
1302 1283 1407 1312 deliciis
1429 1284 1541 1323 deditas,
1567 1286 1602 1314 ad

859 1329 962 1357 labores
992 1339 1040 1367 pro
1066 1327 1193 1366 religione
1225 1327 1378 1356 subeundos
1410 1329 1525 1357 inutiles.
1553 1338 1599 1358 III.

862 1378 923 1401 178.
941 1383 969 1402 D.
985 1372 1081 1400 Anima
1096 1372 1122 1400 in
1139 1372 1276 1410 voluptate
1294 1372 1419 1407 mollior,
1432 1373 1457 1400 in
1472 1373 1545 1401 luctu
1559 1385 1602 1402 sa-

860 1416 909 1455 pit.
935 1423 990 1445 vn.
1013 1421 1076 1446 500.
1095 1427 1118 1443 Β.
1134 1415 1231 1443 Anima
1246 1415 1347 1444 doloris
1363 1426 1457 1454 expers
1479 1418 1601 1456 exposita

860 1468 898 1489 est
920 1459 1065 1488 innumeris
1087 1459 1288 1488 tentationibus.
1313 1466 1345 1487 V.
1363 1464 1407 1488 56.
1422 1471 1450 1488 Α.
1475 1462 1600 1490 Animam

861 1503 1113 1534 excmeantdeliciae..
1126 1511 1158 1532 X.
1174 1508 1236 1532 437.
1250 1514 1272 1531 n.
1284 1503 1392 1538 Anima,
1404 1515 1462 1542 qua]
1474 1505 1600 1534 bonorem

861 1556 884 1577 et
901 1548 1012 1587 gloriam
1026 1547 1132 1586 quaerit,
1145 1558 1197 1576 non
1216 1547 1319 1576 videbit
1337 1558 1446 1586 regnum
1465 1549 1599 1578 caelorum.

862 1601 908 1622 XI.
924 1598 986 1621 804.
1006 1603 1030 1621 Β.
1047 1592 1171 1620 Animam
1187 1598 1292 1630 turpem
1306 1592 1407 1620 faciunt
1421 1592 1536 1622 diritizc.
1554 1601 1600 1622 XI.

862 1642 923 1666 434.
938 1648 962 1664 B.
977 1636 1073 1664 Anima
1087 1643 1149 1664 tunc
1164 1646 1267 1674 pauper
1281 1642 1319 1663 est
1333 1646 1394 1663 eum
1415 1635 1524 1665 divitias
1537 1648 1601 1676 pos-

860 1681 939 1717 sidet,
952 1688 1015 1709 tunc
1029 1679 1105 1708 dives
1117 1690 1178 1707 cum
1188 1679 1262 1717 inops
1277 1685 1325 1707 est.
1342 1686 1398 1707 VII.
1413 1684 1477 1708 872.
1496 1691 1518 1707 n.
1533 1681 1602 1709 Ani-

861 1736 910 1753 mae
922 1731 1031 1753 ornatus
1043 1734 1094 1752 non
1111 1723 1136 1751 in
1148 1723 1269 1759 divitii53
1284 1733 1362 1761 penes
1376 1723 1484 1751 virtutis
1499 1724 1601 1752 studio-

861 1779 903 1797 sos
921 1774 1024 1796 tantum
1039 1767 1163 1795 habetur.
1182 1773 1250 1794 VIII.
1276 1770 1335 1794 182.
1352 1777 1378 1795 A.
1394 1767 1498 1794 Anima)
1514 1767 1601 1795 sclici—

862 1819 901 1841 tas
917 1813 941 1841 in
962 1812 1036 1845 ezelo,
1054 1822 1105 1840 non
1127 1811 1233 1839 interra
1257 1817 1295 1838 cst
1325 1817 1382 1838 XII.
1401 1815 1445 1839 99.
1462 1822 1490 1841 D.
1505 1812 1601 1840 Anima

860 1868 911 1885 uua
940 1867 991 1885 nou
1016 1863 1101 1895 potest
1126 1855 1219 1883 multis
1246 1854 1370 1882 sufficere
1397 1854 1600 1892 cupiditatibus.

861 1908 931 1930 VIII.
948 1905 992 1930 16.
1012 1912 1036 1929 Β.
1053 1900 1149 1928 Anima
1165 1910 1224 1936 quae
1246 1897 1367 1926 doctrina
1390 1898 1523 1936 spirituali
1548 1909 1600 1927 non

859 1945 1002 1980 imbuitur,
1015 1943 1061 1972 sed
1086 1942 1281 1982 cupiditatibus
1309 1941 1549 1980 intlulget,spinas
1576 1950 1601 1971 et

860 1989 973 2018 tribulos
986 1987 1118 2027 producit.
1132 1994 1176 2015 III.
1198 1991 1258 2014 157.
1277 1996 1304 2013 D.
1322 1996 1347 2013 c.
1361 1986 1464 2013 Animae
1487 1986 1601 2014 ebrietas

859 2040 897 2062 est
918 2043 995 2061 omne
1016 2032 1122 2060 vitium.
1143 2038 1187 2059 XI.
1214 2035 1276 2058 157.
1298 2040 1326 2059 L
1341 2029 1438 2056 Anima
1456 2040 1600 2068 pravarum

860 2077 1051 2115 cogitationum
1071 2075 1228 2103 confusione
1251 2073 1424 2112 perturbata,
1449 2074 1523 2102 aliud
1553 2085 1600 2113 pro

860 2122 912 2149 alio
927 2120 1009 2149 videt.
1026 2127 1058 2148 X.
1076 2123 1140 2147 792.
1159 2129 1182 2146 Β.
1198 2117 1301 2146 Animae
1315 2116 1402 2144 morbi
1424 2117 1524 2146 morbis
1540 2128 1601 2146 eor-

860 2165 932 2204 poris
946 2165 1057 2203 pejores.
1074 2169 1132 2191 XII.
1150 2166 1215 2189 219.
1231 2172 1260 2188 c.

902 2209 1003 2236 Animae
1025 2217 1095 2234 mors
1117 2212 1153 2234 cst
1170 2203 1274 2243 punitio
1295 2202 1405 2242 peccati.
1432 2210 1463 2231 V.
1489 2208 1551 2232 261.
1575 2215 1600 2233 c.

862 2253 964 2280 Animae
981 2250 1035 2279 vita
1056 2260 1115 2287 qua?
1135 2249 1178 2277 sit.
1202 2255 1232 2277 Χ.
1255 2252 1317 2276 557.
1334 2259 1360 2276 Δ.
1384 2246 1480 2275 Anima
1497 2255 1599 2276 mortua

861 2303 899 2324 cst
913 2306 971 2332 quae
980 2294 1067 2322 carnis
1077 2303 1155 2331 opera
1173 2291 1245 2320 facit.
1263 2298 1295 2319 X.
1315 2295 1379 2319 558.
1397 2301 1423 2318 D.
1441 2291 1538 2319 Anima
1551 2291 1599 2319 im-

861 2339 1024 2372 misericors,
1039 2343 1142 2364 mortua
1166 2345 1271 2373 quoque
1297 2333 1406 2362 dicitur.
1424 2336 1467 2362 Ib.
1485 2335 1515 2362 lu
1542 2335 1602 2362 aui--

862 2394 903 2410 ma
929 2382 999 2410 enim
1023 2379 1226 2409 immisericordi
1251 2388 1302 2407 non
1328 2385 1416 2406 manet
1443 2380 1523 2406 Deus.
1553 2386 1598 2407 XI.

863 2431 925 2457 582.
944 2438 969 2454 Α.
984 2425 1087 2454 Animae
1103 2434 1173 2452 mors
1195 2429 1234 2451 est
1254 2422 1389 2451 horrenda
1413 2429 1437 2450 et
1461 2422 1601 2450 torribilis.

864 2479 908 2500 XI.
930 2475 990 2498 149.
1005 2481 1029 2498 B.
1044 2469 1147 2497 Anima:
1166 2467 1240 2506 lapsa
1256 2477 1334 2505 quam
1351 2465 1474 2504 lugenda.
1495 2474 1512 2494 I.
1532 2472 1555 2494 1.
1574 2477 1601 2494 Β.

863 2515 939 2543 lllius
960 2513 1105 2541 calamitas.
1123 2519 1143 2543 I.
1161 2516 1188 2540 2.
1206 2523 1229 2539 Α.
1250 2511 1354 2540 Animae
1369 2521 1440 2538 mors
1463 2520 1542 2548 quam
1558 2510 1603 2538 lu—

863 2558 948 2597 genda
972 2557 1118 2585 calamitas.
1139 2563 1159 2584 I.
1178 2560 1203 2585 sn.
1220 2565 1249 2583 D.
1269 2565 1296 2583 E.
1314 2554 1411 2582 Anima
1434 2553 1538 2591 perdita
1552 2564 1602 2582 non

870 2608 952 2640 potest
968 2599 1129 2638 recuperari.
1144 2606 1202 2627 VII.
1217 2602 1280 2628 629.
1293 2609 1319 2626 n.
1337 2597 1440 2626 Anima:
1455 2597 1519 2625 Lusa*
1537 2598 1604 2625 nibil
