1884 2922
247 163 315 204 564

277 235 422 264 Promissio
433 246 447 264 a
463 238 519 264 Deo
532 236 599 264 facta
618 236 777 274 patriarcha‘
797 237 896 273 Jacob,
916 248 976 266 cum

236 280 339 316 sugeret
353 290 367 308 a
383 279 449 307 facie
464 280 547 313 Esa'uy
565 279 712 307 evolvitur.
734 286 776 307 tv.
793 284 857 307 (368.
872 291 897 310 n,
913 291 976 320 sqq.

278 324 469 351 Promissiones
488 324 542 350 Deo
558 323 633 349 factm
651 322 792 351 reddenda¹
814 330 875 351 sunt
891 335 979 362 quan-

239 367 333 395 tocius.
354 374 385 394 Y.
404 371 467 394 539.
486 377 512 394 Δ.

278 413 411 437 anrorr
425 419 487 445 ager
496 409 522 436 in
534 419 587 446 quo
599 409 729 447 degebant
738 411 977 449 monachiGotthi‚

239 453 271 480 ad
287 464 353 490 quos
368 452 460 480 scribit
478 452 698 491 Chrysostomus.
720 461 762 483 111.
782 459 845 483 863.
866 466 893 484 n.
914 456 979 493 quid

239 496 326 524 fuerit.
344 497 378 524 Γ.
393 502 490 524 notam
505 498 544 524 il1.

281 541 407 568 Prummu
424 546 449 567 et
462 540 602 569 Pronubae.
622 547 653 569 V.
666 546 729 569 620.
747 553 773 570 D.

279 583 426 611 Pnoomno
441 582 544 621 indiget
556 584 641 612 oratio
657 591 686 612 ut
700 595 796 623 corpus
810 585 906 624 capite.
932 593 977 614 111.

242 632 301 655 145.
316 637 344 655 A.
360 626 490 654 Prooemia
502 637 549 655 cur
563 628 716 655 necessaria.
733 629 776 656 lb.
790 633 853 659 144.
870 634 931 657 145.

277 673 428 700 Pnornnm
442 679 480 701 est
496 672 624 712 interpres
641 672 701 703 Dei.
724 681 757 702 Χ.
777 679 839 702 394.
864 685 887 703 n.
912 675 979 703 Pro-

238 716 328 755 pheta,
336 716 484 756 προφήτης,
493 723 517 745 et
527 723 611 749 vates.
622 717 782 754 univ-:temon
794 717 864 746 idem
872 729 980 757 prorsus

237 766 310 787 sunt.
328 766 360 789 V.
384 764 447 788 192.
471 770 495 788 c.
521 760 661 798 Prophetae
677 782 684 795 ‚
710 760 856 799 inspirante
876 762 979 800 Spiritu

237 810 338 838 sancto,
352 803 504 841 intelligunt
518 814 576 841 quae
588 803 743 842 loquuntur.
762 806 804 833 ΙΙ).
819 805 887 844 Ipsis
902 805 979 833 datus

237 847 289 874 fuit
301 846 419 885 Spiritus
433 854 551 875 sanctus.
566 854 635 878 V111.
655 852 719 875 345.
737 859 764 876 n.
779 849 822 876 Ex
842 849 897 887 ejus
917 859 979 888 ope-

237 890 339 919 ratione
352 890 508 928 loquuntur.
524 897 543 918 1.
562 895 626 919 569.
650 901 676 919 c.
693 891 774 927 Quod
788 903 802 918 a
818 893 875 920 Deo
889 892 979 920 audie-

236 934 310 969 bant,
320 934 377 973 ipso
386 945 476 963 rerum
485 941 626 974 conspectu
638 935 705 963 nihil
716 935 802 964 minus
811 936 978 965 certitudinis

236 978 409 1006 habebat-VI.
426 983 451 1006 3.
471 989 494 1006 Β,
513 979 636 1017 Ipsorum
648 978 718 1007 dicta
728 990 742 1006 a
756 980 812 1007 Deo
824 980 976 1018 prodibant.

236 1026 343 1050 v1.3.n.
354 1026 378 1050 4.
387 1032 410 1050 c.
422 1026 560 1050 n.V1[.86.
570 1034 592 1050 n.
611 1022 751 1061 Prophetis
763 1022 828 1050 fides
841 1023 972 1057 habenda,

235 1075 325 1103 quare.
336 1072 368 1093 v.
378 1070 422 1093 29.
439 1076 465 1093 n.
478 1076 505 1095 E.
519 1065 659 1104 Prophetae
670 1076 718 1093 cur
729 1066 860 1094 mis-LVI.
874 1071 936 1094 178.
949 1077 976 1095 A.

274 1108 413 1147 Prophetae
428 1110 517 1137 sutura
532 1110 606 1146 quasi
619 1111 676 1147 jam
686 1110 816 1148 praeterim
828 1109 977 1146 enuntiant,

236 1154 271 1181 ita
285 1152 470 1181 certitudinem
485 1159 598 1181 eventus
613 1160 765 1181 asserentes.
784 1160 803 1181 1.
819 1157 914 1181 62211.
931 1160 976 1181 111.

235 1202 280 1227 21,
297 1207 322 1226 B.
337 1207 362 1224 c.
378 1207 439 1236 sqq.
457 1204 527 1225 VIII.
543 1202 589 1225 87.
604 1208 628 1226 Α,
643 1208 667 1224 B.
684 1196 764 1235 idque
777 1197 907 1235 quiajam
920 1204 979 1225 ante

234 1240 326 1269 oculos
341 1251 436 1268 eorum
451 1240 551 1279 positus
567 1248 614 1269 est.
641 1248 685 1269 lv.
709 1246 754 1269 91.
779 1241 979 1269 consueverunt

233 1294 379 1312 sermonem
401 1284 561 1322 quandoque
575 1284 780 1324 interrumpere,
799 1284 917 1322 aliquam
931 1285 978 1313 hi—

235 1328 344 1356 storiam
360 1327 625 1366 injicientes.v.295.
638 1339 667 1356 n.
678 1328 755 1367 Saepe
766 1328 913 1366 loquuntur
925 1339 977 1357 non

234 1379 361 1408 tanquam
378 1382 450 1406 suos,
471 1371 517 1400 sed
532 1372 647 1400 aliorum
667 1373 778 1400 affectus
797 1372 974 1403 enuntiantes.

235 1423 268 1444 V.
283 1421 347 1444 487.
367 1426 392 1443 E.
411 1416 466 1444 Cur
480 1426 521 1444 res
539 1415 641 1445 Judaeis
656 1423 795 1445 eventuras
822 1426 872 1444 non
887 1423 977 1455 aperte

235 1460 396 1487 nuntiarent.
419 1466 462 1488 Vl.
482 1464 545 1488 203.
571 1472 595 1489 a,
621 1471 647 1488 Β.
672 1471 697 1489 c.
713 1461 845 1488 Velamen
865 1460 976 1498 ingratis

234 1503 385 1530 debuerunt
400 1512 542 1541 apponere.
562 1509 605 1530 vt.
621 1507 665 1532 23,
684 1514 709 1531 A.
726 1503 787 1531 Ideo
806 1502 839 1530 de
859 1503 974 1531 Ecclesia

237 1545 412 1574 vaticinantes
431 1555 526 1574 nomen
551 1545 650 1575 Judaeae
672 1553 697 1575 et
721 1546 868 1575 Jerusalem
892 1557 975 1575 usur-

234 1596 307 1628 pant.
320 1591 365 1619 ΙΙ).

275 1632 423 1671 Prophetiae
438 1633 540 1661 donum
554 1633 680 1662 decorum
695 1639 719 1661 et
732 1634 836 1670 nobile,
850 1636 928 1664 etiam
947 1635 974 1664 in

234 1677 431 1705 existimatione
445 1677 605 1707 infidelium.
620 1685 652 1706 Χ.
668 1682 730 1706 392.
747 1678 888 1718 Prophetae
909 1678 974 1708 olim

234 1721 402 1759 ungebantur
420 1727 446 1749 ut
461 1721 610 1750 sacerdotes
624 1728 649 1750 et
664 1732 748 1759 reges,
767 1729 798 1751 x.
816 1727 879 1751 522.
895 1733 919 1750 B.

274 1765 412 1804 Prophetze
429 1765 455 1793 in
468 1765 606 1794 laboribus
618 1788 624 1800 ,
647 1766 773 1794 aerumnis
789 1773 813 1794 et
834 1766 973 1795 doloribus

234 1815 317 1836 totam
332 1809 415 1837 vitam
430 1816 551 1848 egerunt.
581 1817 601 1839 1.
618 1814 682 1838 250.
708 1820 732 1837 c.
755 1821 820 1848 sqq.
844 1813 895 1839 Pro
909 1811 973 1840 alio-

232 1863 291 1880 rum
306 1853 424 1881 omnium
438 1853 515 1881 malis
524 1852 660 1881 dolebant.
676 1860 721 1881 lv.
737 1858 801 1882 329.
818 1865 844 1883 e.
862 1864 889 1882 D.
905 1865 968 1893 sqq.

233 1900 253 1924 A
267 1897 324 1924 Deo
346 1897 572 1932 confortabantur,
593 1904 618 1925 et
633 1897 731 1925 virtute
751 1897 868 1936 Spiritus
882 1899 971 1937 reple-

232 1941 339 1968 bantur.
357 1947 403 1970 Π.
419 1946 444 1969 4.
458 1951 484 1969 D.
499 1951 524 1969 E.
540 1940 682 1976 Quomodo
691 1941 854 1970 contribules
865 1953 927 1971 suos
936 1942 971 1970 ad

233 1991 344 2012 mortem
360 1995 442 2022 usque
458 1984 612 2013 dilexerint.
630 1992 674 2014 Vt.
692 1990 720 2014 2.
737 1996 763 2013 A.
777 1995 802 2014 B.
821 1996 843 2013 c.
863 1987 970 2024 Ingrata

231 2035 253 2055 ct
269 2028 363 2057 acerba
379 2039 430 2057 non
448 2029 609 2057 verebantur
623 2029 781 2057 annuntiare
794 2029 894 2069 populo
912 2041 969 2067 suo,

230 2073 296 2100 dum
317 2083 378 2100 eum
398 2073 509 2101 exitiose
522 2073 703 2102 demulcerent
717 2073 966 2113 pseudoprophetae.

234 2125 277 2145 vt.
291 2122 336 2146 69.
355 2124 400 2147 70,
414 2119 473 2147 Non
484 2119 536 2147 sola
550 2119 731 2158 praedicebant
741 2120 890 2158 mala,quae
902 2131 969 2159 pra}-

231 2161 391 2190 varieatores
401 2169 474 2190 erant
490 2162 605 2201 passuri,
617 2162 661 2190 sed
678 2163 776 2200 quibus
792 2163 867 2201 digni
881 2170 966 2201 erant,

231 2213 259 2233 ut
286 2212 376 2244 postea
398 2207 454 2234 Deo
477 2207 574 2245 gratias
598 2213 706 2245 agerent
736 2217 785 2245 pro
811 2207 968 2236 allevatione

231 2259 323 2286 pcenae.
353 2256 396 2277 Vl.
426 2256 470 2278 10.
499 2249 750 2289 Pseudoprophetas
773 2250 894 2279 inimicos
919 2251 967 2280 ha-

230 2292 357 2320 huerunt.
376 2300 409 2321 Y.
427 2298 472 2323 69.
491 2304 514 2322 e.

269 2336 407 2375 Propheta}
421 2347 502 2374 quam
517 2337 665 2376 magnificis
685 2337 810 2367 laudibus
828 2339 967 2377 perfectio-

230 2392 272 2409 nes
288 2380 393 2410 divinas
405 2383 545 2419 extollant,
559 2383 650 2420 quales
662 2384 779 2412 relucent
794 2385 820 2412 in
835 2385 966 2413 creatione

229 2425 332 2453 mundi.
346 2432 367 2453 l.
385 2430 447 2454 558.
459 2436 520 2464 sqq.
542 2427 595 2455 Sed
610 2434 634 2456 et
657 2428 796 2457 Christum
815 2435 963 2466 noverunt,

229 2469 374 2504 quomodo.
389 2476 457 2498 vlu.
472 2474 516 2498 56.
529 2480 555 2499 e.
570 2480 632 2509 sqq.
646 2470 747 2500 Christi
757 2472 901 2501 humanam
914 2483 963 2501 na-

230 2518 315 2539 turam
334 2513 450 2550 primuni
477 2514 662 2552 prophetantes
682 2516 828 2544 ascendunt
849 2516 884 2544 ad
908 2517 964 2555 ejus

232 2555 405 2584 ‹lixinitatein
423 2564 452 2585 Υ.
465 2562 527 2588 20⁴3.
545 2569 570 2586 n.
591 2564 651 2588 207.
666 2564 728 2589 208.
746 2560 868 2589 Sciebant
886 2560 963 2590 Chri-

885 177 988 200 INDEX
1017 176 1140 200 RERUM.

1033 245 1104 266 stum
1125 248 1181 266 esse
1204 238 1435 277 crucifigendum,
1465 247 1523 269 vll.
1552 244 1617 270 462.
1643 252 1668 270 A.
1696 250 1722 271 Β.
1749 249 1777 270 c.

1033 281 1223 310 Praedixerunt
1237 282 1295 320 ejus
1309 293 1427 311 crucem.
1445 290 1492 312 111.
1506 289 1551 313 21.
1563 295 1590 315 Β.

1074 325 1212 364 Prophetae
1231 326 1364 363 quomodo
1378 327 1505 356 differant
1525 328 1560 356 ab
1578 327 1771 367 Evangelistis.

1036 374 1066 395 V.
1084 373 1144 395 197.
1161 380 1184 396 B.
1199 368 1339 407 Prophetae
1350 369 1566 405 seminaverunt3
1582 372 1694 409 apostoli
1707 382 1774 400 mes·

1036 417 1157 439 suerunt.
1174 418 1242 440 Vltl.
1253 416 1315 441 227.
1325 423 1351 440 n.
1362 417 1425 441 228.
1436 414 1579 452 Prophetis
1590 415 1675 442 multo
1689 416 1777 454 major

1035 454 1146 485 Paulus.
1165 462 1224 485 xn.
1241 460 1268 485 7.
1291 457 1431 495 Prophetae
1447 457 1531 486 multo
1553 458 1644 495 plures
1658 465 1732 487 erant
1748 459 1776 487 in

1035 497 1153 525 Ecclesia
1168 498 1278 534 Christi,
1291 510 1372 537 quam
1387 500 1413 528 in
1428 501 1520 529 Vereri
1536 502 1717 530 Testamento.
1740 509 1774 531 x.

1035 545 1096 568 332.
1114 541 1233 578 Spiritus
1245 543 1330 580 gratia
1350 554 1410 581 quae
1426 543 1569 582 prophetas
1585 544 1776 582 inspiraverat,

1034 583 1150 612 desierat
1165 586 1190 612 in
1203 592 1281 620 terra,
1296 586 1405 623 quando
1421 586 1545 616 Christus
1557 587 1633 615 dedit
1645 587 1778 626 Spiritum

1034 634 1153 656 sanctum
1169 629 1312 666 apostolis;
1326 637 1351 658 et
1370 637 1432 658 ante
1447 630 1522 659 illam
1537 630 1607 659 diem
1623 631 1679 669 jam
1693 631 1778 660 rarior

1034 681 1089 699 esse
1103 679 1227 710 coeperat.
1243 679 1311 702 vm.
1336 677 1400 702 345.
1413 684 1442 701 D.
1461 674 1656 712 Prophetarum
1673 675 1778 703 subtra-

1033 715 1145 742 ctionem
1166 715 1295 744 dicebant
1309 717 1420 754 quidam
1436 717 1547 745 indicari
1563 717 1614 746 sub
1624 717 1711 756 figura
1727 729 1777 747 nu-

1033 757 1119 794 bium,
1136 759 1234 796 quibus
1247 760 1331 789 iratus
1348 761 1481 790 Dominus
1495 761 1637 790 mandabat
1649 772 1681 790 ne
1696 761 1777 801 plue-

1034 809 1103 832 rent.
1118 810 1162 832 Π.
1178 808 1222 831 03.
1234 815 1257 832 Β.
1270 806 1329 834 Jam
1340 805 1481 843 praeteritis
1490 805 1566 833 annis
1576 805 1778 843 quadringentis

1034 856 1049 872 a
1063 845 1226 876 desolatione
1239 848 1398 885 Jerusalem,
1411 848 1570 887 prophetam
1584 849 1670 878 ullum
1685 849 1776 879 Judaei

1033 890 1149 927 amplius
1164 901 1215 919 non
1230 891 1339 920 habent.
1353 899 1384 920 Υ.
1400 897 1444 921 98.
1460 903 1486 920 c.

1074 934 1226 972 Proplzetoe
1241 938 1360 964 virtutis
1379 943 1407 964 et
1429 938 1496 964 vitii
1510 940 1640 974 pictores.
1658 944 1692 969 v.
1708 942 1772 969 693.

1033 987 1058 1004 A.
1077 977 1149 1005 Cum
1161 980 1299 1017 apostolis
1313 983 1507 1008 consentiunt.
1522 987 1566 1010 VI.
1581 985 1646 1010 474.
1659 992 1687 1009 c.

1074 1020 1232 1050 Pnopnmr
1247 1029 1283 1050 est
1300 1033 1388 1050 rerum
1404 1023 1554 1051 suturarum
1569 1024 1710 1053 enarratio.
1726 1031 1772 1054 Vt.

1034 1068 1096 1092 127.
1115 1074 1138 1092 e.
1159 1065 1303 1103 prophetia
1319 1073 1357 1094 est
1372 1065 1459 1094 dicere
1474 1077 1487 1094 a
1502 1066 1606 1105 Spiritu
1621 1075 1710 1096 sancto
1721 1078 1773 1097 non

1032 1107 1121 1135 sutura
1131 1108 1328 1144 tantummodo,
1341 1109 1386 1137 sed
1399 1116 1423 1137 et
1434 1111 1640 1148 praesentia.X1.
1654 1111 1770 1141 655⁶.o.

1033 1150 1106 1184 Quin
1118 1158 1143 1179 et
1156 1153 1262 1190 Moyses
1273 1152 1401 1180 eximiam
1416 1152 1499 1181 edidit
1514 1155 1697 1193 prophetiam,
1707 1155 1772 1184 dum

1033 1194 1166 1232 praeterita
1178 1195 1329 1234 descripsit.
1342 1203 1386 1225 lv.
1400 1201 1442 1225 13.
1456 1208 1481 1226 Β.
1495 1198 1640 1237 Prophetia
1649 1198 1752 1238 duplex
1764 1213 1771 1235 ;

1032 1237 1082 1265 alia
1098 1239 1187 1266 verbis
1205 1246 1323 1275 constat,
1338 1240 1388 1268 alia
1402 1240 1507 1279 figuris.
1525 1249 1558 1270 Π.
1574 1247 1638 1271 381.
1655 1253 1683 1272 D.
1700 1245 1771 1273 Pro·

1032 1281 1131 1319 phetiis
1146 1281 1228 1310 iidem
1244 1283 1277 1311 ita
1296 1284 1455 1312 conciliabat
1470 1285 1552 1320 Deus,
1564 1292 1591 1314 ut
1607 1296 1700 1321 unam,
1718 1297 1769 1316 cu-

1027 1325 1072 1363 jus
1086 1327 1175 1354 exitus
1189 1333 1245 1355 erat
1261 1338 1355 1366 prope,
1371 1328 1431 1357 aliis
1449 1336 1615 1358 connecteret
1635 1337 1694 1368 post
1707 1330 1772 1360 Ion-

1031 1379 1095 1406 gum
1110 1376 1213 1408 tempus
1228 1371 1418 1409 adimplendis.
1437 1379 1482 1400 vl.
1501 1377 1548 1401 86.
1565 1373 1706 1412 Prophetia
1719 1385 1770 1404 non

1031 1413 1119 1441 minus
1130 1424 1210 1451 quarn
1221 1414 1296 1452 signa
1306 1421 1549 1446 movet.V111.129.
1562 1416 1645 1445 13.Hoe
1654 1418 1771 1447 maxime

1030 1456 1080 1484 Dei
1094 1467 1162 1495 opus
1176 1465 1225 1493 est,
1240 1459 1312 1496 quod
1327 1469 1378 1487 non
1395 1459 1496 1498 possint
1510 1459 1642 1489 daemones
1657 1461 1767 1496 imitari,

1029 1499 1132 1528 etiamsi
1146 1501 1264 1530 maxime
1273 1502 1441 1532 contendant.
1458 1505 1503 1532 Ib.
1519 1514 1547 1531 D.

1070 1544 1220 1583 Prophetiae
1235 1544 1336 1574 donum
1351 1545 1422 1575 dono
1432 1546 1586 1586 linguarum
1600 1556 1716 1588 praestat.
1731 1557 1765 1580 x⁴

1031 1591 1095 1615 375.
1114 1599 1140 1615 Δ,
1155 1598 1215 1629 sqq.
1231 1589 1381 1628 Prophetiae
1396 1597 1594 1629 postponuntur
1609 1593 1701 1630 gratiae
1717 1604 1768 1622 cu·

1028 1631 1171 1660 rationum.
1188 1640 1220 1662 x.
1240 1638 1304 1664 334.
1322 1644 1350 1662 A.
1375 1635 1441 1673 Ejus
1456 1641 1495 1663 est
1516 1646 1555 1664 res
1573 1643 1631 1664 tum
1645 1637 1766 1675 suturas,

1028 1681 1085 1703 tum
1098 1677 1244 1714 praeteritas
1256 1678 1369 1716 aperire,
1380 1684 1437 1706 tum
1449 1686 1600 1717 praesentes,
1614 1681 1731 1710 occultas
1741 1688 1767 1710 et

1027 1729 1122 1747 arcana
1137 1720 1273 1750 coelorum.
1294 1727 1339 1749 w.
1358 1725 1422 1750 372.
1441 1731 1466 1751 Β.
1485 1732 1511 1750 c.
1524 1733 1553 1750 n.

1066 1763 1216 1802 Prophetiae
1229 1775 1277 1792 cur
1294 1764 1452 1804 plerumque
1467 1765 1598 1797 obscurae.
1617 1774 1648 1797 v.
1663 1773 1726 1798 389.
1737 1780 1765 1798 A.

1028 1817 1050 1834 ιι.
1073 1807 1201 1845 Aliequin
1225 1808 1315 1837 Judaei
1344 1809 1496 1837 exacerbati
1518 1811 1662 1850 prophetas
1683 1813 1766 1842 inter-

1026 1850 1205 1880 fecissent.x·1.
1223 1856 1285 1881 197.
1299 1863 1323 1881 c.
1337 1858 1398 1881 198.
1411 1857 1474 1881 203.
1491 1864 1518 1881 A.
1535 1865 1559 1882 Β.
1574 1865 1636 1894 sqq.
1651 1857 1706 1885 Nec
1718 1857 1767 1885 de-

1025 1893 1139 1922 buerant
1153 1895 1241 1924 futura
1262 1895 1410 1934 intelligere
1422 1903 1482 1924 ante
1501 1904 1615 1936 teinpus.
1633 1906 1679 1929 vl.
1698 1904 1761 1929 204.

1025 1947 1052 1966 ε.
1070 1949 1094 1966 Α.
1111 1948 1175 1976 sqq.
1191 1940 1230 1967 De
1247 1940 1448 1978 prophetiarum
1458 1940 1631 1970 Obscuritate
1644 1942 1764 1972 homiliae

1024 1980 1094 2009 duae.
1112 1989 1156 2010 Vl.
1174 1988 1238 2014 193.
1254 1988 1316 2012 207.

1065 2029 1235 2068 Prophetiam
1251 2042 1298 2059 cur
1312 2034 1385 2060 Deus
1396 2031 1422 2060 in
1436 2032 1519 2061 vitam
1529 2032 1670 2073 hominum
1682 2035 1763 2064 corri-

1023 2072 1150 2111 piendam
1165 2081 1190 2103 et
1211 2075 1404 2103 emendandam
1425 2075 1572 2104 induxerit.
1589 2084 1634 2107 VI.
1650 2083 1715 2108 103.
1732 2091 1760 2108 Α,

1024 2117 1096 2144 Deus
1112 2119 1269 2157 prophetice
1284 2119 1353 2147 mala
1368 2120 1518 2154 annuntiat,
1536 2120 1597 2158 quia
1607 2121 1714 2151 volebat
1732 2130 1761 2152 ut

1022 2170 1113 2198 poenas
1124 2169 1292 2200 peccatorum
1304 2162 1460 2190 vitaremus.
1485 2169 1506 2191 1.
1522 2168 1586 2191 908.
1601 2174 1627 2192 c.
1645 2176 1674 2193 n.
1689 2167 1759 2195 Pro-

1022 2203 1117 2241 phetiae
1132 2205 1234 2233 nullam
1253 2205 1385 2234 voluntati
1405 2205 1547 2245 imponunt
1566 2209 1752 2239 necessitatem

1023 2253 1092 2275 vlu.
1108 2253 1173 2277 466.
1188 2256 1245 2277 Vll.
1260 2254 1323 2278 840.
1339 2260 1365 2278 A.

1065 2296 1216 2336 prophetiae
1243 2307 1294 2326 non
1320 2297 1413 2326 eodem
1437 2305 1556 2338 tempore
1580 2308 1642 2329 sunt
1671 2301 1759 2341 inspi-

1020 2350 1092 2378 ωηο,
1107 2341 1153 2370 sed
1167 2341 1282 2370 diversis
1294 2353 1301 2379 ;
1315 2348 1339 2370 et
1355 2348 1441 2370 tamen
1455 2343 1482 2370 in
1498 2353 1580 2372 unum
1596 2350 1683 2373 totum
1695 2356 1758 2375 con-

1020 2393 1141 2414 currunt.
1158 2392 1202 2414 VI.
1237 2390 1282 2413 21.
1315 2396 1339 2414 e.
1364 2387 1432 2422 Non,
1464 2393 1493 2415 ut
1520 2387 1620 2416 donum
1649 2388 1759 2428 lingua-

1019 2440 1090 2465 rum,
1116 2439 1219 2457 novum
1234 2436 1289 2457 erat
1311 2429 1412 2458 donum
1427 2430 1574 2469 prophetiae
1591 2433 1756 2472 temporibus

1019 2472 1174 2512 apostolicis
1187 2493 1193 2507 ‚
1210 2472 1254 2501 sed
1269 2480 1426 2502 consuetum
1440 2480 1465 2502 et
1476 2474 1628 2513 antiquum.
1640 2483 1674 2505 Χ.
1689 2481 1752 2507 380.

1019 2527 1047 2545 D.
1061 2521 1124 2545 381.
1136 2515 1286 2554 Prophetici
1296 2516 1358 2544 libri
1372 2516 1448 2544 multi
1459 2517 1606 2555 perierunt.
1618 2526 1673 2548 VH.
1687 2525 1751 2549 157.

1020 2560 1161 2599 prophetia
1177 2559 1251 2588 tsniae
1267 2560 1449 2589 excellentiam
1463 2561 1597 2600 prophetie
1612 2563 1750 2602 praedicat.
