1950 2922
141 718 279 747 T‚3.p.172.

165 1411 193 1432 T.
210 1417 244 1432 12.
258 1412 281 1432 b.

141 1441 198 1467 333.
210 1443 233 1464 1».

147 2049 201 2071 791.
214 2045 239 2068 [J]

148 2372 176 2392 'l'⁴
185 2372 209 2394 3.
218 2380 240 2401 p.
249 2371 287 2399 59.

415 339 563 367 Circenses
585 337 649 365 ludi
660 358 668 371 ‚
692 335 909 374 hippodromus.

335 429 378 458 Ad
400 429 500 457 circum
514 435 539 457 et
553 427 765 468 hippodromum
779 437 806 454 se
821 426 939 454 conferre
961 426 1034 454 sole-

295 476 359 504 bant
374 477 560 514 Imperatores,
579 481 607 502 ut
622 473 750 502 ludorum
764 479 790 500 et
804 483 957 512 pugnarum
972 483 1035 511 spe-

295 528 406 550 ctatores
420 527 516 554 essent,
530 527 554 548 et
568 527 627 548 ante
639 531 682 548 eos
696 519 742 557 qui
755 518 880 547 certaturi
893 525 977 555 erant,
992 529 1037 546 co—

293 577 386 603 ronas,
408 566 503 595 bravia
518 573 543 594 ct
560 566 717 595 vestimenta
731 564 828 604 exponi
845 565 983 593 curabant.
1005 565 1035 593 In

294 612 428 651 gymnicis
442 623 505 641 vero
520 612 711 640 certaminibus
726 612 840 641 victores
857 611 899 640 vcl
913 611 977 638 oleae
994 611 1036 640 vel

293 659 362 687 lauri
379 658 460 687 ramis
475 659 683 687 coronabantur.

333 704 388 741 Qui
400 705 426 733 in
439 704 598 744 spectaculis
610 703 773 732 circensibus
789 703 943 739 currebant,
953 710 978 732 et
988 714 1035 732 no-

293 763 353 781 men
368 759 393 781 et
408 762 491 790 genus
503 759 528 780 et
543 752 659 791 patriam
671 758 696 780 et
708 751 891 780 educationem
907 761 1037 789 equorum

291 800 420 834 sciebant,
438 807 463 828 et
477 810 559 837 quam
571 799 713 828 victoriam
732 798 948 837 reportavissent.
964 799 1036 827 Cur-

291 857 363 875 sores
381 852 469 874 autem
484 846 524 873 illi
540 846 667 874 circenses
687 845 721 873 asl
737 845 826 872 solum
842 845 1037 882 Imperatorem

291 891 479 927 attendebant,
495 892 609 920 aliorum
624 902 688 920 vero
702 891 813 930 plausus
835 901 886 918 non
903 890 939 918 ita
957 901 1037 919 cura-

293 938 367 966 bant.
384 938 471 966 Tanta
484 944 573 966 autem
584 944 640 966 erat
654 937 747 976 populi
762 936 925 974 frequentia,
941 943 971 964 ut
985 947 1037 965 non

295 984 383 1012 circus
399 983 489 1018 mode,
508 983 555 1012 sed
572 984 651 1011 etiam
667 982 756 1011 vicina
770 982 915 1019 eoenacula,
931 981 1038 1019 domus,

292 1037 359 1059 tecta
375 1030 568 1070 spectatoribus
588 1029 667 1069 plena
682 1036 774 1057 essent.
790 1029 861 1056 Inter
876 1035 1038 1067 spectatores

294 1083 382 1105 autem
397 1076 549 1105 meretrices
561 1082 635 1104 erant
649 1082 674 1104 et
686 1075 763 1114 pueri
776 1075 880 1103 molles.

334 1123 496 1161 Agonalium
509 1123 685 1150 certaminum
700 1128 870 1160 spectatores,
888 1121 910 1149 si
927 1121 1038 1159 quando

294 1174 432 1197 strennum
455 1168 583 1197 athletam
602 1171 660 1206 jam
675 1174 834 1196 coronatum
853 1167 978 1196 accedere
994 1168 1039 1196 vi-

294 1213 396 1249 derent,
408 1225 498 1243 omnes
509 1214 693 1250 accurrebant,
706 1221 734 1242 ut
747 1215 804 1252 ejus
816 1223 931 1252 pugnas,
945 1221 1038 1249 artem,

294 1260 379 1288 robur
393 1267 511 1299 spectare
526 1267 642 1299 possent.
659 1261 689 1288 In
705 1259 884 1299 hippodromo
904 1267 1040 1289 currentes

294 1306 364 1334 inter
375 1317 402 1334 se
416 1313 521 1334 strenue
534 1306 735 1341 concertabant,
751 1312 776 1334 et
790 1305 834 1334 alii
849 1306 964 1334 aliorum
979 1317 1038 1334 cur-

294 1362 340 1380 rus
356 1352 510 1381 subvertere
524 1352 697 1381 conabantur.
714 1352 772 1380 Hac
784 1351 818 1380 de
833 1362 861 1380 re
873 1352 1039 1391 singularem

295 1408 385 1427 casum
409 1398 486 1426 refert
509 1398 717 1438 Chrysostomus
731 1410 738 1427 :
757 1411 770 1426 ι(
783 1398 873 1427 Caedes
883 1421 890 1432 ‚
905 1411 919 1426 »
933 1399 1037 1437 inquit,

295 1457 309 1472 α
321 1444 348 1473 in
372 1444 552 1484 hippodromo
576 1445 634 1473 heri
650 1451 752 1484 patrata
763 1467 770 1480 ,
793 1444 923 1482 tragoedia
946 1445 1039 1474 urbem

273 1512 278 1522 s
294 1498 379 1521 totam
401 1492 538 1531 implevit,
561 1492 707 1520 mulierum
730 1492 824 1520 choros
839 1491 940 1520 circum
955 1499 1037 1521 aura<

293 1538 346 1573 xit,
364 1538 451 1566 forum
464 1537 588 1567 lamentis
602 1538 694 1566 multis
707 1537 833 1577 replevit,
850 1537 916 1566 dum
930 1538 950 1566 is
963 1539 1008 1576 qui
1024 1550 1039 1567 a

293 1584 418 1613 curribus
438 1584 474 1612 ita
491 1584 681 1613 miserabiliter
701 1584 821 1613 concisus
841 1590 866 1612 et
889 1584 1040 1624 discerptus

293 1631 396 1666 fuerat,
408 1641 455 1669 per
468 1630 586 1659 medium
600 1631 689 1658 forum
706 1636 859 1669 gestaretur.
878 1630 938 1664 Hic,
952 1637 980 1658 ut
993 1641 1040 1659 no-

293 1676 339 1713 vi,
362 1676 408 1714 qui
427 1676 556 1715 postridie
575 1676 709 1714 nuptiales
724 1675 863 1714 lampadas
879 1686 1039 1704 accensurus

296 1729 366 1758 erat,
390 1732 450 1750 cum
468 1721 590 1761 apparati
606 1721 715 1749 thalami
732 1727 818 1749 essent
830 1743 838 1756 ,
863 1728 887 1749 et
902 1721 990 1749 omnia
1005 1720 1040 1750 ad

295 1768 403 1807 nuptias
416 1768 584 1804 concinnata,
601 1767 652 1795 sub
665 1767 795 1806 prfeconis
809 1766 903 1795 ordine
915 1767 940 1794 in
953 1767 1040 1795 stadio

296 1815 385 1843 locum
407 1815 521 1850 habens,
546 1824 607 1842 cum
628 1813 698 1841 infra
718 1820 854 1848 curreret,
879 1813 1040 1842 instantibus

296 1860 413 1899 aurigis,
430 1866 454 1888 et
474 1866 568 1888 mutuo
586 1859 815 1893 concertantibus,
835 1858 938 1887 medius
953 1858 1039 1887 inter—

297 1913 404 1945 ceptus,
425 1906 568 1935 violentam
587 1906 661 1934 illam
681 1912 706 1934 et
728 1904 908 1933 miserabilem
930 1912 1042 1933 mortem

298 1952 398 1987 subiit,
414 1953 500 1991 capite
521 1958 545 1980 et
558 1951 685 1980 extremis
700 1950 828 1979 membris
842 1950 978 1978 abscissis.
991 1965 1001 1975 u

339 1999 394 2033 Qui
409 2006 497 2027 autem
515 1999 541 2026 in
559 1998 644 2026 stadio
659 1997 743 2025 multa
758 1997 869 2025 vulnera
883 2004 1039 2036 acceperat,

299 2044 320 2072 si
335 2044 475 2073 victoriam
488 2044 628 2078 obtineret,
646 2054 706 2071 cum
723 2043 817 2082 plausu
833 2042 943 2070 domum
957 2043 1042 2072 dedu—

299 2090 418 2119 cebatnr.

559 2183 702 2222 Olympici
717 2182 791 2210 Indi.

341 2273 484 2312 Olympica
506 2272 649 2301 certamina
665 2271 850 2310 Chrysostomi
874 2282 930 2302 aevo
947 2273 1043 2302 admo-

300 2319 366 2348 dum
382 2319 499 2357 viguisse
515 2318 650 2351 videntur,
664 2325 689 2346 et
702 2328 761 2346 cum
779 2325 910 2356 apparatu
925 2319 1042 2347 maximo

301 2365 438 2405 prccmisso
461 2364 591 2392 celebrata
611 2364 700 2391 fuisse.
723 2376 737 2390 (ι
755 2364 784 2391 In
805 2363 958 2402 Olympieis
973 2365 1042 2392 cuim

301 2410 501 2443 certaminibus,
519 2421 532 2435 n
546 2409 632 2446 inquit
649 2409 703 2443 ille⁷
719 2421 732 2435 «
748 2416 808 2447 post
827 2409 933 2447 triginta
947 2409 1003 2437 dies
1018 2410 1043 2438 in

302 2459 368 2487 urbe
389 2464 551 2491 transactos,
570 2457 596 2484 iu
613 2456 775 2483 suburbium
792 2456 852 2484 illos
867 2457 974 2485 eductos
989 2457 1043 2485 cir-

303 2504 475 2539 cumvehunt,
487 2510 513 2531 et
529 2509 583 2531 toto
598 2502 704 2530 sedente
717 2502 819 2529 theatro
833 2502 930 2530 clamat
942 2514 1043 2542 przrco:

303 2552 374 2580 Num
390 2550 449 2589 quis
462 2549 534 2577 hunc
544 2548 673 2576 accusat?
688 2549 725 2576 lta
741 2554 769 2575 nt
783 2548 855 2575 omni
866 2559 920 2577 seri
930 2549 971 2577 ilis
982 2560 1043 2577 eon-

302 2597 412 2625 ditionis
432 2595 582 2634 suspicione
598 2593 723 2633 depulsa.
743 2593 768 2621 in
791 2595 931 2622 rertauiiua
950 2595 1041 2633 pedem

175 2645 202 2666 T·
219 2651 252 2666 ¹2·
267 2654 287 2674 r·
303 2643 408 2672 inserar
424 2655 437 2668 n
452 2643 518 2670 Rem
534 2640 631 2669 clarius
648 2640 711 2668 alibi
729 2640 852 2678 explieat.
868 2654 879 2665 «τ
894 2641 922 2668 lu
940 2641 1043 2679 Olynt-

155 2682 172 2702 [ζ
185 2682 202 2697 l.
218 2685 237 2696 a.

901 230 1058 253 SYNOPSIS
1087 229 1215 259 EORUM,

1090 291 1156 330 picis
1178 290 1368 320 certaminibus
1389 299 1440 321 stat
1462 303 1547 332 praeco
1569 304 1665 333 magna
1686 305 1750 325 voce
1775 295 1832 323 cla-

1089 348 1165 366 mans
1178 349 1184 364 :
1197 337 1337 375 Numquid
1358 338 1457 376 aliquis
1471 350 1533 368 eum
1547 349 1664 380 accusat,
1689 343 1757 372 sitne
1774 352 1831 370 ser-

1090 394 1151 416 vus,
1167 390 1213 411 aut
1225 383 1278 419 fur,
1291 391 1337 412 aut
1353 385 1430 413 malis
1443 385 1584 414 moribus?
1596 399 1611 413 i)

1130 430 1336 468 Olympicorum
1349 430 1475 459 ludorum
1489 432 1593 460 athletae
1606 433 1633 461 in
1649 433 1751 462 theatro
1765 433 1830 462 nudi
1842 433 1935 462 T.3,p.=
1946 446 1950 457 *ι

1090 475 1212 511 stabant,
1224 475 1308 504 radiis
1322 476 1458 506 solaribus
1470 478 1594 516 expositi.
1609 479 1774 518 Spectatores
1786 473 1862 523 aii-fl}
1879 472 1935 525 ἰωῇ

1092 528 1145 549 tem
1162 533 1176 550 a
1193 521 1280 550 media
1296 530 1370 551 nocte
1388 522 1421 551 ad
1441 523 1581 553 meridiem
1594 525 1731 563 sedebant,
1748 533 1777 554 nt
1791 526 1833 555 vi-
1843 518 1871 555 ds
1893 511 1910 531 ἰ
1944 513 1948 525 ³

1090 567 1183 596 dercnt
1197 569 1239 596 cui
1253 579 1349 597 corona
1363 580 1467 598 cessura
1483 577 1558 598 esset.
1574 583 1587 597 (ι
1600 572 1694 600 Nonne
1705 571 1832 606 videtisn)
1874 577 1902 598 '1'-
1919 583 1950 616 tp

1091 613 1195 651 inquit,
1208 627 1221 640 (ι
1234 614 1260 642 in
1277 614 1428 654 Olympicis
1444 616 1647 652 certaminibus,
1663 617 1728 645 dum
1749 608 1898 657 capite374'
1911 610 1927 635 [⁷

1092 670 1215 688 coronam
1231 667 1335 698 gestans
1349 683 1356 695 ⁷
1380 662 1493 690 amictus
1513 663 1579 690 stola
1592 685 1600 697 ,
1627 663 1733 702 virgam
1752 674 1834 692 manu

1092 713 1182 734 tenens
1203 706 1361 744 agonotheta
1385 718 1430 746 per
1443 708 1531 736 sorum
1552 708 1662 745 incedit,
1681 716 1781 747 quanta
1801 709 1836 738 sit

1092 753 1273 791 tranquillitas
1296 760 1320 781 et
1346 753 1489 790 modestia,
1513 754 1579 782 dum
1597 766 1686 794 praaeco
1705 766 1770 784 voce
1787 755 1836 784 de-

1092 799 1199 827 nuntiat
1215 806 1243 827 ut
1258 809 1348 827 omnes
1365 799 1460 828 sileant
1475 811 1507 828 ae
1520 799 1644 829 decenter
1658 801 1804 839 quieseant.
1819 813 1833 828 »

1132 845 1176 874 Ex
1196 845 1389 884 spectatoribus
1410 856 1473 874 vero
1495 846 1541 874 alii
1561 846 1621 875 aliis
1641 847 1748 875 athletis
1762 848 1834 876 fave·
1875 849 1903 871 T·
1929 856 1950 879 ¹?

1092 892 1167 929 bant⁷
1185 898 1214 919 ut
1229 891 1256 919 in
1277 892 1335 930 pari
1349 902 1412 920 casu
1434 892 1589 930 contingere
1608 892 1683 920 solet.
1700 893 1769 921 Tota
1784 903 1836 921 au-
1849 881 1900 911 ¹47·
1915 884 1930 908 '⁵³

1093 945 1144 966 tem
1156 944 1232 966 nocte
1244 948 1330 976 praeco
1342 937 1490 967 admodum
1505 938 1637 967 sollicitus
1649 945 1716 976 erat,
1732 949 1764 967 ne
1776 939 1836 977 quis

1092 994 1126 1011 ex
1141 983 1302 1012 certantibus
1314 994 1445 1022 egressus,
1459 984 1582 1013 indecore
1595 995 1622 1013 se
1632 992 1741 1023 gereret.
1753 998 1766 1012 (ι
1775 986 1837 1013 Ma·
1847 998 1927 1026 T-2-1‘-
1937 997 1950 1024 ᾗ

1092 1030 1173 1068 gister
1187 1040 1250 1059 vero
1264 1029 1332 1067 ludi,
1343 1042 1357 1057 n
1369 1030 1488 1069 inquit‚«
1499 1031 1563 1059 foris
1578 1031 1727 1068 considens,
1734 1041 1835 1060 sermo·
1846 1037 1866 1050 ³·
1878 1029 1902 1050 ¹³·

1092 1078 1174 1105 nibus
1188 1077 1266 1105 affert
1279 1076 1413 1105 auxilium
1425 1099 1432 1112 ,
1449 1084 1609 1115 eatenusque
1622 1077 1764 1106 dumtaxat
1779 1088 1838 1106 cer-

1093 1129 1191 1151 tantem
1202 1122 1296 1161 juvat,
1312 1129 1442 1160 quatenus
1452 1122 1689 1151 acclamationibus
1704 1123 1837 1151 sermoni-

1093 1168 1197 1206 busque
1209 1167 1296 1196 valet:
1310 1178 1395 1205 neque
1410 1168 1482 1196 enim
1496 1168 1552 1196 ulla
1564 1168 1587 1196 ei
1601 1168 1659 1207 lege
1672 1168 1838 1207 permittitur

1094 1214 1205 1253 propius
1218 1213 1339 1241 assistere
1356 1220 1381 1241 et
1394 1213 1519 1242 manibus
1530 1214 1635 1253 juvare,
1645 1226 1659 1240 i)
1672 1227 1686 1241 (ι
1695 1215 1725 1243 In
1741 1214 1837 1254 Olym·
1849 1224 1920 1254 T.3.p
1936 1234 1950 1255 =7

1094 1261 1160 1299 picis
1176 1260 1397 1298 ce1·ta1ninibus,=›
1407 1261 1444 1288 ait
1457 1260 1511 1297 ille,
1520 1273 1534 1288 ιι
1543 1261 1761 1300 luctator‚pugil,
1770 1273 1836 1301 pan-
1849 1265 1870 1278 Β·

1095 1306 1217 1335 eratiasta
1240 1306 1354 1335 diversis
1377 1306 1489 1345 quidem
1517 1307 1683 1347 temporibus
1706 1315 1838 1337 certamen

1094 1353 1224 1388 subeunt,
1240 1352 1285 1381 sed
1301 1363 1355 1381 uno
1370 1354 1498 1392 temporis
1515 1361 1650 1382 momento
1665 1355 1711 1393 qui
1725 1365 1838 1394 supera-

1095 1406 1157 1427 l'llssl.
1170 1409 1261 1427 omnes
1277 1410 1292 1427 a
1306 1410 1427 1438 PI'OECOHC
1442 1400 1558 1429 VICIOI'GS
1572 1400 1789 1440 pronuntiantur.
1802 1413 1817 1428 ))

1278 1495 1302 1522 T
1302 1495 1467 1523 heatrormn
1480 1495 1656 1533 spectacula.

1136 1593 1149 1607 «
1162 1581 1191 1608 ln
1207 1580 1309 1608 theatro
1319 1603 1326 1616 ‚
1345 1592 1358 1607 »
1371 1580 1469 1618 inquit,
1482 1580 1640 1609 «velamina
1654 1580 1739 1608 multa
1755 1587 1836 1617 sunt,
1850 1590 1922 1618 T.7.p
1932 1591 1950 1627 {o

1096 1626 1228 1664 multique
1243 1626 1340 1654 scenici
1360 1626 1472 1664 ingressi
1489 1626 1673 1654 histrionicam
1693 1626 1796 1656 larvam
1812 1627 1839 1655 in
1850 1622 1873 1642 ¹¹·
1887 1623 1913 1648 [Ἴ
1932 1630 1933 1635 ’

1095 1672 1173 1701 vultu
1192 1672 1307 1706 habent,
1332 1679 1448 1701 veterem
1463 1672 1583 1700 fabulam
1597 1679 1730 1709 tractant,
1747 1683 1841 1710 resque

1096 1726 1181 1757 gestas
1193 1726 1312 1756 narrant,
1328 1726 1353 1747 et
1365 1719 1434 1747 alius
1446 1718 1554 1757 quidem
1565 1718 1759 1758 philosophum
1773 1720 1841 1758 agit,

1096 1765 1165 1793 alius
1180 1776 1268 1803 regem
1279 1787 1286 1800 ‚
1300 1777 1313 1792 ³>
1327 1772 1376 1793 etc.

1138 1812 1236 1839 Contra
1250 1810 1395 1839 theatralia
1410 1821 1472 1839 vero
1488 1810 1638 1850 spectacula
1655 1817 1784 1849 perpetuo
1797 1809 1842 1838 de-

1096 1858 1193 1887 clamat
1207 1857 1433 1896 Chrysostomus3
1448 1864 1472 1885 et
1482 1858 1544 1896 jure
1559 1856 1681 1895 quidem,
1697 1866 1748 1884 non
1761 1856 1841 1885 modo

1096 1904 1158 1942 quia
1173 1903 1315 1931 theatrales
1330 1914 1413 1931 seenae
1433 1913 1480 1942 per
1495 1914 1522 1931 se
1533 1904 1702 1942 juventutem
1715 1903 1750 1931 ad
1769 1903 1838 1931 mol-

1096 1951 1147 1978 lem
1171 1950 1254 1978 vitam
1275 1956 1300 1978 et
1314 1949 1457 1978 dissolutos
1471 1960 1557 1978 mores
1579 1949 1711 1978 attrahere
1731 1949 1838 1983 solent,

1095 1996 1141 2024 sed
1155 1995 1234 2023 etiam
1252 1995 1315 2033 quia
1337 2002 1401 2024 tune
1420 1995 1547 2034 temporis
1574 1995 1649 2023 nulla
1672 1994 1700 2023 iu
1726 1994 1841 2023 theatris

1096 2049 1151 2070 erat
1168 2042 1282 2080 pudoris
1296 2052 1371 2077 eura,
1390 2048 1419 2069 ut
1433 2052 1498 2070 mox
1512 2041 1658 2070 videbitur.

1139 2087 1232 2115 (Alius
1244 2088 1351 2126 juvenis
1362 2098 1423 2115 cum
1433 2087 1496 2123 sit‚»
1510 2087 1547 2115 ait
1562 2087 1617 2121 ille,
1631 2098 1754 2115 «comam
1770 2094 1840 2116 retro
1850 2100 1950 2129 T-7·r1¹³=

1096 2133 1233 2161 reductam
1243 2133 1332 2169 habet,
1341 2140 1366 2161 et
1380 2141 1502 2161 naturam
1515 2133 1600 2172 ipsam
1613 2133 1748 2161 effeminat
1762 2143 1838 2171 aspe-
1850 2132 1873 2152 ὅ·

1096 2186 1150 2213 ctu,
1165 2179 1277 2216 habitu,
1292 2179 1469 2214 vestimentis,
1490 2179 1600 2207 demum
1625 2179 1768 2216 omnibus,
1785 2179 1841 2207 for-

1097 2236 1221 2263 mamque
1236 2232 1329 2253 tenera*
1346 2225 1439 2264 puelloe
1454 2226 1570 2254 affectat.
1589 2225 1667 2254 Alius
1681 2235 1744 2253 vero
1760 2235 1840 2253 senex

1096 2282 1110 2298 c
1121 2271 1254 2299 contrario
1267 2271 1371 2309 capillis
1384 2272 1512 2300 novacula
1525 2272 1638 2301 abrasis.
1656 2271 1762 2300 renibus
1777 2282 1837 2300 snc-

1097 2320 1209 2352 cinctus,
1223 2324 1362 2356 postquam
1374 2317 1504 2355 pudorem
1517 2325 1577 2346 ante
1592 2317 1703 2356 capillos
1713 2316 1837 2352 succidit,

1097 2371 1148 2392 stat
1164 2364 1198 2391 ad
1213 2364 1303 2402 alapas
1321 2364 1502 2403 accipiendas,
1525 2371 1550 2392 et
1570 2364 1604 2391 ad
1620 2363 1709 2391 omnia
1724 2362 1838 2391 dicenda

1097 2409 1270 2447 faciendaque
1283 2416 1400 2448 paratus.
1415 2410 1543 2438 Mulieres
1555 2417 1643 2437 antem
1655 2408 1727 2436 nudo
1741 2408 1838 2447 capite,

1097 2456 1169 2484 omni
1191 2456 1270 2483 misso
1290 2456 1405 2491 rubore,
1427 2463 1495 2484 stant
1511 2456 1642 2494 populum
1656 2454 1837 2491 alloquentes,

1097 2509 1200 2531 tantum
1217 2501 1339 2531 videlieet
1360 2501 1535 2541 impudentia}
1549 2501 1668 2530 studium
1690 2500 1835 2537 habentes,

1098 2560 1256 2587 omnemque
1268 2548 1442 2588 petulantiam
1455 2555 1479 2577 et
1494 2548 1632 2576 lasciviam
1645 2547 1671 2574 in
1683 2546 1837 2574 auditorum

1098 2595 1200 2623 :mimos
1216 2594 1394 2623 infundentes.
1411 2594 1482 2623 Illud
1499 2605 1581 2622 unum
1598 2593 1716 2621 studium
1729 2593 1837 2628 habent,

1101 2649 1125 2669 ut
1140 2641 1286 2670 castitatem
1303 2652 1408 2670 omnem
1421 2640 1550 2669 radicitus
1566 2640 1695 2677 cxcllaut‚
1714 2646 1835 2669 naturam
