1910 2907
27 2163 100 2183 hotius
110 2170 134 2191 p.

48 2198 70 2215 ΕΙ
86 2201 132 2222 sqq.

32 2235 98 2256 allad.
109 2244 133 2265 p.

16 2267 22 2288 t
48 2272 87 2294 70·

31 2537 134 2562 itysosto—

37 2571 46 2583 s
52 2565 78 2585 ad
84 2565 138 2594 Syn-

44 2602 64 2614 m
98 2603 138 2616 vo-

35 2632 67 2649 us„
83 2626 121 2647 ab-

31 2657 56 2676 ¹11.

684 211 771 233 NL'NC
798 210 931 234 PRIMUM
958 211 1154 235 ADORNATA.

189 271 247 301 1:30.
262 271 341 307 Quod
353 272 478 301 mulieres
498 272 656 312 susciperet,
666 273 739 302 solus
761 285 821 303 eum
839 284 885 303 so-

147 317 196 353 lis,
210 318 270 346 aliis
283 319 409 347 omnibus
427 319 495 347 foras
509 319 621 348 emissis.

187 364 246 392 Huc
263 364 394 403 respicere
411 363 517 393 videtur
533 364 604 403 quod
620 365 659 393 ait
677 365 885 405 Chrysostomus

145 409 172 437 in
188 409 308 449 Epistola
323 410 357 438 ad
370 410 527 450 Cyriacum,
541 411 574 438 T.
590 412 608 439 5
619 435 626 449 ,
639 422 700 450 pag.
719 412 787 440 668.
803 413 861 441 699
875 422 882 440 :

144 467 160 482 (ι
173 455 245 490 Quin
258 466 300 484 me
314 467 420 494 quoque
437 467 498 484 eum
517 456 628 485 muliere
643 457 816 486 concubuisse
833 457 886 486 cri-

147 501 294 532 minantur.
315 502 416 530 Exuite
435 513 532 541 corpus
546 513 651 539 meum,
663 510 688 531 et
703 503 885 532 membrorum

144 547 376 576 mortificationem
387 548 530 587 reperietis.
547 560 560 574 n

184 595 243 623 160.
254 594 335 628 Quod
354 594 527 622 hereditatem
545 605 561 622 a
575 594 676 623 Thecla
698 594 819 623 relictam
835 605 884 634 per

146 639 322 668 Theodulum
336 639 496 668 vendiderit.

184 688 245 715 170.
259 685 340 721 Quod
360 686 487 715 Ecclesia:
503 686 605 715 reditus
621 697 698 715 nemo
714 686 818 716 noverit
830 697 883 725 quo

143 731 247 761 abeant.

185 780 247 807 18⁰.
265 778 346 813 Quod
365 778 551 817 Serapionem,
568 778 595 806 in
619 778 718 807 crimen
742 784 882 813 vocatum,

144 822 331 862 presbyterum
346 823 521 851 ordinaverit.

187 870 246 897 19⁰.
259 868 339 903 Quod
354 879 410 904 eos,
420 869 539 906 quicum
555 875 610 897 toto
626 868 690 897 orbe
705 867 885 897 communica-

144 914 220 952 bant,
240 915 323 954 ipsius
342 916 470 944 sententia
493 915 608 943 inclusos
627 916 693 943 etin
715 925 818 943 earcere
839 913 885 942 de-

144 962 248 990 functos
270 962 454 999 contemserit3
475 964 512 991 ita
537 969 565 990 ut
588 972 620 990 ne
642 972 753 1000 corpora
777 960 886 999 quidem

145 1008 265 1046 ipsorum
276 1008 420 1047 sepulturae
432 1008 558 1037 mandare
571 1008 697 1046 dignatus
711 1007 754 1035 sit.

183 1054 248 1082 520⁰.
265 1054 343 1089 Quod
358 1054 552 1082 sanctissimum
566 1053 694 1082 Acacium
707 1053 804 1092 injuria
819 1053 886 1080 affe-

145 1101 290 1135 cerit,e1ne
298 1101 332 1129 ad
345 1101 505 1139 colloquium
519 1101 627 1139 quidem
638 1101 727 1139 ipsum
738 1099 884 1128 admiserit.

181 1150 232 1176 210
257 1147 335 1182 Quod
358 1147 541 1186 Porphyrium
567 1146 755 1186 presbyterum
782 1145 883 1174 Eutro-

141 1194 228 1232 tropio
240 1217 247 1229 ,
261 1201 292 1222 ut
313 1195 340 1222 in
355 1194 479 1222 exsilium
495 1194 645 1232 pelleretur,
661 1192 810 1223 tradiderit.

182 1242 244 1268 22⁰.
262 1240 343 1274 Quod
363 1240 509 1268 Venerium
531 1240 594 1267 item
615 1238 802 1278 presbyterum
823 1249 884 1267 cum

144 1287 303 1315 contumelia
317 1286 400 1314 multa
417 1285 568 1314 tradiderit.

184 1334 243 1360 25⁰.
262 1332 341 1367 Quod
363 1332 402 1361 illi
426 1332 476 1361 soli
499 1331 624 1360 balneum
648 1330 840 1367 succendatur,
858 1338 884 1360 et

143 1377 190 1406 ubi
210 1378 322 1415 laverit,
342 1378 469 1418 Serapion
495 1377 599 1406 aditum
621 1377 742 1414 claudat,
764 1385 794 1406 ut
814 1378 884 1407 alius

142 1435 220 1453 nemo
234 1425 314 1454 lavet.

182 1472 242 1500 240.
259 1471 339 1505 Quod
354 1471 410 1499 sine
427 1471 536 1499 testibus
549 1470 647 1499 multos
662 1470 802 1499 ordinarit.

181 1518 242 1546 95⁰.
259 1517 339 1552 Quod
350 1517 422 1546 solus
432 1517 492 1546 edat
506 1517 720 1556 intemperanter,
733 1516 884 1556 Cyclopum

142 1563 225 1592 vitam
241 1574 331 1602 agens.

182 1612 246 1639 26⁰.
264 1609 344 1645 Quod
358 1609 415 1649 ipse
430 1616 548 1645 accuset,
561 1609 648 1647 sitque
662 1608 736 1646 testis
751 1617 775 1638 et
785 1608 881 1648 judex.

141 1657 310 1693 Planumque
329 1655 358 1684 id
383 1666 437 1683 esse
457 1666 491 1684 ex
514 1655 564 1691 iis,
585 1665 643 1693 quae
665 1665 726 1683 cum
749 1655 882 1694 Martyrio

142 1701 344 1741 protodiacono‚
374 1708 399 1729 et
424 1701 603 1738 Prohaeresio,
630 1701 723 1740 Lyciae
746 1701 884 1741 episcopo,

143 1755 215 1787 gesta
230 1748 390 1776 reseruntur.

182 1794 333 1829 27⁰.Quod
347 1794 516 1822 Memnonem
529 1793 555 1823 in
566 1794 674 1823 ecclesia
689 1794 882 1833 Apostolorum

142 1851 232 1880 pugno
244 1841 418 1880 percusserit,
432 1847 457 1868 et
478 1840 608 1879 sanguine
629 1852 663 1869 ex
680 1851 728 1870 ore
743 1848 882 1878 manante,

144 1887 272 1927 mysteria
288 1893 376 1914 tamen
389 1886 524 1914 obtulerit.

182 1933 242 1962 28⁰.
256 1932 336 1967 Quod
351 1932 378 1960 in
396 1932 492 1960 throno
511 1939 653 1961 exueretur
668 1939 693 1961 et
712 1933 880 1971 indueretur,

143 1985 167 2006 et
182 1977 318 2017 pastillum
331 1977 431 2006 ederet.

183 2026 246 2053 290.
261 2024 340 2059 Quod
354 2023 483 2063 episcopis
502 2023 536 2052 ab
558 2034 586 2052 se
606 2023 735 2053 ordinatis
756 2025 883 2064 pecunias

143 2071 295 2110 largiretur,
310 2077 340 2098 ut
353 2080 400 2109 per
412 2069 472 2098 illos
488 2069 596 2098 Clerum
610 2071 781 2109 opprimeret.

185 2117 234 2145 His
251 2116 347 2145 oblatis
368 2116 567 2145 accusationum
583 2116 731 2155 capitibus,
742 2117 881 2156 Theophi-

144 2161 188 2190 lus
207 2169 233 2190 et
252 2164 336 2191 eaeteri
359 2163 477 2201 episcopi
501 2162 644 2201 Synodum
672 2163 859 2192 constituentes
875 2187 883 2200 ,

147 2208 275 2237 Joannem
297 2208 414 2236 citarunt
438 2214 468 2236 ut
491 2207 524 2236 ad
547 2207 687 2247 Synodum
713 2217 885 2248 compareret.

147 2254 232 2282 Erant
252 2260 314 2282 tunc
334 2264 395 2282 cum
419 2255 520 2283 Joanne
547 2254 724 2293 quadraginta
752 2255 885 2294 episcopi,

146 2299 265 2328 sedentes
286 2299 313 2327 in
338 2299 454 2328 triclinio
482 2300 609 2339 episcopii
620 2323 628 2335 ,
653 2307 788 2340 stupentes
818 2312 886 2338 quo-

145 2344 226 2374 modo
242 2355 313 2380 reus,
335 2351 361 2372 et
385 2351 491 2384 propter
516 2345 628 2373 crimina
656 2346 728 2374 solus
744 2346 778 2374 ad
798 2346 886 2374 Comi-

145 2397 231 2419 tatum
257 2397 282 2418 et
304 2388 472 2429 Imperialem
497 2391 631 2420 civitatem
660 2392 752 2420 venire
773 2392 864 2430 jussus
878 2414 886 2427 ‚

146 2447 208 2464 cum
229 2442 267 2464 tot
285 2435 416 2474 episcopis
435 2435 583 2465 advenisset
598 2449 604 2464 z
620 2447 673 2475 quo
685 2443 762 2476 pacto
784 2437 886 2476 princi·

146 2494 213 2522 pum
228 2489 254 2511 et
267 2483 472 2521 magistratuum
495 2484 636 2512 sententias
659 2484 748 2512 subito
768 2495 886 2513 eommu-

146 2536 244 2565 tasset,
260 2529 393 2568 plerisque
406 2528 440 2557 de
455 2528 532 2557 Clero
555 2529 606 2568 ipsi
624 2530 812 2558 annuentibus.
827 2532 886 2559 Ve-

149 2585 208 2603 rum
223 2586 288 2603 auro
301 2574 388 2603 omnia
400 2585 483 2614 prona
496 2581 520 2603 et
532 2574 621 2603 facilia
635 2574 792 2606 redduntur.
802 2577 886 2606 Inter-

151 2631 182 2650 ea
196 2631 258 2650 vero
273 2622 387 2650 Joannes
401 2631 414 2649 a
428 2620 537 2659 Synodo
551 2620 586 2649 ad
601 2621 736 2656 Quercum
752 2622 850 2651 citatur
862 2630 887 2652 ct

1618 203 1681 250 173

941 283 1095 311 comparere
1113 272 1234 312 jubetur.
1255 272 1408 313 Respondet
1428 273 1494 302 ille:
1509 275 1563 304 «Si
1580 281 1684 314 apertos

940 318 1029 347 hostes
1052 329 1086 347 ex
1104 318 1227 358 judicum
1251 319 1344 348 ordine
1366 320 1570 357 submovet-itis,
1587 329 1683 360 praesto

940 375 1013 401 sum,
1026 375 1122 403 meque
1137 365 1244 401 sistam;
1260 372 1302 400 ut,
1318 366 1339 394 si
1355 366 1414 404 quis
1431 377 1473 395 me
1485 373 1607 403 accuset,
1620 378 1682 396 cau-

940 422 997 440 sam
1011 411 1098 440 dieam
1115 423 1121 439 τ
1136 412 1177 440 sin
1191 411 1219 439 id
1238 411 1322 441 sacere
1337 412 1562 449 detrectaveritis‚
1577 414 1682 452 quoties

939 457 1066 492 citabitis‚
1081 457 1149 485 nihil
1163 458 1317 497 proficietis.
1330 471 1344 485 n
1356 458 1402 487 llli
1421 470 1483 488 vero
1496 470 1561 498 quos
1573 460 1684 489 excludi

941 503 1047 531 volebat
1069 510 1143 532 erant
1169 504 1352 544 Theophilus,
1379 505 1556 543 Severianus,
1570 507 1683 535 Aeacius

939 556 964 576 et
978 549 1134 579 Antiochus.

978 595 1069 624 Primo
1081 596 1267 625 examinarunt
1289 605 1368 637 caput
1391 598 1512 637 primum
1535 606 1560 628 et
1586 610 1682 629 seeun-

938 640 1020 677 dum,
1037 652 1096 679 quae
1117 643 1245 671 Joannem
1261 642 1404 672 diaconum
1423 652 1448 673 et
1468 647 1602 674 Joannem
1616 648 1683 675 Mo-

939 687 1058 715 nachum
1071 688 1236 726 spectabant.
1251 689 1319 716 l‘linc
1333 697 1469 728 coeperunt
1489 700 1579 720 contra
1600 692 1684 720 Hera-

939 733 1027 761 cliden
1051 733 1169 772 Ephesi,
1185 741 1211 762 et
1235 734 1389 763 Palladium
1410 736 1603 776 Helenopoleos
1628 738 1684 778 epi—

939 789 1032 818 scopos
1047 778 1189 817 inquirere.
1205 781 1319 809 Joannes
1336 791 1398 809 vero
1415 783 1581 819 Monachus,
1596 785 1642 822 qui
1657 785 1685 813 in

939 823 1055 852 secundo
1070 825 1158 864 eapite
1172 836 1252 864 supra
1271 833 1444 861 memoratur,
1464 827 1586 857 libellum
1607 831 1686 859 obtu-

940 869 988 906 lit,
1005 881 1131 899 accusans
1149 871 1323 906 Heracliden,
1340 872 1414 910 quod
1432 874 1584 912 Origenista
1601 883 1685 912 esset,

941 923 965 944 et
980 916 1051 954 quod
1067 917 1193 946 Caesareae
1209 918 1356 946 Palaestinae
1373 919 1399 947 in
1421 920 1492 948 furto
1505 919 1685 960 deprehensus

940 961 1044 998 fuisset,
1059 963 1179 1001 Aquilini
1199 964 1304 992 diaconi
1324 965 1480 994 vestimenta
1497 967 1615 995 furatus:
1633 980 1647 994 «
1660 974 1686 996 et

941 1009 1065 1046 quamvis
1090 1010 1150 1038 talis
1171 1018 1238 1039 essct
1257 1023 1292 1045 »‚
1317 1012 1420 1050 inquit,
1437 1014 1577 1042 «Joannes
1604 1014 1683 1043 illum

944 1054 1044 1093 Ephesi
1068 1058 1222 1095 episcopum
1245 1057 1415 1087 ordinavit.»
1441 1059 1590 1088 Accusabat
1614 1071 1684 1099 prae—

941 1107 1011 1129 terea
1025 1102 1169 1137 Joannem,
1183 1103 1255 1140 quod
1270 1103 1354 1131 multa
1369 1104 1684 1143 mala*0rigenistarum

941 1158 1019 1176 eausa
1046 1159 1138 1187 passus
1163 1156 1245 1186 esset,
1272 1160 1319 1188 per
1345 1150 1517 1189 Serapionem
1530 1175 1538 1186 ,
1558 1151 1684 1191 quodque

1694 333 1731 355 1317

1721 1117 1729 1124 '
1738 1116 1789 1137 Haec
1802 1118 1837 1137 vi-

1695 1148 1747 1168 tiata
1760 1148 1838 1168 viden-

1663 1198 1668 1203 ,
1696 1183 1740 1200 tur.

939 1193 1016 1222 illum
1032 1194 1155 1222 misisset.
1172 1195 1274 1223 Horum
1290 1196 1428 1234 praemisso
1439 1197 1577 1232 examine,
1594 1197 1683 1236 inqui-

932 1239 1021 1267 ‘situm
1038 1247 1076 1268 est
1091 1239 1188 1268 deinde
1205 1241 1231 1268 in
1247 1248 1328 1280 caput
1341 1252 1441 1270 nonum
1462 1243 1678 1281 accusationum,

941 1286 1014 1324 quod
1029 1293 1080 1314 tres
1099 1287 1225 1315 diaconos
1246 1287 1280 1315 de
1300 1287 1371 1316 furto
1390 1287 1537 1317 humeralis
1553 1289 1592 1317 sui
1608 1300 1684 1318 accu—

940 1332 1069 1369 savisse13
1082 1339 1106 1360 et
1122 1333 1281 1371 vigesimum
1296 1334 1456 1373 septimum,
1470 1334 1541 1373 quod
1552 1337 1679 1364 Memno-

941 1389 1000 1406 nem
1020 1389 1110 1417 pugno
1127 1379 1315 1418 percussisset,
1333 1386 1384 1408 etc.

968 1425 1060 1453 Postea
1071 1435 1178 1453 rursum
1187 1425 1302 1454 Isaacius
1313 1426 1469 1465 episcopum
1478 1427 1635 1456 Heracliden
1643 1439 1686 1457 ac-

940 1471 1045 1498 cusavit
1058 1477 1086 1499 ut
1099 1471 1370 1509 Origenistan1,quia
1382 1473 1548 1502 sanctissimo
1564 1473 1684 1513 Epipha-

941 1517 985 1545 nio
1008 1527 1092 1555 neque
1107 1517 1134 1545 iu
1145 1517 1315 1556 precationis,
1330 1529 1414 1556 neque
1423 1519 1459 1547 ad
1477 1530 1571 1548 mensae
1581 1531 1685 1549 consor-

940 1563 1008 1591 tium
1027 1563 1160 1591 admissus
1175 1563 1276 1592 fuisset.
1295 1564 1412 1592 Protulit
1426 1564 1497 1593 idem
1513 1566 1629 1595 Isaacius
1648 1566 1684 1595 li—

942 1608 1042 1637 bellum
1063 1616 1152 1637 contra
1172 1609 1407 1648 Chrysostomum,
1420 1610 1477 1638 haec
1495 1611 1682 1640 continentem.

981 1657 1021 1685 1⁰.
1035 1656 1075 1683 De
1092 1656 1193 1684 Joanne
1211 1656 1344 1684 Monacho
1353 1657 1411 1695 jam
1426 1664 1571 1686 memorato
1584 1680 1591 1693 ‚
1607 1659 1681 1696 quod

939 1708 1048 1740 propter
1065 1701 1229 1740 Origenistas
1253 1702 1407 1741 vapulasset
1429 1709 1454 1731 et
1483 1703 1552 1732 ferro
1577 1704 1682 1733 vinctus

940 1748 1043 1776 fuisset.

977 1796 1021 1822 5³2⁰.
1032 1793 1112 1829 Quod
1126 1794 1154 1822 B.
1174 1793 1343 1833 Epiphanius
1363 1802 1470 1834 propter
1490 1795 1538 1823 lios
1553 1796 1681 1834 Origeni—

937 1846 1000 1874 stas,
1013 1840 1198 1875 Ammonium,
1213 1840 1404 1879 Euthymiuin,
1420 1840 1579 1876 Eusebium,
1598 1842 1682 1871 Hera-

937 1885 1024 1914 cliden
1040 1893 1065 1914 et
1081 1885 1247 1922 Palladium,
1263 1896 1324 1913 cum
1347 1886 1394 1914 illo
1411 1886 1539 1914 noluisset
1562 1897 1681 1916 commu-

937 1932 1038 1961 nicare.

977 1979 1018 2006 5⁰.
1034 1977 1113 2014 Quod
1128 1977 1350 2017 hospitalitatem,
1367 1978 1440 2006 solus
1459 1979 1581 2017 quotidie
1595 1991 1683 2009 come-

937 2024 1003 2053 dens
1012 2046 1020 2060 ,
1035 2023 1191 2062 despiceret.

976 2072 1018 2100 l00.
1034 2069 1114 2104 Quod
1129 2069 1156 2097 in
1179 2069 1288 2098 ecclesia
1309 2069 1423 2098 dixisset
1435 2071 1557 2100 Mensam
1571 2082 1626 2101 esse
1639 2072 1681 2101 fu-

939 2118 1041 2146 riarum
1054 2116 1169 2156 plenam.

979 2164 1018 2192 5⁰.
1029 2162 1109 2197 Quod
1120 2162 1147 2190 iu
1158 2162 1266 2190 ecclesia
1286 2161 1425 2200 gloriando
1436 2162 1549 2193 dixisset
1568 2167 1618 2204 ἐρῶ
1635 2166 1681 2195 καὶ

940 2209 1076 2247 μαίνομαι.

980 2255 1029 2283 Hic
1043 2261 1135 2282 notare
1153 2253 1259 2282 videtur
1272 2253 1380 2282 initium
1395 2255 1512 2285 homiliae
1533 2257 1607 2286 illius
1622 2258 1677 2287 sin-

940 2300 1041 2338 gularis
1066 2306 1142 2327 antea
1165 2298 1288 2336 ineditae,
1302 2311 1382 2338 quam
1407 2300 1517 2337 habuit,
1534 2311 1677 2342 postquam

941 2346 1066 2374 Eudoxia
1090 2345 1259 2384 Imperatrice
1284 2346 1426 2375 comitante
1446 2355 1471 2376 et
1493 2348 1607 2387 pedibus
1630 2350 1681 2379 iter

939 2399 1033 2431 agente
1046 2391 1182 2430 Reliquias
1203 2398 1354 2431 martyrum
1367 2394 1538 2423 transtulerat
1553 2395 1579 2424 in
1596 2396 1683 2425 eccle-

941 2440 1007 2467 siam
1029 2449 1125 2467 novem
1147 2438 1308 2466 milliaribus
1331 2438 1561 2479 Constantinopoli
1576 2441 1681 2470 distan-

940 2492 1002 2513 tem.
1018 2485 1063 2514 Sic
1075 2484 1145 2512 enim
1161 2484 1187 2512 in
1201 2483 1308 2513 ecelesia
1322 2484 1367 2513 illa
1377 2484 1516 2514 homiliam
1532 2487 1636 2526 incipit,
1646 2488 1682 2516 Τί

941 2531 1020 2565 εἴπω,
1035 2531 1080 2559 καὶ
1095 2530 1120 2558 τί
1134 2530 1259 2565 λαλήσω5
1277 2533 1376 2569 σκιρτῶ
1391 2531 1434 2559 καὶ
1451 2531 1587 2570 μαίνομαι.
1605 2534 1682 2571 Quid

942 2578 1037 2606 dicam
1047 2599 1055 2612 ,
1069 2583 1096 2606 et
1112 2577 1184 2615 quid
1199 2576 1326 2614 loquar?
1337 2578 1465 2605 Exsulta
1478 2584 1505 2606 et
1519 2580 1645 2608 insanio.

941 2628 950 2660 (
962 2622 994 2652 td
1009 2630 1160 2661 sequentem
1175 2622 1255 2651 etiam
1269 2622 1411 2651 articulum
1424 2623 1560 2662 respicit.)

1742 1673 1796 1695 Aliae
1811 1675 1835 1695 iu

1693 1704 1823 1733 Clirysosto-

1694 1743 1755 1756 mum
1790 1738 1836 1756 cri-

1694 1768 1835 1790 ininationeS.
