1884 2922
743 209 848 233 INDEX
879 207 1005 230 RERUM.

154 279 302 317 Templum
316 278 446 306 Matrona:
468 276 494 304 in
516 274 642 314 Daphnes
659 272 789 302 suburbio
802 273 857 300 An-

111 323 246 352 tiocheno.
263 329 282 351 1.
298 326 364 351 726.
381 332 410 349 n.

150 362 296 401 Templum
308 361 447 400 Serapidis
461 357 640 388 Alexandriae.
657 365 676 387 1.
697 361 760 386 726.
777 368 803 385 c.
826 356 856 384 In

109 417 139 436 eo
153 407 355 445 Scripturarum
376 405 462 434 versio
483 415 498 432 a
515 403 659 433 Ptolemaeo
679 400 856 439 Philadelpho

109 457 199 479 curata
215 457 348 480 servatur.
366 451 411 478 ΙΙ).

151 494 295 533 Templum
312 494 430 533 Spiritus
451 493 533 522 sancti
554 499 665 532 possunt
685 501 740 519 csse
757 489 856 528 singuli

112 538 269 568 Christiani.
285 547 304 568 Ι.
325 544 390 567 808.
411 550 436 567 Β.
453 538 600 576 Templum
623 536 675 565 Dei
695 546 742 564 nos
764 544 856 563 sumus

112 583 256 621 quomodo.
273 591 318 612 Χι.
336 588 382 612 45.
395 595 420 612 a.
435 583 548 622 Templa
562 581 610 610 Dei
623 581 684 609 facit
697 579 782 619 gratia
795 578 858 616 Spi-

113 627 192 661 rium,
209 634 238 656 ut
251 628 353 665 ubique
365 627 491 666 precandi
507 626 619 654 facultas
632 625 676 653 sit.
692 631 737 653 IV.
751 627 815 651 854.
829 634 856 650 A.

114 674 136 699 A
153 682 206 709 quo
220 671 345 701 Christus
357 673 438 707 venit,
452 672 583 710 templum
598 671 655 709 jam
674 675 713 697 est
734 668 857 696 universa

114 721 193 744 terra.
209 723 243 744 tt.
261 721 328 745 487.
346 729 372 744 A.
387 727 410 744 B.

153 759 298 798 Templum
311 760 406 798 procul
421 759 537 798 positum
550 768 583 786 an
597 763 706 786 excuset
718 766 770 784 non
785 766 859 785 acce-

110 802 214 831 dentes.
236 810 279 832 tv.
297 808 360 831 854.
377 814 404 833 A.

152 846 270 875 Tmn‘cs
286 857 401 886 praesens
418 852 456 874 est
476 844 637 874 Christianis
653 850 758 882 tempus
780 843 856 872 belli.

112 898 160 920 XI.
180 895 245 921 516.
270 902 294 919 n.
321 892 440 930 Tempus
463 888 627 928 acceptabile
649 887 786 925 quodnam
807 893 857 916 est.

113 941 147 964 Χ.
165 938 229 962 613.
247 944 273 962 ε.
296 934 438 973 Temporis
453 933 527 961 fluxa
545 931 675 960 conditio.
701 938 722 959 1.
743 935 807 959 857.
829 940 856 958 n.

118 978 265 1016 Temporis
278 980 373 1016 spatia
391 977 526 1015 quinque.
547 982 618 1004 ΠΗ.
635 979 697 1003 934.
711 985 738 1002 A.
752 979 815 1003 949.
830 986 856 1002 a.

156 1022 361 1050 meonmzffi
375 1031 416 1050 res
433 1021 548 1049 incertae.
565 1026 585 1047 1.
599 1023 663 1047 426.
679 1025 714 1049 11.
732 1023 794 1047 509.
808 1029 836 1046 n.

153 1066 323 1094 Teum-1:³11
357 1075 417 1093 cum
452 1070 559 1092 mortuo
587 1062 762 1101 comparatio.
797 1069 856 1091 vlt.

114 1114 178 1138 376.
195 1119 222 1137 B.

154 1154 364 1181 TEMULENTM.
380 1151 454 1179 Vide
466 1151 615 1179 Emmaus.

155 1197 302 1224 Tenem
317 1195 402 1223 noctis
416 1195 548 1230 molestae3
559 1204 610 1222 non
620 1193 681 1222 ideo
692 1192 859 1227 accusandae,

115 1239 184 1269 nibil
196 1239 269 1267 enim
282 1238 348 1267 mali
361 1238 469 1267 habent.
484 1245 530 1267 vl.
550 1243 613 1268 179.
632 1250 657 1265 A·

157 1283 286 1312 Tenebrae
301 1293 353 1311 non
368 1282 476 1310 sensiles
491 1304 498 1316 ‚
517 1291 592 1310 error
607 1287 632 1310 et
648 1280 784 1319 impietas.
801 1287 860 1309 VII.

118 1332 184 1357 205.
205 1338 230 1357 c.
247 1337 327 1366 opera
342 1325 423 1354 mala.
442 1333 515 1355 vm.
534 1330 598 1353 508.
624 1336 650 1356 n.
674 1326 705 1353 In
723 1325 861 1364 Scriptura

119 1370 272 1410 significant
283 1370 465 1399 afflictionem.
482 1376 514 1399 Υ.
527 1374 592 1398 497.
605 1380 630 1398 Β.

160 1416 320 1444 Ten-ennom
335 1425 404 1453 saepe
416 1420 544 1443 vocantur
554 1412 786 1442 immisericordes.
806 1420 860 1442 VII.

120 1464 187 1488 849.
206 1471 231 1487 A.

160 1505 368 1532 Tissa-armum
383 1502 457 1530 varia
472 1512 579 1540 genera.
598 1508 631 1530 11.
648 1506 695 1531 60.
720 1513 737 1530 D
763 1502 863 1530 Tenta-

119 1555 203 1577 torem
219 1548 350 1576 habemus
364 1546 516 1575 inimicum.
533 1553 579 1574 lv.
593 1550 658 1574 799.
675 1557 702 1575 E.
721 1545 864 1574 Tentatio-

119 1603 166 1621 nes
179 1591 283 1621 diaboli
297 1590 472 1630 depellendae.
490 1597 524 1619 V.
540 1594 605 1619 647.
619 1601 646 1617 n.
659 1601 686 1620 E.
701 1589 748 1618 Eis
762 1590 865 1618 fortiter

119 1635 303 1665 obsistendum
316 1642 363 1663 est.
384 1642 418 1664 x.
442 1639 507 1663 759.
526 1645 550 1661 Β.
570 1633 743 1662 Tentationes
763 1634 866 1662 sortiter

120 1679 346 1709 tolerandae.v11.
366 1683 430 1707 193.
447 1689 473 1707 A.
491 1677 672 1713 sustinendae,
689 1678 791 1706 etiamsi
802 1677 867 1706 diu-

121 1731 207 1753 turnae
223 1724 288 1753 sint.
306 1729 338 1752 V.
356 1727 421 1751 577.
436 1722 606 1750 Tentationes
621 1730 646 1751 et
663 1733 788 1751 aerumnae
802 1733 867 1761 quo-

121 1768 203 1797 modo
223 1766 392 1806 repellendae.
409 1773 456 1796 XI.
484 1770 550 1796 209.
572 1777 599 1795 1>-
623 1766 654 1794 In
676 1766 867 1795 tentationibus

119 1812 366 1852 Jejunandum.1x.
379 1814 443 1839 268.
459 1820 484 1838 ε.
498 1811 528 1838 In
539 1810 729 1839 tentationibus
739 1821 866 1849 magnum

123 1857 207 1885 tetum
219 1862 257 1884 est
270 1855 366 1885 oratio.
386 1860 430 1883 lx.
446 1858 492 1882 27.
511 1865 535 1882 A.
555 1854 726 1883 Tentationes
745 1856 865 1883 animum

123 1900 236 1940 dejicere
249 1910 301 1928 non
317 1898 424 1927 debent.
437 1905 471 1927 x.
487 1902 551 1926 492.
567 1909 592 1926 n.
610 1898 649 1926 De
661 1898 699 1927 eis
715 1909 765 1927 non
776 1898 867 1927 dolen-

124 1944 200 1974 dum.
218 1951 253 1973 x.
269 1948 334 1972 594.
352 1952 382 1971 n.
398 1942 448 1971 Eis
463 1941 624 1970 instantibus
639 1942 708 1971 unde
721 1943 867 1972 consolatio

124 1987 342 2016 sumenda.V111.
358 1990 422 2016 520.
436 1995 461 2013 13.
479 1996 504 2014 c.
516 1986 574 2013 Non
585 1992 646 2013 sunt
656 1986 792 2023 timendae7
806 1997 867 2015 cum

124 2042 173 2072 pro
187 2030 264 2060 nobis
280 2037 318 2059 est
334 2031 418 2061 Deus,
441 2037 487 2058 IX.
507 2034 570 2058 659.
588 2040 612 2057 e.
635 2030 805 2059 Tentationes
821 2041 868 2058 cur

124 2077 198 2105 Deus
209 2074 355 2114 permittat.
377 2081 398 2103 I.
423 2078 486 2103 915.
499 2085 526 2102 A.
545 2081 591 2102 111.
611 2079 675 2102 187.
692 2086 719 2102 A.
737 2077 793 2103 Cur
813 2075 866 2103 im-

125 2119 275 2148 mittantur.
294 2126 352 2148 Vll.
376 2122 440 2147 193.
464 2129 490 2148 A.
516 2118 569 2146 Eas
586 2118 718 2157 permittit
742 2119 814 2147 Deus
833 2119 868 2147 ad

124 2163 316 2203 probationem.
331 2170 376 2192 VI.
393 2167 455 2191 269.
471 2173 497 2193 1³.
513 2163 572 2190 Non
587 2163 708 2198 tentatio,
724 2162 768 2191 sed
785 2170 869 2191 tenta-

125 2215 215 2236 torum
238 2206 363 2245 segnities
383 2206 474 2234 ruinas
489 2206 584 2234 efficit.
611 2213 646 2238 11.
663 2211 709 2236 60.
725 2218 750 2235 A.
773 2212 817 2235 61.
840 2219 866 2238 E.

125 2251 317 2280 Tentationum
331 2250 454 2278 incursus
468 2250 586 2277 animam
607 2249 652 2288 pie
667 2250 801 2279 viventem
816 2261 869 2279 non

125 2295 309 2334 supplantant.
330 2301 364 2323 11.
386 2299 432 2322 61.
455 2306 478 2322 a.
493 2294 666 2322 Teutationes
690 2294 792 2323 bonum
807 2295 870 2324 asse-

126 2346 198 2368 runt.
215 2346 262 2368 lx.
276 2343 322 2367 28.
342 2348 368 2366 ε.
389 2343 452 2366 445.
473 2348 502 2368 D.
523 2345 554 2366 X.
577 2343 640 2367 584.
661 2349 686 2367 c.
705 2340 870 2369 'sentationis

126 2391 150 2412 et
162 2381 343 2421 castigationis
354 2381 471 2410 lucrum.
486 2388 517 2410 V.
529 2386 591 2410 388.
607 2392 632 2410 C.
649 2382 774 2411 Tentatio
785 2383 871 2414 bonos

127 2426 218 2456 reddit
232 2425 365 2455 meliores.
383 2432 429 2454 VI.
454 2429 499 2453 57.
517 2435 545 2453 D.
561 2426 615 2453 Nos
639 2426 728 2455 reddit
747 2427 871 2466 splendi-

127 2471 227 2500 diores.
243 2477 288 2499 lx.
310 2473 375 2498 285.
398 2480 424 2498 Β.
452 2469 578 2497 Tentatio
600 2469 688 2507 quiete
709 2470 812 2500 melior.
836 2479 870 2501 ΙΙ.

129 2520 177 2545 70.
196 2526 219 2544 Β.
235 2524 288 2542 non
301 2512 452 2552 quaerenda.
468 2520 526 2544 vn.
545 2519 607 2543 193.
623 2525 648 2542 c.

174 2559 379 2587 Tentationum
393 2559 511 2596 species.
526 2564 571 2586 Vt.
585 2561 651 2587 771.
663 2569 690 2587 A.
703 2559 828 2590 Juseitia
841 2562 872 2589 in

130 2600 440 2641 tentationibusflorel.
457 2608 501 2631 Vt.
519 2607 584 2631 770.
602 2613 627 2630 c.

1581 187 1651 234 393

953 270 1118 297 Trneu‘rms
1158 266 1300 306 presbyter
1339 275 1353 292 a
1396 263 1588 301 Clu-ysestoinu
1619 261 1651 289 ml

911 313 1034 343 Otreium
1052 311 1170 341 arabissi
1193 310 1350 351 episcopum
1363 308 1467 336 missus.
1485 314 1530 336 111.
1548 311 1612 334 810.
1628 316 1653 333 Ε.

951 358 1049 386 Tenus
1065 356 1098 384 de
1113 355 1199 385 nihilo
1215 361 1311 383 creata.
1327 360 1375 382 tv.
1391 357 1456 380 751.
1472 351 1583 379 Terram
1602 359 1653 377 nou

911 412 945 430 ex
963 401 1081 440 subjecta
1101 399 1211 428 materia
1228 399 1325 426 saetam
1348 396 1429 425 fuisse
1451 394 1590 434 probatur.
1609 400 1654 422 lv.

913 453 956 476 16.
968 446 1091 476 Fundata
1106 456 1185 484 super
1197 455 1288 482 aquas.
1303 451 1346 472 11⁷.
1365 447 1426 471 112.
1444 453 1467 470 Ε.
1482 448 1506 469 et
1519 451 1584 479 sqq.
1601 440 1655 467 Cur

911 492 1035 520 informis
1055 496 1156 525 creata,
1183 489 1278 517 caelum
1295 498 1357 516 vcro
1375 486 1519 525 perfectum
1538 490 1654 512 creatum

911 536 956 564 sit.
967 542 1012 564 IV.
1028 540 1070 563 16.
1088 544 1114 562 Β.
1127 544 1153 562 ε.
1168 533 1224 561 Cur
1236 531 1365 571 paulatim
1381 529 1487 558 condita
1498 529 1546 565 sit;
1561 528 1654 556 caelum

910 591 974 609 vero
987 580 1076 608 statim
1089 578 1245 618 perfectum,
1261 583 1306 606 IV.
1324 579 1389 604 752.
1406 585 1431 603 c.
1451 585 1480 602 D.
1498 574 1582 602 Terra
1604 582 1655 600 uon

911 625 1038 659 vertitur,
1049 624 1179 660 firmaque
1189 627 1238 650 stat
1248 619 1396 649 secundum
1405 617 1561 647 sententiam
1569 615 1641 654 Chry
1649 634 1657 638 -

913 667 1034 697 sostomi.
1053 674 1099 696 xt.
1117 671 1182 695 811.
1201 676 1226 693 c.
1244 665 1328 692 Terra
1343 663 1447 697 nutrix,
1462 667 1555 696 mater,
1570 660 1657 699 patria

913 720 1003 742 nostra
1016 718 1055 740 est
1069 718 1094 739 et
1110 719 1251 739 commune
1266 707 1432 746 sepulcrum,
1452 712 1498 735 IV.
1521 709 1565 733 16.
1586 714 1611 731 Β.
1629 714 1655 732 c.

913 757 1084 786 sac-Terrae
1096 754 1217 782 fertilitas
1225 752 1273 780 Dei
1285 749 1460 790 providentiae
1469 746 1655 777 adscribenda.

916 807 947 828 V.
969 805 1034 828 581.
1052 810 1078 827 A.
1098 802 1160 826 582.
1175 797 1239 836 Ipsa
1253 795 1287 823 ob
1310 800 1417 833 peccata
1437 792 1579 822 hominum
1598 791 1654 830 ple-

914 844 1004 879 ctitur,
1015 842 1159 881 quomodo.
1174 848 1218 870 Yt.
1232 844 1279 868 65.
1293 850 1319 867 c.
1330 839 1440 866 Terram
1454 837 1500 876 qui
1516 835 1612 874 quaerit
1626 835 1660 863 al)

914 888 962 916 illa
977 886 1092 922 excidet,
1107 886 1154 924 qui
1170 885 1265 913 caelum
1281 882 1397 923 praefert,
1413 889 1526 920 utroque
1542 881 1656 909 fruetur.

916 938 973 960 VII.
992 935 1037 959 96.
1056 940 1081 958 B.

916 1027 959 1048 VI.
974 1023 1037 1048 524.
1061 1029 1087 1046 B.
1107 1018 1184 1045 Eam
1200 1018 1326 1044 omnium
1342 1025 1402 1045 esse
1421 1014 1594 1043 elementum
1613 1014 1661 1041 di-

916 1065 1022 1092 cebant
1037 1062 1167 1101 quidam.
1186 1067 1219 1088 Υ.
1238 1065 1302 1089 798.
1316 1070 1342 1088 Λ.

954 1109 1045 1136 Terrae
1058 1112 1147 1134 motus
1158 1104 1272 1143 ingentis
1285 1104 1384 1142 imago.
1400 1110 1434 1131 11.
1450 1107 1513 1133 865,
1529 1115 1556 1130 Δ.
1570 1103 1661 1131 Terrae

914 1158 1002 1180 motus
1015 1157 1040 1179 et
1050 1150 1158 1178 urbium
1170 1149 1320 1177 eversiones
1332 1155 1451 1186 tempore
1461 1145 1659 1186 Chrysostomi.

916 1200 1034 1225 X1.390.
1049 1205 1075 1222 e.
1085 1194 1175 1222 Terrae
1188 1199 1286 1227 motus,
1299 1190 1531 1230 conflagrationes,
1542 1190 1660 1218 hostium

915 1239 1079 1278 irruptiones
1092 1236 1336 1275 Constantinopoli.
1352 1242 1411 1264 ΧΠ.
1428 1239 1491 1263 424.
1504 1235 1594 1262 Terrae
1604 1243 1661 1261 mo-

916 1290 958 1312 tus
971 1281 1199 1320 Constantinopoli
1212 1281 1320 1309 habitus
1332 1285 1506 1308 memoratur.
1518 1285 1564 1307 lx.
1576 1282 1622 1306 67.
1636 1290 1664 1306 A.

918 1332 981 1356 347.
998 1338 1024 1357 c.
1039 1327 1130 1355 Terrae
1145 1332 1232 1354 motus
1245 1324 1291 1352 ille
1304 1324 1409 1362 πέρυσι,
1424 1321 1452 1350 id
1467 1328 1506 1350 est
1517 1332 1585 1350 anno
1597 1332 1662 1358 uno,

917 1379 1057 1409 antequam
1082 1370 1223 1398 homiliam
1242 1368 1476 1407 quadragesimam
1497 1367 1612 1405 primam
1635 1367 1663 1394 in

920 1417 982 1444 Acta
997 1415 1166 1454 praedicaret.
1186 1421 1232 1443 lx.
1259 1417 1322 1442 347.
1342 1412 1434 1440 Terrae
1456 1418 1544 1439 motus
1568 1411 1664 1439 Antio-

916 1459 994 1488 ehiae.
1018 1466 1038 1488 1.
1058 1463 1121 1487 946,
1140 1458 1187 1496 qui
1209 1456 1293 1485 biduo
1314 1455 1434 1484 duravit.
1460 1462 1492 1483 11.
1515 1459 1579 1483 858.
1598 1455 1656 1483 Fre-

917 1510 1026 1543 quentes
1040 1509 1116 1532 erant
1131 1500 1290 1530 Antiochiae.
1310 1507 1342 1528 11.
1361 1504 1408 1528 55.

959 1548 1051 1576 Terrae
1075 1553 1164 1575 motus
1186 1545 1278 1574 timor.
1304 1551 1340 1574 11.
1364 1548 1429 1572 865.
1451 1553 1480 1573 n.
1503 1543 1562 1571 Non
1589 1549 1663 1571 terra:

919 1598 1016 1627 motus,
1032 1590 1077 1619 sed
1093 1591 1150 1629 ejus
1162 1599 1243 1618 causa
1258 1586 1386 1622 timenda,
1402 1585 1430 1614 id
1443 1593 1491 1623 est,
1506 1593 1624 1625 peccata.
1643 1592 1662 1614 t.

919 1641 982 1665 949.
998 1647 1027 1664 D.
1043 1636 1135 1664 Terrae
1148 1640 1237 1662 motus
1252 1643 1300 1661 cur
1313 1633 1386 1660 Deus
1400 1630 1548 1670 permittat.
1563 1638 1584 1658 1.
1596 1634 1661 1659 946.

919 1692 945 1710 A.
961 1681 1064 1709 Eorum
1084 1678 1188 1706 utilitas
1203 1682 1311 1715 quanta.
1335 1682 1356 1703 1.
1382 1679 1448 1703 946.
1471 1686 1496 1701 Α.
1515 1679 1579 1702 947.
1597 1673 1666 1708 Quis

918 1724 981 1752 inde
994 1724 1095 1752 fructus
1109 1721 1284 1759 colligendus.
1300 1727 1334 1748 11.
1349 1723 1414 1747 865.
1431 1729 1456 1746 Β.
1473 1718 1563 1746 Terrae
1578 1724 1668 1746 motus

920 1768 1098 1797 Antiochenos
1114 1766 1148 1794 ad
1163 1765 1270 1803 vigilias
1285 1771 1310 1792 et
1325 1763 1508 1802 poenitentiam
1524 1769 1662 1801 provocat.

921 1820 955 1841 11.
972 1817 1038 1841 856.
1053 1824 1081 1842 Α.
1095 1811 1139 1840 Ex
1153 1820 1184 1838 eo
1198 1815 1328 1848 quantum
1341 1807 1437 1836 mutati
1449 1805 1617 1834 Antiocheni.
1630 1813 1664 1834 11.

922 1862 986 1886 858.
1004 1867 1029 1885 C.

961 1901 1098 1929 Tmumx..
1113 1897 1202 1927 omnia
1218 1897 1290 1925 fluxa
1306 1902 1367 1924 sunt
1379 1902 1405 1924 et
1420 1904 1567 1932 numquam
1581 1893 1667 1923 consi-

921 1951 1004 1974 stunt.
1023 1951 1092 1972 Vltl.
1116 1947 1180 1971 149.
1206 1952 1234 1971 D.
1251 1942 1369 1969 Terrena
1387 1938 1596 1978 despicientibus
1611 1945 1666 1966 ter-

921 1999 982 2018 rena
999 1988 1044 2016 (lat
1058 1990 1131 2015 Deus
1145 1995 1223 2024 saepe.
1239 1992 1299 2013 Χ11.
1315 1989 1380 2012 327.
1394 1994 1422 2012 ι).

963 2033 1078 2060 Tanna
1093 2031 1159 2059 hora
1174 2035 1230 2058 erat
1249 2039 1310 2057 cum
1326 2027 1445 2067 Spiritus
1463 2033 1570 2055 sauctus
1588 2035 1668 2064 super

922 2077 1057 2116 apostolos
1088 2074 1206 2103 advenit.
1234 2080 1268 2103 Y.
1295 2077 1360 2100 891.
1389 2083 1416 2100 n.

964 2121 1089 2149 Termes
1101 2119 1189 2147 scriba
1204 2117 1279 2145 Pauli
1297 2116 1323 2144 iu
1338 2115 1449 2154 epistola
1464 2114 1521 2153 ejus
1531 2115 1666 2142 Romanos

923 2166 1029 2194 salutat.
1042 2171 1089 2192 lx.
1102 2168 1167 2192 833.
1182 2173 1205 2190 B.

963 2209 1153 2237 Tessssssmuu
1164 2205 1246 2234 ludus
1256 2204 1400 2232 utilitatem
1408 2201 1504 2241 jejunii
1516 2201 1606 2231 solvit.
1620 2207 1666 2229 lv.

925 2258 968 2282 58.
987 2264 1012 2281 Α.

964 2298 1182 2326 ΤΕΒΤΔΜΕΝΤΕΜ
1192 2293 1365 2322 ῐοωωΥοῑυς
1374 2292 1431 2319 Lex
1440 2289 1599 2329 appellatur.
1607 2296 1663 2318 Ylt.

924 2347 990 2371 790.
1013 2352 1038 2370 Α.
1055 2341 1255 2368 Testamentum
1272 2342 1348 2364 vetus
1363 2335 1515 2363 obscurum.
1536 2340 1581 2361 VI.
1602 2338 1663 2362 197.

925 2397 954 2414 A.
967 2385 1035 2423 Ejus
1050 2382 1221 2412 obscuritatis
1240 2390 1318 2408 causa
1341 2379 1426 2417 prima
1447 2377 1602 2405 auditorum
1617 2376 1668 2403 im-

925 2429 1046 2458 manitas.
1063 2434 1108 2455 VI.
1128 2430 1192 2454 208.
1211 2435 1240 2452 D.
1265 2435 1291 2451 Ε.
1315 2422 1429 2451 secunda
1447 2421 1519 2459 quod
1539 2419 1668 2448 Hebraico

926 2473 1056 2512 scriptum
1071 2469 1161 2498 fuerit.
1180 2475 1223 2497 Vt.
1241 2472 1306 2496 210.
1324 2477 1349 2494 1³.
1366 2467 1566 2495 Testamentum
1584 2465 1667 2492 Vetus

926 2518 1059 2546 bonorum
1085 2513 1174 2541 radix.
1193 2519 1262 2540 1111.
1276 2516 1340 2539 220.
1358 2522 1384 2539 Δ.
1404 2508 1478 2537 Illud
1498 2519 1550 2537 non
1574 2507 1667 2536 exclu-

927 2561 967 2589 dit
981 2559 1115 2595 Christus,
1139 2557 1193 2585 imo
1218 2555 1322 2584 laudat.
1341 2561 1399 2582 vll.
1430 2558 1494 2582 551.
1522 2564 1546 2581 c.

970 2604 1171 2632 Testamentum
1184 2610 1284 2630 novum
1300 2597 1504 2638 pra‘nuntiatur.
1521 2603 1539 2624 1.
1555 2599 1620 2624 699.
1638 2605 1666 2624 n.

1463 2653 1508 2677 25.
