1884 2922
216 196 285 239 204

214 271 268 298 imo
285 267 384 297 laudat.
401 272 464 296 551.
484 278 508 295 o.
531 278 556 294 D.
575 268 632 295 Non
648 273 702 294 crat
724 266 763 294 illi
789 267 950 296 contrarius.

215 319 280 342 700.
307 324 331 340 υ.
348 314 446 350 Legem
469 322 519 339 non
538 310 626 338 solvit.
653 314 716 337 233.
736 321 751 337 1)
778 310 855 338 Illam
872 311 955 338 inter-

216 364 336 396 pretatur
357 363 381 383 et
400 355 503 382 laudat.
522 359 586 381 699.
607 364 631 382 ιι.
651 352 794 388 Quomodo
810 353 883 381 illam
906 354 955 382 al)-

215 399 359 438 rogaverit.
377 406 409 427 lI.
426 402 487 425 451,
501 408 525 425 st.
540 404 596 425 vn.
609 400 671 424 237.
683 396 757 431 Quid
772 407 818 434 per
830 396 955 425 mandata

216 443 327 471 minima
340 441 407 480 legis
422 439 638 478 intelligendum.
651 444 713 467 238.
727 450 752 468 A.
769 440 890 468 Christus
905 442 955 470 Ju-

214 487 333 515 dseorum
348 484 479 524 baptisma
496 491 521 512 ct
537 483 636 522 pascha
651 483 772 521 abrogat.
798 488 861 512 189.
881 495 908 512 n.
927 495 954 512 L.

213 537 238 558 et
255 530 320 557 alias
341 528 463 567 judaicas
476 527 684 555 observationes.
700 533 770 555 VIII.
785 532 847 556 208.
864 539 890 557 E.
909 529 956 556 Le-

213 584 271 611 gem
286 572 416 612 paulatim
431 571 560 600 solvebat.
576 575 638 601 286,
654 581 681 599 ι).
696 571 747 598 Per
759 571 896 600 Christum
912 572 954 600 lex

213 618 294 645 tinem
311 616 422 655 accepit.
438 623 471 644 x.
492 620 554 643 566.

254 661 376 690 Christus
397 667 473 689 vetus
497 660 698 688 Testamentum
722 669 791 688 novo
815 661 953 699 adjunxit.

216 714 271 735 vu.
290 711 336 735 26.
352 716 375 733 ε.
393 706 493 743 Legem
509 715 607 733 novam
622 705 705 733 veteri
721 705 904 743 perfectiorem
920 706 955 733 in-

214 750 303 779 duxit.
323 754 387 778 237.
404 750 490 787 Leges
510 749 587 777 nobis
603 759 633 777 ac
653 748 777 787 dogmata
799 750 895 787 partim
912 761 957 789 per

212 805 252 831 se,
268 794 365 834 partim
378 804 424 833 per
438 793 570 832 apostolos
581 793 708 832 prodidit.
723 800 742 823 I.
762 798 825 821 337.
845 804 869 822 c.
885 797 956 822 Prte-

216 845 291 878 cepta
307 837 406 866 Christi
434 843 495 865 sunt
518 837 743 875 complementum
765 836 831 873 legis
847 837 954 865 veteris.

218 889 271 910 ΥΠ.
289 886 353 910 236.
371 892 395 909 c.
411 882 467 909 Cur
486 880 520 908 dc
542 880 691 908 minoribus
712 880 790 908 ctiam
807 888 831 909 et
851 881 957 920 exiguis

217 932 348 964 praecepta
365 924 449 952 dedit.
470 930 515 953 VI.
533 929 577 952 17.
595 935 619 953 c.
636 935 662 953 n.

254 969 354 997 Christi
377 974 534 1007 conspectus
552 968 637 1006 gratia
661 968 744 996 multa
767 969 871 1007 plenus.
897 977 954 999 vil.

215 1019 277 1041 371.
294 1024 317 1043 e.
334 1013 400 1051 Ejus
415 1012 518 1040 lenitas
535 1017 597 1041 372.
613 1023 638 1041 o.
654 1013 840 1042 mansuetudo.
857 1019 918 1043 502.
930 1027 952 1045 13.

216 1056 372 1085 moderatio.
392 1061 457 1084 333.
476 1067 501 1083 F..
518 1061 580 1084 608.
598 1067 625 1084 L.
649 1057 753 1085 caritas.
774 1061 838 1086 272.
856 1069 883 1088 υ.
904 1059 957 1086 mi-

216 1100 359 1129 sericordia
374 1099 527 1128 ineffabilis.
547 1105 609 1128 549.
623 1112 647 1130 Β,
662 1100 740 1128 etiam
752 1111 814 1139 erga
829 1112 876 1130 nos
898 1113 956 1141 pec-

213 1151 324 1172 catores.
341 1148 448 1172 11.867.
463 1154 487 1171 e.
505 1144 604 1172 Christi
620 1144 796 1172 mansuetudo
811 1152 835 1173 et
856 1147 957 1184 patien-

214 1187 260 1218 tia,
272 1191 376 1216 v.203.
387 1197 400 1214 n
426 1187 529 1214 lustitia
541 1187 597 1225 ejus
610 1193 741 1225 temperat
751 1187 954 1226 benignitatem.

217 1238 272 1259 VII.
291 1235 353 1259 267.
375 1241 401 1258 D.
416 1230 482 1269 Ejus
498 1230 676 1269 providentia.
705 1235 768 1260 517.
787 1242 811 1262 B.
829 1232 957 1271 sapientia

214 1276 315 1314 ingens.
343 1279 407 1302 503.
431 1285 456 1301 A.
481 1280 633 1313 paupertas.
658 1278 722 1302 738.
750 1285 774 1303 c.
798 1280 861 1303 739.
883 1276 958 1304 beni-

218 1319 314 1358 gnitas.
331 1325 400 1348 vm.
416 1323 479 1346 329.
494 1328 520 1348 c.

254 1362 354 1391 Christi
377 1361 526 1389 humilitas.
545 1368 614 1390 vlu.
633 1367 697 1390 474.
715 1373 744 1390 A.
764 1362 887 1392 Gloriam
906 1375 956 1393 non

214 1406 329 1434 amabat.
343 1412 401 1434 VII.
417 1410 479 1434 405.
493 1406 705 1434 ostentationem
720 1406 919 1445 fugiebat.348.
933 1420 956 1438 c.

214 1451 329 1478 Causam
345 1459 420 1478 suam
434 1449 580 1487 aliquando
594 1449 720 1478 defendit.
736 1454 800 1479 518.
820 1462 844 1479 c.
860 1462 885 1479 n.
903 1453 958 1481 Hu-

217 1493 358 1522 militatem
373 1514 380 1527 ‚
398 1493 629 1522 mansuetudinem
653 1500 677 1522 et
692 1493 847 1533 patientiam
867 1495 955 1526 docet.

216 1545 263 1566 111.
277 1542 322 1566 28.
339 1549 363 1566 A.
377 1537 502 1565 Christus
520 1537 546 1565 in
563 1537 710 1566 humilibus
731 1538 883 1568 sublimior.
898 1547 956 1570 vn.

219 1586 285 1610 185.
297 1592 325 1609 D.
339 1581 463 1619 Seipsum
478 1581 644 1617 humiliavit,
658 1589 686 1610 ut
703 1592 749 1610 nos
761 1583 868 1612 exaltet.
881 1589 955 1614 25.›i.

220 1633 242 1656 Ι,
259 1630 323 1654 639.
337 1635 360 1654 n.
375 1626 462 1659 Quam
475 1626 508 1654 ab
524 1626 594 1654 inani
607 1626 704 1664 gloria,
719 1637 800 1664 quam
816 1638 830 1655 a
848 1628 917 1657 fastu
934 1637 959 1658 et

217 1669 362 1698 ambitione
386 1669 496 1698 alienus.
521 1674 588 1698 212.
616 1680 641 1698 n.
662 1674 725 1699 litii.
752 1677 807 1698 VII.
839 1677 902 1701 388.
929 1685 955 1701 A.

218 1713 342 1742 Christus
356 1724 437 1751 quam
459 1714 530 1742 mitis
554 1721 578 1742 et
600 1714 711 1742 humitis
741 1714 767 1743 in
797 1716 896 1745 verbis.
923 1725 956 1746 11.

219 1762 282 1786 867.
298 1764 366 1785 vm.
387 1761 450 1785 359.
470 1767 497 1785 Ε.
522 1762 585 1786 438.
614 1768 641 1786 E.
666 1758 810 1786 llumiliter
824 1759 957 1798 loquitur,

219 1811 269 1829 nos
291 1801 387 1829 docens
414 1800 604 1829 humilitatem.
632 1808 663 1830 V.
690 1808 751 1830 110.
779 1814 804 1831 Β,
831 1814 856 1832 c.
886 1812 956 1834 VIlI.

219 1850 282 1875 442,
297 1855 322 1874 1³.
340 1845 428 1880 Quam
442 1845 581 1874 humiliter
601 1845 633 1874 dc
651 1846 737 1885 seipso
757 1847 892 1885 loquatur.
910 1857 956 1878 IX.

221 1895 248 1918 7.
268 1901 294 1918 A.

259 1934 396 1962 Christum
433 1933 614 1971 impostorem.
651 1942 668 1962 I.
696 1940 760 1963 798.
797 1943 821 1964 et
852 1947 959 1976 magum

223 1977 333 2016 quidam
350 1977 433 2016 impie
447 1976 582 2005 dicebant.
598 1985 629 2006 II.
646 1983 709 2007 590.
726 1991 752 2009 Α.
771 1979 852 2008 Illum
871 1983 963 2020 expel-

221 2022 311 2050 lebant
332 2020 419 2050 Judaei
446 2027 473 2048 ut
500 2020 652 2051 inimicum.
673 2029 705 2050 V.
720 2027 765 2051 96.
789 2034 814 2051 e.
838 2024 961 2053 Christus

220 2066 276 2094 sine
297 2075 374 2094 causa
399 2064 461 2093 odio
476 2065 594 2093 habitus.
613 2070 660 2095 69.
678 2077 704 2095 c.
721 2068 890 2097 Daemonium
911 2070 962 2098 fuit

220 2110 316 2149 saepius
328 2109 488 2148 appellatus.
502 2116 572 2138 VIII.
588 2115 651 2139 407.
664 2121 688 2139 e.

261 2154 361 2182 Christi
380 2164 442 2192 erga
464 2154 586 2182 inimicos
608 2165 692 2183 amor.
716 2163 785 2184 VIII.
806 2163 866 2186 178.
886 2169 913 2186 ε.
930 2171 959 2187 Α.

220 2197 380 2235 benignitas.
399 2202 464 2226 473.
482 2209 508 2228 Α.
523 2198 655 2236 Suprema
669 2199 778 2228 caritate
794 2200 890 2230 dilexit
905 2213 958 2232 eos.

223 2249 279 2270 vn.
294 2246 356 2269 687.
374 2251 396 2268 B.
410 2251 436 2269 c.
460 2241 510 2269 Pro
532 2241 650 2270 inimicis
663 2252 739 2270 orare
752 2245 886 2283 przecepit.
913 2253 958 2275 III.

221 2290 267 2314 29.
283 2285 350 2313 sicut
367 2285 427 2313 fecit
444 2284 509 2323 ipse.
527 2292 584 2315 vu.
606 2290 668 2314 687.
685 2296 710 2315 c.
726 2287 875 2317 Pharisaeos
890 2301 961 2327 quo—

222 2328 303 2357 modo
325 2335 450 2357 coereeat.
473 2333 538 2357 393.
558 2333 622 2357 396.
644 2330 817 2359 Inimicorum
840 2343 902 2361 usus
923 2341 962 2363 est

223 2372 324 2401 invidia
339 2372 372 2400 ad
382 2373 498 2411 seipsum
510 2373 712 2403 celebrandum.
728 2380 791 2403 388.
807 2387 832 2404 Β.
846 2387 871 2407 ο,
884 2377 961 2406 Chri-

222 2417 254 2445 sti
266 2418 377 2445 fratrum
389 2417 548 2455 arrogantia.
564 2422 626 2445 526.
642 2430 667 2446 n.

261 2461 384 2489 Christus
400 2460 638 2490 cin-secedat.x·11.
653 2468 717 2493 204.
729 2474 753 2490 B.
766 2463 889 2492 Humano
907 2476 962 2493 mo-

226 2505 341 2543 refugit.
360 2510 614 2535 XIII.203.1:.!4'18.
633 2518 659 2534 (ς.

263 2549 384 2577 Christus
406 2549 515 2577 multam
545 2550 652 2588 gerebat
680 2562 827 2590 pauperum
859 2564 958 2581 elliam.

228 2600 294 2621 ΠΗ.
314 2597 371 2621 435.
388 2603 412 2621 L.
432 2594 486 2622 Cur
506 2593 605 2623 loculos
631 2594 763 2624 habuerit.
781 2598 825 2624 ΙΙ).
841 2608 864 2625 A.
880 2597 957 2626 sudat·

853 206 955 228 INDEX
984 206 1110 229 RERUM.

1010 278 1091 305 quare
1106 268 1167 296 illos
1185 268 1356 296 commiserit.
1372 272 1434 297 449.
1451 279 1479 297 n.
1499 279 1525 298 E.
1543 270 1597 298 Cur
1612 279 1663 298 non
1684 279 1748 308 per-

1010 312 1112 340 miserit
1124 311 1197 349 sequi
1211 322 1237 339 se
1249 311 1358 347 volenti,
1369 319 1398 340 ut
1408 312 1530 350 sepeliret
1539 320 1642 351 patrem
1655 323 1744 341 suum.

1012 362 1069 384 vll.
1087 360 1150 384 372.
1163 365 1185 383 n.
1199 357 1254 383 Cur
1269 366 1344 383 mane
1356 356 1457 384 esuriit.
1480 363 1537 385 ΥΠ.
1559 362 1624 385 746.
1638 367 1661 384 n.

1051 399 1174 427 Christus
1186 399 1306 438 permisit
1322 406 1351 427 ut
1367 400 1492 427 meretrix
1512 399 1590 438 pedes
1606 401 1656 438 ipsi
1675 400 1747 428 lava—

1010 450 1060 479 ret,
1077 454 1167 481 quam.
1182 451 1253 472 VIII.
1274 448 1338 472 -422,
1353 455 1379 471 c.
1397 444 1452 471 Cur
1466 443 1539 472 illam
1554 443 1678 472 defendat
1687 454 1747 481 quae

1011 488 1156 526 pretiosum
1171 494 1334 525 unguentum
1350 487 1453 516 effudit.
1470 495 1527 517 VII.
1544 492 1606 515 865.
1619 497 1642 515 E.
1657 498 1684 515 A.

1050 531 1173 560 Christus
1193 538 1257 568 quot
1277 538 1301 559 et
1323 538 1421 569 quanta
1440 531 1569 559 beneficia
1592 529 1748 558 hominibus

1011 575 1161 603 contulerit.
1186 581 1243 602 vu.
1268 578 1331 602 538.
1358 584 1388 602 o.
1413 575 1440 602 L.
1464 586 1488 602 A.
1511 573 1593 602 Dedit
1614 572 1747 612 justitiam

1011 626 1145 647 aeternam.
1171 626 1189 646 I.
1216 623 1279 646 736.
1305 629 1331 648 L.
1360 620 1451 655 Longe
1473 618 1549 656 plura
1565 618 1634 646 bona
1657 616 1749 644 intulit

1011 673 1091 700 quam
1108 662 1232 690 diabolus
1246 662 1327 690 mala.
1344 668 1388 691 IV.
1404 666 1469 691 787.
1487 662 1546 690 Non
1562 671 1576 688 a
1590 659 1679 697 bellis,
1695 670 1748 688 non

1011 717 1025 734 a
1040 706 1173 740 barbaris,
1191 705 1236 732 sed
1252 715 1265 732 a
1282 706 1396 743 peccatis
1410 704 1505 732 liberat
1514 704 1646 743 populum
1659 714 1748 732 suum.

1013 758 1068 778 VII.
1087 755 1130 777 63.
1145 761 1170 777 A.
1184 748 1227 777 Ad
1242 749 1399 787 angelorum
1419 748 1576 787 dignitatem
1605 747 1665 776 illos
1690 757 1750 775 eve-

1012 795 1062 822 xit.
1086 801 1131 823 XI.
1149 797 1212 821 (413.
1228 804 1257 822 D.
1274 793 1334 821 'Non
1349 799 1451 820 tantum
1465 791 1565 830 peccati
1582 790 1748 829 tyrannidem

1010 838 1152 869 exstinxit,
1177 835 1223 865 sed
1251 843 1275 865 et
1300 846 1406 864 carnem
1429 836 1554 864 leviorem
1582 835 1677 863 effecit.
1702 841 1748 862 lx.

1011 887 1074 911 627.
1092 893 1114 910 B.
1131 881 1254 909 Christus
1275 880 1407 908 neminem
1422 879 1532 918 punivit
1553 879 1580 907 in
1598 877 1688 913 terris,
1703 876 1749 906 sed

1011 925 1136 954 omnibus
1158 924 1296 953 benefecit.
1316 931 1336 952 I.
1351 929 1414 952 873.
1434 935 1457 952 n.
1472 923 1596 951 Christus
1619 927 1750 960 quantum

1012 970 1130 998 homines
1143 975 1226 1003 curet,
1251 968 1370 1006 ipsisque
1393 967 1543 1007 provideat.
1562 973 1632 996 vul.
1647 969 1709 994 226.
1723 975 1748 993 c.

1012 1014 1129 1042 maxime
1159 1013 1227 1041 circa
1251 1012 1366 1041 salutem
1391 1019 1416 1041 et
1442 1011 1660 1040 emendationem.
1688 1016 1746 1038 VII.

1011 1063 1075 1086 394.
1100 1069 1126 1087 A.
1151 1065 1195 1086 lx.
1214 1061 1279 1085 773.
1307 1066 1332 1084 n.
1365 1056 1416 1085 vel
1445 1066 1527 1084 unum
1549 1056 1683 1083 hominem
1704 1053 1748 1081 la-

1011 1113 1089 1141 psum
1109 1101 1275 1130 redemturus
1294 1101 1415 1128 venisset.
1434 1107 1467 1128 X.
1493 1104 1556 1127 822.
1578 1110 1606 1127 Δ.
1628 1109 1651 1126 Β.
1667 1098 1749 1126 Viam

1010 1146 1045 1174 ad
1056 1146 1166 1174 salutem
1179 1145 1324 1173 faciliorem
1337 1143 1465 1172 reddidit.
1485 1150 1542 1172 VII.
1554 1148 1688 1171 538.V111.
1699 1146 1746 1170 79.

1014 1190 1065 1217 Dat
1081 1189 1203 1227 gratiam.
1220 1195 1251 1216 Χ.
1270 1193 1310 1215 10.
1323 1199 1346 1214 A.

1052 1233 1175 1261 Christus
1200 1232 1279 1260 etiam
1305 1231 1428 1270 gentibus
1460 1231 1530 1259 hona
1558 1230 1680 1259 contulit.
1712 1236 1745 1258 II.

1012 1281 1077 1305 643,
1103 1277 1202 1305 Gentes
1222 1286 1269 1303 cur
1288 1275 1431 1303 haereditas
1451 1275 1562 1304 Christi.
1581 1281 1614 1303 V.
1639 1278 1701 1302 231.
1718 1284 1746 1302 1).

1012 1322 1064 1350 Pro
1084 1320 1208 1349 omnibus
1231 1320 1354 1358 gentibus
1381 1319 1452 1348 venit
1479 1319 1505 1347 in
1535 1318 1678 1347 mundum.
1705 1324 1749 1346 111.

1012 1370 1076 1393 521.
1094 1375 1120 1395 c,
1136 1365 1191 1392 Cur
1208 1370 1300 1402 gentes
1313 1363 1418 1391 adierit.
1437 1367 1564 1391 vu.595.
1578 1373 1607 1392 Ι).
1625 1363 1678 1390 Pro
1696 1361 1751 1389 illis

1012 1416 1133 1438 mortuus
1143 1415 1189 1437 est.
1203 1416 1247 1437 XI.
1260 1413 1324 1438 660.
1340 1419 1366 1436 n.
1381 1418 1408 1436 E.
1420 1407 1539 1446 Populus
1550 1406 1650 1434 Christi
1660 1416 1751 1435 omnes

1011 1459 1140 1491 quotquot
1151 1452 1208 1490 ejus
1219 1451 1368 1480 doctrinam
1381 1451 1532 1489 suscipiunt
1558 1457 1616 1478 VII.
1631 1454 1676 1478 68.
1689 1460 1716 1478 A.
1725 1461 1749 1478 Β.

1011 1499 1067 1527 Cur
1085 1497 1117 1525 de
1130 1496 1276 1533 gentilibus
1295 1495 1329 1523 ad
1344 1495 1424 1523 fidem
1440 1493 1575 1523 conversis
1587 1493 1658 1522 dicat
1671 1494 1749 1522 :Non

1011 1548 1073 1569 sunt
1086 1552 1119 1569 ex
1135 1541 1186 1569 hoc
1199 1540 1273 1569 ovili.
1288 1546 1357 1568 vm.
1380 1544 1444 1568 405.
1463 1550 1488 1567 c.

1051 1585 1173 1614 Christus
1191 1595 1237 1613 cur
1260 1594 1338 1622 super
1362 1583 1464 1611 asinam
1479 1581 1584 1610 sederit.
1606 1588 1661 1610 vn.
1682 1585 1748 1611 738.

1012 1640 1038 1657 A.
1055 1641 1079 1658 n.
1097 1639 1122 1657 c.
1134 1627 1277 1663 Quomodo
1293 1627 1416 1655 turbatus
1428 1627 1472 1656 sit.
1493 1632 1562 1654 VIII.
1575 1629 1637 1654 460.
1652 1636 1679 1655 C.

1053 1673 1176 1701 Chi-istus
1191 1670 1325 1710 quomodo
1341 1670 1523 1698 testimonium
1539 1679 1590 1697 non
1607 1669 1705 1708 accipit
1716 1669 1750 1697 ab

1012 1717 1179 1746 hominibus.
1206 1722 1274 1744 Y111.
1292 1720 1336 1743 49.
1356 1725 1383 1742 D.
1401 1715 1527 1742 Satanam
1548 1720 1624 1741 vocat
1643 1715 1753 1742 Petrum

1012 1772 1026 1789 a
1043 1761 1177 1800 passsione
1188 1770 1248 1787 eum
1262 1758 1405 1798 prohibere
1418 1764 1566 1787 conantem.
1581 1764 1624 1786 III.
1638 1762 1683 1786 23.
1696 1764 1752 1786 VII.

1013 1810 1077 1834 619.
1096 1817 1124 1834 1).
1147 1815 1175 1832 E-

1053 1849 1152 1878 Christi
1166 1847 1269 1876 bellum
1284 1847 1411 1876 adversus
1427 1845 1582 1874 daemonem.
1602 1852 1633 1874 v.
1651 1850 1713 1874 226.
1729 1856 1752 1874 B.

1053 1893 1177 1922 Christus
1195 1893 1222 1920 in
1236 1892 1335 1920 lotione
1356 1890 1453 1930 pedum
1464 1890 1660 1928 discipulorum
1672 1899 1754 1927 quan-

1012 1945 1066 1966 tam
1077 1936 1229 1965 exhibuerit
1241 1935 1432 1964 humilitatem.
1442 1941 1512 1963 VIII.
1525 1938 1589 1963 475.
1603 1944 1633 1962 n.
1650 1933 1705 1962 Hoc
1716 1933 1753 1962 fe-

1013 1982 1048 2010 cit
1065 1989 1093 2010 ut
1107 1992 1154 2009 nos
1175 1980 1331 2009 modestiam
1346 1980 1459 2008 doceret.
1472 1978 1551 2007 475⁴&
1569 1989 1594 2008 Β.
1608 1978 1685 2007 Judae
1698 1978 1753 2017 pri-

1013 2035 1086 2054 mum
1110 2024 1188 2064 pedes
1213 2024 1288 2053 lavit.
1311 2028 1375 2053 475.
1395 2034 1420 2052 Ε.
1440 2024 1502 2058 Quo
1522 2032 1599 2050 sensu
1614 2022 1675 2050 acui
1695 2022 1753 2061 gla-

1012 2069 1089 2098 dium
1101 2069 1188 2108 jubet.
1202 2076 1247 2098 III.
1263 2073 1327 2097 222.
1346 2080 1370 2097 A.
1388 2078 1411 2096 B.
1426 2071 1490 2096 223.

1054 2113 1174 2141 Christus
1194 2112 1373 2151 quadraginta
1403 2121 1486 2149 prope
1512 2119 1595 2138 annos
1615 2109 1749 2148 attigerat.

1018 2164 1086 2186 VIII.
1107 2162 1170 2185 371.
1190 2168 1216 2185 Δ.

1053 2200 1178 2230 Christus
1193 2200 1290 2239 pascha
1311 2199 1373 2227 fecit
1386 2220 1394 2234 ‚
1412 2205 1440 2227 ut
1454 2210 1501 2238 per
1513 2198 1637 2226 umbram
1652 2197 1755 2226 verita-

1014 2252 1066 2273 tem
1085 2244 1272 2273 introduceret.
1294 2250 1314 2271 1.
1330 2247 1395 2271 745.
1411 2242 1552 2277 Quomodo
1567 2241 1634 2270 illud
1650 2241 1754 2270 deside-

1015 2294 1062 2323 ret,
1079 2294 1104 2316 et
1128 2297 1179 2315 non
1197 2287 1338 2315 desideret.
1355 2293 1375 2315 l.
1391 2291 1453 2315 623.
1471 2298 1497 2315 Λ.
1514 2290 1578 2316 624.
1594 2286 1648 2314 Cur
1659 2285 1754 2324 paseha

1014 2332 1154 2360 celebrarit
1173 2331 1220 2359 illo
1242 2338 1370 2369 tempore.
1388 2338 1406 2358 1.
1420 2335 1482 2359 745.
1495 2341 1523 2359 ιε.
1538 2333 1589 2358 Per
1606 2328 1754 2369 passionem

1013 2376 1110 2414 pascha
1123 2376 1177 2414 ipse
1191 2375 1300 2403 effectus
1316 2370 1363 2402 est.
1380 2382 1414 2402 II.
1432 2379 1495 2402 -462,
1511 2385 1535 2402 13.

1056 2419 1156 2447 Christi
1172 2419 1308 2447 cruciatus
1328 2424 1392 2456 quot
1412 2424 1437 2445 et
1452 2417 1557 2455 quanti.
1575 2423 1630 2445 vn.
1647 2420 1710 2445 924.
1724 2427 1750 2444 Δ.

1014 2466 1101 2500 Quam
1117 2463 1201 2491 multa
1218 2473 1312 2502 passus
1328 2464 1363 2490 sit
1380 2472 1428 2501 pro
1439 2471 1487 2490 suo
1501 2471 1589 2499 grege.
1604 2468 1625 2489 I.
1642 2464 1707 2488 607.
1724 2470 1751 2487 c.

1017 2516 1060 2537 III.
1082 2513 1146 2536 639.
1164 2513 1227 2536 640.
1240 2508 1299 2536 Non
1315 2507 1342 2535 vi
1357 2513 1403 2534 aut
1416 2505 1584 2540 necessitate,
1596 2503 1642 2532 scd
1658 2503 1752 2531 lubens

1014 2553 1085 2580 venit
1107 2551 1141 2579 ad
1160 2551 1318 2590 passionem.
1344 2557 1410 2578 vui.
1427 2554 1490 2578 557.
1507 2559 1532 2576 Β.
1550 2546 1648 2577 Christi
1664 2546 1751 2585 passio

1015 2597 1082 2626 actio
1093 2595 1180 2624 vocari
1190 2601 1283 2633 potest.
1294 2601 1338 2623 lx.
1348 2599 1375 2624 7.
1387 2593 1508 2622 Christus
1518 2602 1588 2626 vere,
1598 2597 1679 2621 etnon
1691 2600 1748 2628 sse-
