1950 2922
134 1375 266 1403 chrysosto-

127 1414 173 1426 nins
187 1409 264 1428 Antio.

127 1439 200 1458 eli-:uis
211 1442 266 1460 seri-

278 238 343 261 2o0
758 234 786 254 S.

275 300 315 328 sui
333 299 475 328 excusandi
488 309 564 326 causa
577 299 729 326 Isaurorum
743 301 842 322 nictum
855 291 1007 324 obtendere,

275 345 493 384 quandoquidem
516 344 593 372 multi
615 348 699 375 erant,
719 341 765 378 qui
786 346 842 378 post
865 338 1009 366 discessum

274 393 330 431 ejus
346 393 480 420 (Incusum
497 395 628 418 venerant.

314 437 466 477 Epistolam
480 438 536 464 138
548 435 583 463 ad
599 433 753 473 Elpfflium,
770 431 923 470 episcopum
942 430 1012 457 Lao-

274 483 400 512 diccnum
410 504 417 517 ‚
430 482 520 510 eodem
536 480 642 509 circiter
654 486 773 518 tempore
786 476 921 515 scripsisse
936 474 1014 503 vide-

275 537 329 557 tur.
349 529 413 557 Erat
434 528 480 556 ille
498 527 616 555 sincerus
632 525 746 561 amicus,
763 531 787 552 et
806 530 893 551 tamen
910 532 937 550 se
954 531 1013 549 raro

275 575 314 602 illi
339 573 475 612 scripsisse
493 573 596 610 'fatetur
613 584 620 600 :
637 581 731 599 verum
753 576 778 598 et
796 568 858 596 anni
873 572 1013 605 tempestas

277 627 301 648 et
316 619 432 648 solitudo
450 619 520 656 loci,
543 619 569 646 in
585 629 638 656 qno
657 617 756 645 arctius
770 624 849 653 quam
870 613 896 640 in
912 622 1014 640 earcere

276 666 395 694 inclusus
408 665 558 701 tenebatur,
574 671 598 693 et
611 674 701 692 eorum
715 663 760 700 qui
775 672 802 689 se
816 660 919 688 adirent
934 658 1014 686 infre-

277 713 393 750 quentia,
405 722 471 750 quos
483 718 569 739 tamen
587 721 637 739 non
652 719 742 738 omnes
755 708 806 736 sibi
822 706 890 734 sitlos
901 715 956 734 esse
969 715 1015 742 pu-

275 758 363 793 tabaty
385 768 414 786 ac
434 757 547 795 denique
562 758 687 790 morbus,
708 756 753 792 qui
775 754 851 781 illum
868 762 914 791 per
932 757 1014 778 totam

276 805 330 832 sere
344 804 468 842 hyemem
482 803 548 831 lecto
567 802 701 830 affixerat:
719 800 774 828 hsce
790 798 892 833 omnia,
912 797 1014 834 inquit,

277 862 304 879 se
319 861 351 878 ne
365 850 454 889 plures
474 850 598 878 scriberet
616 848 705 876 literas
725 846 914 880 cohibuerant,
935 854 1014 881 seque

278 904 364 924 tamen
385 895 596 934 frequentissime
611 894 688 922 illum
707 899 736 921 ut
751 892 837 920 lidum
851 890 966 919 amicum
986 888 1013 916 111

277 943 365 970 auimo
383 952 496 971 versare.

318 989 420 1017 Eadem
433 988 537 1016 circiter
546 992 698 1026 tempestate
708 984 830 1014 Anatolio
843 983 947 1021 scripsit
959 980 1013 1020 epi-

278 1035 372 1064 stolam
387 1035 454 1064 205.
470 1034 535 1062 Erat
547 1034 592 1061 ille
608 1032 748 1061 Anatolius
761 1029 912 1069 ἐπαρχικός,
928 1027 1012 1063 idest,

279 1088 307 1109 ut
332 1088 397 1120 puto
409 1103 416 1116 ,
433 1079 637 1118 Erproeseelus
652 1077 910 1116 [Pr‘mszw-tianzts?
925 1076 936 1111 ]
951 1085 955 1100 z
969 1074 1015 1111 qui

278 1134 417 1166 postquam
433 1127 547 1155 Joanues
561 1131 649 1152 noster
667 1124 692 1151 iu
708 1123 834 1151 exsilium
847 1121 939 1160 pulsus
954 1121 1015 1148 fue-

277 1179 335 1207 rat,
348 1173 431 1200 multa
448 1172 473 1199 iu
486 1173 542 1209 ejus
559 1170 670 1208 gratiam
683 1168 787 1197 dixerat
799 1169 954 1205 feceratque.
970 1167 1016 1194 Ait

277 1229 339 1246 vero
351 1229 378 1246 se
390 1241 395 1253 ,
409 1228 442 1246 110
453 1217 503 1256 ipsi
520 1216 647 1244 scriberet
660 1237 666 1247 ,
680 1215 758 1253 longa
771 1213 891 1252 corporis
907 1213 1016 1251 aegritu-

276 1264 338 1292 dine
356 1264 492 1292 detentum
512 1263 608 1296 fuisse,
630 1261 664 1289 ab
683 1260 781 1298 illoque
795 1259 861 1298 petit
876 1265 905 1287 ut
922 1259 955 1287 de
969 1269 1015 1286 sua

277 1319 441 1347 suorumque
459 1307 612 1336 valetudine
633 1317 659 1334 se
673 1307 757 1334 literis
772 1305 910 1333 certiorem
928 1304 1015 1332 saciat.

317 1356 384 1383 Cum
409 1354 580 1384 Antiochenis
608 1353 725 1381 maxime
752 1352 889 1380 literarum
914 1361 1017 1389 semper

277 1401 438 1430 consortium
448 1401 554 1436 habuit,
569 1407 663 1429 etcum
676 1399 752 1427 Clero
765 1398 883 1437 ejusdem
894 1398 1018 1427 civitatis.

276 1449 361 1477 Erant
382 1454 471 1476 autem
491 1446 550 1475 istic
571 1452 685 1483 quatuor
701 1444 850 1484 presbyteri
870 1443 920 1472 sibi
940 1443 1018 1472 addi-

279 1493 388 1521 ctissimi
416 1500 496 1530 atque
523 1491 640 1520 amicitia
668 1497 759 1519 mutua
790 1491 1015 1529 conjunctissimi,

277 1549 373 1578 nempe
386 1539 490 1573 Castus,
506 1538 642 1572 Valerius,
656 1536 824 1575 Diophantus
836 1543 859 1564 et
872 1536 999 1574 Cyriacus
1012 1548 1018 1564 :

277 1585 319 1612 his
347 1595 410 1613 vero
438 1584 487 1612 hoc
520 1584 625 1611 circiter
646 1591 765 1621 tempore
785 1581 923 1620 epistolam
948 1582 1018 1610 seri-

279 1631 330 1669 psit
345 1632 410 1660 150.
428 1630 542 1658 Orditur
558 1636 645 1657 autem
663 1629 764 1663 dicens,
780 1628 898 1656 caritatis
910 1627 1017 1656 vincula

278 1677 408 1706 creditore
420 1676 516 1715 quovis
531 1675 725 1705 vehementiora
740 1685 802 1702 esse.
815 1674 937 1702 Creditor
948 1674 1018 1702 enim

279 1731 417 1763 postquam
428 1722 531 1751 debitas
543 1721 594 1750 sibi
610 1721 734 1759 pecunias
744 1720 855 1758 recepit,
867 1720 936 1748 nihil
949 1720 1018 1748 ultra

278 1769 468 1807 requirendum
480 1768 588 1803 habere,
599 1767 644 1795 sed
653 1767 741 1795 debita
754 1767 870 1795 caritatis
878 1773 1018 1805 postquam

277 1815 362 1843 soluta
382 1821 462 1849 sunt,
486 1813 577 1842 cadem
597 1823 718 1849 manere,
740 1815 793 1841 imo
809 1823 910 1851 semper
927 1823 1017 1842 accre-

278 1872 360 1889 scere.
402 1860 458 1888 )uia
478 1870 541 1888 veto
567 1859 607 1887 illi
628 1858 661 1887 de
682 1859 764 1897 ipsius
786 1858 938 1887 valetudine
958 1870 1018 1887 cer-

280 1907 360 1935 tiores
376 1906 432 1934 fieri
446 1905 630 1945 peroptabant,
643 1905 681 1933 ait
695 1904 740 1932 ille
752 1915 779 1932 se
790 1904 918 1933 stomachi
931 1905 1018 1933 imbe-

280 1954 391 1981 cillitate
409 1952 552 1980 liberatum
571 1962 641 1987 esse,
661 1957 739 1988 atque
756 1950 860 1987 valere,
882 1961 930 1979 nec
945 1951 1020 1979 obsi-

279 2000 358 2028 dione
368 2023 374 2034 ,
394 2010 440 2027 nee
455 2000 590 2026 latronum
606 1997 816 2032 incursionibus,
831 2007 879 2025 nec
891 1997 944 2025 loci
958 1998 1020 2025 soli-

283 2044 385 2079 tudine,
399 2055 445 2072 nec
460 2043 579 2072 adversis
594 2042 699 2071 casibus
711 2042 874 2077 conturbari,
892 2042 938 2071 sed
954 2042 1018 2079 otio,

282 2091 422 2118 securitate
442 2100 473 2118 ac
493 2089 580 2127 quiete
598 2088 669 2124 frui,
689 2099 719 2116 ae
741 2088 853 2127 singulis
873 2088 969 2117 diebus
987 2089 1020 2118 de

282 2137 389 2164 illorum
407 2143 476 2164 statu
492 2146 583 2163 curam
597 2135 706 2170 habere,
723 2145 753 2162 ac
768 2145 828 2162 cum
844 2135 876 2163 iis
890 2135 1019 2173 quiacce-

281 2182 378 2210 <lebant
400 2182 433 2210 de
449 2182 527 2210 rebus
548 2180 582 2209 ad
600 2181 672 2219 ipsos
689 2180 870 2219 spectantibus
887 2180 1019 2219 colloquia

281 2229 398 2257 miseere.

323 2275 386 2302 ltaee
410 2275 519 2313 epistola
543 2274 603 2303 aliis
624 2273 819 2313 circumpositis
846 2274 952 2313 longior
972 2282 1018 2304 est.

282 2322 384 2350 Verum
409 2320 489 2348 aliam
514 2321 563 2349 hac
589 2321 735 2359 longiorem
760 2321 825 2359 ipsis
849 2321 945 2356 misit,
973 2321 1020 2350 ubi

282 2369 366 2396 multa
380 2374 484 2395 enarrat
493 2367 526 2396 de
540 2369 714 2396 tentationum
727 2375 752 2396 et
762 2368 952 2397 adversitatum
965 2369 1020 2397 sru-

282 2422 325 2442 0111
343 2424 349 2442 :
364 2414 401 2441 ait
414 2424 478 2441 vero
493 2424 535 2448 se,
551 2414 610 2442 licet
630 2414 747 2453 epistolae
765 2415 863 2443 limites
878 2415 1020 2444 excessisse

281 2459 414 2493 videatur,
442 2469 548 2497 sperare
571 2466 658 2488 tamen
683 2460 754 2499 ipsos
779 2461 894 2490 vinculis
921 2462 1018 2491 amoris

281 2506 437 2541 obstrictos,
456 2505 604 2533 breviorem
626 2505 699 2533 illam
719 2517 774 2534 0550
793 2513 932 2545 putaturos
953 2518 1016 2537 esse.

282 2552 332 2578 lles
354 2561 387 2579 ex
409 2557 470 2579 voto
488 2550 680 2589 Chrysostomo
699 2552 775 2580 cessit
792 2563 798 2580 ε
819 2553 925 2590 longam
948 2555 1017 2583 enim

282 2597 356 2625 illam
376 2597 514 2636 epistolam
534 2597 640 2626 brevem
659 2597 709 2625 silvi
729 2598 815 2626 visam
838 2599 918 2627 fuisse
937 2599 1018 2628 dixe-

284 2650 361 2678 runt,
382 2650 412 2672 ut
427 2643 453 2671 in
473 2642 583 2681 epistola
598 2644 636 2672 Ἡ
655 2643 687 2671 ad
706 2643 776 2682 ipsos
791 2644 869 2672 missa
887 2653 1018 2675 narratur.

815 232 895 254 mix
904 230 952 252 Nts
979 228 1212 251 Ctttti'SOSTOMI
1239 229 1334 260 vtTA,

1064 291 1103 319 Ea
1119 291 1188 318 enim
1204 298 1241 319 cst
1256 291 1297 319 vis
1312 290 1446 324 caritatis,
1466 291 1551 329 inquit
1566 291 1624 329 1110,
1644 301 1704 329 quse
1719 299 1797 317 num-

1066 347 1146 373 quam
1164 336 1265 375 expleri
1288 336 1385 375 possit,
1408 336 1444 364 ita
1465 342 1494 364 ut
1516 336 1537 364 si
1558 336 1670 375 decuplo
1694 335 1798 373 longior

1065 381 1175 420 epistola
1192 382 1298 418 suisset,
1316 381 1405 410 brevis
1420 389 1506 410 tamen
1522 381 1579 410 visa
1594 382 1688 411 fuisset
1705 391 1800 409 aman—-

1065 427 1146 456 tibus.
1164 428 1226 456 Haec
1238 435 1325 456 autem
1341 428 1386 456 1110
1397 428 1521 467 pluribus
1536 428 1710 466 persequitur.
1727 428 1802 462 Quo-

1066 473 1136 501 niam
1153 484 1215 502 vero
1235 473 1285 513 ipsi
1303 473 1400 502 hortati
1418 473 1494 502 illum
1511 474 1613 501 fueraut
1628 480 1657 501 ut
1672 474 1802 509 Romano,

1066 519 1223 558 presbytero
1244 519 1426 556 Antiocheno,
1450 519 1622 548 sanctimonia
1648 525 1674 547 et
1698 529 1803 547 morum

1066 565 1197 593 suavitate
1218 565 1332 603 insigni,
1351 566 1440 594 literas
1459 565 1572 594 mitteret
1588 578 1594 594 :
1612 575 1712 594 morem
1734 565 1800 604 ipsis

1067 622 1169 649 gerens,
1187 612 1325 652 epistolam
1344 615 1382 641 25
1397 613 1431 641 ad
1449 614 1599 641 Romanum
1618 613 1804 652 presbyterum

1067 658 1151 695 misit,
1169 669 1248 696 quem
1264 666 1293 688 ut
1312 659 1429 688 caritatis
1443 659 1500 697 lege
1519 659 1569 687 sibi
1586 669 1689 698 semper
1705 658 1802 687 adstri-

1067 711 1139 732 ctum
1160 704 1251 733 laudat
1267 716 1281 733 a
1300 716 1405 734 morum
1420 705 1578 743 virtutisque
1594 704 1734 741 suavitate,
1751 716 1804 743 qua

1068 762 1157 779 omnes
1179 751 1223 789 qui
1237 744 1275 779 ⁴ad
1297 752 1386 790 ipsum
1406 751 1564 780 accedebant
1586 762 1647 779 suos
1670 751 1802 780 redderet.

1068 797 1155 833 Rogat
1176 804 1265 825 autem
1288 797 1376 825 literas
1402 797 1452 825 sibi
1475 798 1576 833 mittat,
1599 805 1624 826 et
1645 808 1672 826 se
1694 808 1805 837 precum

1067 853 1176 875 suarum
1196 843 1315 871 subsidio
1333 844 1419 882 juvet.
1442 844 1577 871 Romanus
1594 854 1657 872 vcro
1678 844 1727 872 hac
1746 844 1805 883 epi-

1067 890 1134 918 stola
1149 890 1296 919 concitatus
1306 912 1313 926 ‚
1327 901 1379 918 non
1395 889 1474 918 modo
1487 890 1582 919 Joanni
1595 890 1743 929 rescripsit,
1757 890 1805 919 sed

1066 936 1144 963 etiam
1159 935 1186 963 id
1201 936 1301 973 effecit,
1322 943 1350 964 ut
1363 936 1480 964 caritatis
1496 943 1520 964 et
1539 935 1728 964 benevolentia}
1743 947 1805 975 erga

1068 981 1291 1020 Clu'ysostomum
1305 993 1358 1010 sua:
1378 982 1446 1010 fama
1464 993 1515 1010 non
1532 982 1559 1010 in
1575 982 1728 1011 Armeniam
1743 990 1807 1011 tan·

1066 1033 1140 1061 tum,
1155 1027 1199 1056 sed
1213 1035 1237 1056 et
1252 1028 1278 1056 iu
1294 1028 1506 1067 Cappadociam,
1524 1031 1625 1068 quavis
1638 1032 1708 1058 tuba
1723 1031 1807 1058 lucu-

1069 1073 1174 1101 lentius
1194 1074 1360 1113 pervaderet.
1378 1074 1506 1103 Hortatur
1519 1082 1608 1103 autem
1627 1075 1705 1104 illum
1723 1083 1753 1105 ut
1773 1076 1807 1105 de

1068 1120 1221 1150 valetudine
1241 1132 1288 1149 sua
1308 1121 1359 1150 51111
1377 1122 1538 1160 frequentius
1555 1123 1644 1151 literas
1660 1123 1766 1161 mittat,
1782 1131 1808 1152 ct

1069 1167 1095 1195 in
1109 1167 1232 1206 precibus
1247 1169 1288 1196 sui
1302 1168 1456 1196 memoriam
1470 1179 1521 1196 non
1537 1169 1703 1197 intermittat.
1719 1170 1808 1198 Aliam

1070 1224 1176 1251 quoque
1195 1213 1332 1252 epistolam
1351 1215 1409 1241 &2
1428 1213 1500 1242 1111511
1518 1214 1611 1242 iisdem
1626 1215 1806 1254 presbyteris,

1070 1260 1161 1293 Casto,
1176 1259 1295 1292 Valerio,
1314 1259 1466 1298 Diophanto
1481 1266 1506 1287 et
1521 1260 1643 1299 Cyriaco,
1659 1261 1705 1298 qui
1719 1261 1808 1300 ipsum

1070 1311 1096 1332 ut
1109 1304 1214 1343 prolixa
1225 1304 1276 1332 sibi
1288 1304 1398 1343 epistola
1410 1305 1578 1344 responderet
1588 1306 1685 1344 precati
1695 1307 1808 1336 fuerant.

1069 1351 1167 1378 Mutuo
1180 1358 1266 1378 autem
1282 1351 1342 1379 illos
1358 1351 1455 1379 amoris
1468 1351 1575 1380 vinculo
1587 1352 1742 1382 constrictos
1759 1353 1808 1382 de-

1070 1397 1208 1436 praedicat,
1233 1404 1375 1436 optareque
1400 1408 1427 1426 se
1450 1397 1517 1426 dicit
1539 1405 1567 1426 nt
1593 1409 1732 1438 congressu
1754 1401 1809 1429 frui

1071 1443 1163 1480 liceat,
1179 1442 1224 1471 sed
1241 1444 1302 1481 quia
1321 1443 1347 1471 id
1362 1454 1467 1482 sperare
1479 1454 1529 1472 non
1546 1452 1661 1483 poterat,
1674 1445 1808 1484 ingentem

1071 1489 1163 1518 saltem
1179 1490 1315 1518 literarum
1331 1490 1452 1528 copiam,
1471 1490 1580 1528 νιφάδας
1598 1492 1757 1528 ἐπιστολῶν,
1773 1493 1807 1521 ad

1070 1546 1097 1563 se
1117 1536 1231 1564 mittant.

1112 1581 1230 1620 Epistola
1245 1582 1283 1610 93
1303 1582 1399 1621 scripta
1418 1582 1469 1610 fuit
1492 1582 1659 1621 Aphthonio,
1680 1583 1809 1613 Theodo-

1071 1635 1108 1662 to,
1130 1628 1244 1656 Chaereae
1263 1628 1427 1667 presbyteris
1441 1635 1465 1656 et
1480 1628 1632 1666 monachis,
1652 1629 1764 1668 aliisque
1781 1631 1809 1659 in

1071 1673 1194 1703 sodalitio
1214 1674 1366 1713 Zeugniatis
1382 1675 1550 1703 versantibus
1568 1687 1574 1702 :
1591 1686 1735 1714 eorumque
1749 1687 1809 1716 pre-

1072 1721 1147 1749 cibus
1167 1732 1222 1749 sese
1239 1721 1422 1756 commendat,
1441 1728 1469 1749 ut
1489 1722 1546 1759 qui,
1564 1732 1625 1750 cum
1642 1722 1743 1751 mundo
1760 1733 1810 1751 va-

1072 1767 1228 1796 ledixissent
1248 1768 1344 1806 etjam
1364 1768 1389 1796 in
1410 1768 1554 1805 tranquillo
1575 1775 1654 1807 portu
1672 1779 1810 1798 versaren-

1072 1821 1131 1847 tur,
1153 1820 1241 1841 noctes
1262 1813 1290 1842 in
1310 1813 1368 1841 dies
1387 1813 1421 1841 ad
1440 1813 1603 1852 precandum
1625 1822 1810 1845 commutave-

1072 1860 1143 1894 rint3
1165 1860 1325 1898 insuperque
1342 1867 1371 1888 ut
1390 1859 1422 1887 de
1442 1859 1594 1888 valetudine
1612 1871 1659 1888 sua
1679 1871 1706 1889 50
1723 1861 1809 1890 literis

1072 1906 1208 1934 certiorem
1224 1906 1319 1934 saciant
1333 1913 1450 1945 exoptat.
1466 1905 1568 1934 Eadem
1579 1906 1632 1934 sere
1644 1907 1700 1946 ipsa
1715 1908 1810 1946 repetit

1073 1953 1099 1980 iu
1124 1952 1234 1991 epistola
1258 1954 1296 1981 70
1319 1952 1353 1980 ad
1373 1952 1479 1981 eosdem
1498 1952 1577 1981 missa
1596 1965 1602 1980 :
1619 1953 1645 1981 in
1667 1954 1743 1992 cujus
1756 1954 1810 1984 fine

1072 1998 1154 2034 dicit,
1175 2009 1202 2026 se
1216 1998 1324 2036 quidem
1345 2005 1437 2027 exacta
1455 1997 1552 2038 hyeme
1565 2005 1590 2027 et
1608 2005 1702 2027 exorto
1719 2010 1781 2028 vere
1795 2011 1810 2029 a

1072 2044 1147 2082 gravi
1159 2044 1252 2072 morbo
1266 2043 1408 2072 liberatum
1422 2044 1512 2077 fuisse,
1528 2043 1575 2071 sed
1589 2044 1672 2082 ipsius
1684 2045 1810 2082 reliquias

1073 2090 1160 2118 adhuc
1176 2090 1346 2118 circumferre
1356 2111 1363 2124 ‚
1379 2100 1445 2127 quas
1459 2089 1592 2127 augebant
1606 2089 1685 2117 etiam
1699 2091 1811 2119 Isaurici

1073 2136 1204 2165 tumultus
1220 2148 1225 2164 t
1240 2146 1322 2173 quare
1337 2135 1364 2163 in
1385 2145 1564 2163 {erumnarum
1581 2135 1706 2163 solatium
1720 2135 1811 2164 literas

1074 2183 1123 2222 ipsi
1139 2183 1267 2211 miserunt
1289 2180 1465 2215 Theodorus,
1488 2181 1614 2209 Nicotaus
1631 2187 1656 2209 et
1676 2181 1808 2219 Chaereas,

1073 2229 1148 2267 queis
1167 2228 1377 2257 testificabantur
1397 2238 1425 2255 se
1446 2228 1581 2255 Cucusum
1602 2227 1687 2266 ipsius
1707 2228 1810 2257 visendi

1075 2286 1152 2304 causa
1169 2281 1293 2303 venturos
1306 2273 1396 2307 fuisse,
1411 2273 1462 2301 nisi
1481 2273 1633 2302 Isaurorum
1649 2274 1811 2303 incursiones

1075 2321 1264 2361 impedimento
1280 2319 1331 2348 sibi
1346 2319 1465 2348 fuissent.
1480 2319 1527 2347 His
1542 2319 1676 2358 respondit
1692 2319 1812 2359 Chryso-

1075 2375 1175 2397 stomus
1189 2366 1299 2406 epistola
1311 2364 1378 2401 146,
1389 2375 1416 2393 50
1429 2372 1515 2393 tamen
1527 2365 1597 2404 ipsos
1608 2376 1641 2394 ex
1653 2365 1749 2394 affectu
1764 2367 1811 2396 tali

1074 2414 1150 2453 quasi
1165 2419 1304 2453 pressentes
1322 2422 1426 2450 semper
1444 2411 1556 2446 habere,
1576 2421 1623 2440 nec
1642 2411 1765 2441 dubitare
1783 2423 1811 2442 se

1074 2461 1140 2499 quin
1161 2458 1305 2497 aliquando
1326 2464 1426 2486 mutata
1449 2468 1538 2485 rerum
1561 2457 1712 2486 conditione
1730 2458 1765 2487 ad
1783 2469 1811 2487 se

1074 2506 1190 2536 veniant.
1205 2506 1240 2534 Se
1255 2511 1344 2533 autem
1362 2504 1398 2532 ait
1410 2503 1498 2541 quiete
1517 2510 1541 2532 et
1555 2503 1609 2532 otio
1618 2503 1682 2539 frui,
1699 2514 1811 2543 corpus-

1074 2563 1126 2592 que
1144 2562 1223 2581 suum
1239 2551 1301 2579 licet
1321 2560 1373 2578 non
1393 2550 1494 2588 integra
1515 2549 1670 2578 valetudine
1685 2550 1789 2579 fruatur
1801 2572 1808 2586 ‚

1073 2606 1112 2627 sat
1127 2597 1265 2627 commode
1281 2607 1308 2625 se
1323 2596 1430 2632 habere⁷
1444 2603 1468 2624 et
1482 2596 1635 2625 Isaurorum
1648 2595 1810 2626 incursiones

1075 2644 1224 2675 valetudini
1241 2654 1294 2673 succ
1308 2643 1421 2672 oslicere.

1940 0 1946 28 l
