1884 2922
282 202 350 247 278

288 281 349 304 126.
367 288 392 304 Λ.
408 275 525 304 Ducendi
540 282 601 303 sunt
621 285 699 302 mauu
716 274 827 301 frontem
842 274 957 313 signare.
975 276 1018 302 lb.

284 327 309 347 et
328 326 468 357 antequam
483 318 532 347 boc
547 318 665 357 possint,
684 317 826 355 propinqui
843 323 867 344 et
882 317 1022 345 servitores

281 362 376 391 dehent
393 364 429 391 eis
444 373 548 390 crucem
565 361 726 400 imprimere.
750 361 794 387 ΙΙ).
814 360 957 388 infantium
971 371 1021 388 cu-

283 413 336 434 stos
352 409 432 434 Deus.
451 413 481 433 v.
505 410 568 433 365.
599 416 625 433 c.
650 415 678 432 n.
697 404 752 432 Iloe
768 403 917 432 maximum
939 414 1020 441 genus

281 450 329 478 Dei
357 449 543 488 providentiae.
558 450 601 477 lb.
615 459 637 476 n.
653 448 744 476 Solent
759 454 865 483 matres,
880 447 1020 475 insolentes

286 493 411 532 puerulos
426 492 540 520 diversis
552 492 634 520 larvis
649 498 835 530 perterrentes,
853 491 912 519 illos
927 501 1020 528 cogere

280 544 309 565 ut
330 537 364 564 ad
385 537 473 564 sinum
491 546 569 563 suum
596 535 759 573 confugiant.
781 539 844 562 364.
860 545 888 562 D.
903 534 1020 562 Infantes

279 581 311 609 ad
334 582 390 609 Deo
405 580 612 619 supplicandum
632 579 717 607 vocati
728 601 734 614 ‚
747 578 811 616 quia
826 578 874 606 soli
891 578 1014 606 insontes.

280 632 312 652 II.
331 629 376 652 48.
392 636 417 654 B.
432 624 486 652 Cur
504 624 607 662 plorent
623 623 745 656 infantes,
757 621 836 650 etiam
850 632 909 649 cum
921 628 1019 649 exeunt

279 669 305 696 in
328 669 423 696 lucem.
452 675 496 696 111.
518 672 565 698 97.
586 678 613 695 E.
630 678 656 694 A.
671 666 787 694 Infantes
799 664 932 703 quomodo
947 664 1016 693 edu—

278 712 366 740 candi.
383 719 427 741 XI.
447 716 510 740 603.
524 711 566 739 Ab
582 711 688 739 ineunte
699 716 774 737 aetate
788 709 892 737 discant
907 708 971 746 quid
984 709 1018 737 sit

275 756 409 795 judicium
420 778 427 791 ‚
449 755 514 794 quid
530 755 704 794 supplicium.
728 756 772 782 ΙΙ).
790 754 839 781 llic
855 760 940 781 metus
955 763 1016 781 ma-

278 810 329 838 gna
346 800 412 828 bona
426 799 495 827 facit.
512 801 556 828 ΙΙ).
576 798 702 827 Anilibus
716 797 815 825 fabulis
831 807 882 825 non
896 804 958 825 sunt
969 806 1015 824 as-

279 843 450 872 suefaciendi.
470 845 514 871 lb.

318 888 433 915 Infantes
460 886 588 915 canebant
609 892 634 913 et
657 886 745 913 Deum
768 884 930 919 laudabant,
955 893 1016 911 cum

278 931 402 959 Christus
417 930 599 968 ingrederetur
607 929 815 967 Jerosolymam.
825 935 856 957 V.
867 932 911 955 95.
922 928 952 955 In
963 936 1016 964 quo

278 975 394 1003 maxime
415 975 499 1002 elucet
515 974 563 1002 Dei
580 973 705 1012 potentia.
720 974 764 1000 ΙΙ).
782 983 808 1000 1).
822 982 848 1000 A.
863 971 938 999 Hanc
951 980 1014 1009 pue-

277 1029 369 1047 rorum
388 1017 596 1046 decantationem
614 1015 777 1055 praedixerat
793 1014 880 1043 David
896 1013 1012 1053 prophe-

276 1069 312 1090 ta.
326 1064 371 1090 II).
388 1073 413 1090 c.
430 1061 545 1089 Infantes
563 1060 602 1088 illi
620 1067 700 1098 typus
722 1065 796 1087 erant
820 1057 1014 1096 apostolorum.

275 1108 319 1134 ΙΙ).
335 1116 364 1136 1).

316 1150 430 1177 Infantes
444 1149 644 1184 (INNOCENTES)
667 1145 881 1184 curss'permiserit
893 1145 965 1172 Deus
977 1144 1011 1171 ab

276 1193 359 1232 impio
370 1193 474 1221 Herode
484 1192 574 1220 occidi.
586 1199 643 1219 VII.
660 1195 722 1218 152.
737 1200 765 1217 1).
778 1188 927 1216 Infantibus
942 1188 1012 1216 necis

275 1247 354 1264 cansa
363 1246 414 1264 non
429 1236 480 1264 fuit
491 1234 676 1269 Christus,sed
686 1233 753 1271 regis
766 1230 919 1262 crudelitas.
933 1233 1010 1260 Ilus.

275 1281 377 1308 Merces
390 1280 454 1318 ipsis
469 1279 583 1318 reposita
598 1285 646 1306 est.
665 1284 722 1305 VII.
738 1281 799 1305 154.

314 1325 411 1352 INFEIU
427 1333 565 1362 poenarum
581 1329 604 1349 et
620 1321 786 1349 cruciatuum
813 1319 965 1358 descriptio.
988 1326 1007 1346 I.

277 1371 322 1395 15.
338 1377 400 1406 sqq.
424 1371 538 1395 v.278‚
557 1376 585 1393 1).
605 1375 632 1393 Ε.
650 1371 708 1393 XII.
728 1369 773 1392 15.
790 1375 812 1392 n.
829 1374 854 1392 c.
874 1368 918 1391 16.
931 1362 1011 1390 Inferi

276 1420 325 1448 pro
341 1409 445 1437 aeternis
460 1407 622 1436 cruciatibus
646 1413 798 1434 sumuntur.
818 1413 850 1434 V.
868 1410 930 1433 264.
946 1417 972 1432 A.
987 1416 1009 1432 B.

276 1453 429 1481 Thesauros
447 1450 623 1479 tenebricosos
640 1449 758 1477 nominat
773 1449 905 1476 infernum
916 1448 1009 1482 Isaias,

274 1507 364 1535 quare.
386 1503 417 1524 II.
443 1500 507 1523 471.
525 1504 552 1520 Β.
577 1503 603 1521 c.
622 1492 718 1520 Nullus
743 1498 827 1530 potest
848 1491 1010 1519 infernorum

274 1540 400 1579 supplicii
417 1538 518 1577 sperari
534 1537 604 1564 finis.
619 1543 640 1564 1.
663 1540 707 1564 47.
732 1547 758 1563 A.
783 1535 881 1563 Inferni
897 1542 982 1563 metus
995 1545 1010 1562 a

274 1585 351 1612 vitiis
375 1590 399 1612 et
420 1581 532 1621 peccatis
555 1580 675 1609 retrahit.
698 1586 731 1608 Χ.
757 1584 819 1607 600.
835 1590 860 1607 e.
884 1589 912 1607 1).
939 1579 1010 1607 J'ide

275 1628 396 1656 Genea-x
405 1639 426 1656 1.

314 1671 460 1709 Infe1>i3per
479 1668 618 1698 Christum
630 1674 692 1696 sunt
705 1667 840 1706 perfracti.
858 1673 891 1695 V.
908 1671 1007 1695 204.13.

312 1716 459 1743 lxmam
474 1713 499 1740 in
515 1713 564 1740 hac
582 1712 637 1739 vita
659 1718 683 1739 et
699 1711 725 1739 in
746 1711 833 1738 futura
849 1711 1008 1749 puniuntur.

275 1767 294 1787 l.
308 1764 372 1787 940.
390 1770 413 1787 B.
429 1768 455 1786 c.
472 1757 528 1785 Hoc
539 1756 573 1784 ab
585 1755 740 1784 infidelibus
752 1754 920 1791 differimus,
939 1753 1012 1791 quod

273 1803 351 1831 aliter
365 1809 442 1839 atque
458 1801 496 1828 illi
512 1799 545 1828 de
559 1799 638 1827 rebus
654 1798 891 1838 ipsisjudicemus.
903 1802 966 1826 938.
982 1809 1008 1827 ε,

274 1846 424 1875 Christiana
440 1845 565 1883 dogmata
585 1843 697 1871 irridere
718 1842 809 1870 solent.
837 1849 868 1870 II.
897 1846 959 1869 428.
982 1853 1009 1871 A.

274 1891 407 1919 Putabant
429 1888 547 1917 infideles
568 1888 654 1915 Deum
670 1897 725 1915 esse
735 1885 860 1920 debilem,
873 1885 933 1922 quia
950 1885 1012 1913 sinit

273 1942 375 1963 sanctos
394 1944 456 1962 suos
473 1933 499 1960 in
514 1931 640 1960 {erumnis
661 1931 763 1959 vivere.
788 1935 832 1958 11.
851 1940 874 1957 n.
888 1928 1012 1956 Infidelcs

273 1980 351 2006 etiam
363 1977 530 2016 prophetant.
542 1981 587 2003 Iv.
603 1979 665 2002 461.
676 1985 705 2002 D.
717 1973 1011 2010 13.566.Infidelil1us,

275 2022 494 2060 norzfidelibus,
512 2021 596 2057 signa
615 2025 824 2057 proponuntur.
838 2023 881 2044 III.
899 2021 963 2044 991.
981 2027 1008 2044 A.

312 2066 514 2093 INFmMITITIS
538 2063 607 2091 varii
632 2062 714 2090 modi.
742 2069 774 2090 Χ.
797 2065 862 2089 762.
884 2071 912 2089 1).
936 2070 962 2088 Ε.
982 2072 1008 2088 A.

274 2109 397 2137 Christus
412 2107 607 2146 discipulorum
628 2116 738 2134 suorum
762 2103 911 2132 infirmitati
927 2114 954 2131 se
970 2110 1010 2131 at-

274 2158 409 2191 temperat.
425 2157 495 2179 YIII.
512 2155 574 2179 549.
594 2161 618 2178 Β.

314 2197 477 2224 lxomlrnm
493 2193 566 2232 quod
581 2199 637 2227 est,
650 2193 738 2231 perire
763 2191 863 2229 nequit.
889 2195 953 2220 672.
980 2203 1008 2220 D.

312 2241 456 2268 Iis-utrm
477 2237 534 2276 (de)
555 2244 581 2265 et
601 2236 725 2264 ebrietate
740 2235 850 2272 Ecloga.
870 2241 926 2263 XII.
943 2239 1007 2264 688.

273 2293 337 2321 sqq.
880 2320 885 2325 ᾗ

313 2328 457 2355 luemus
472 2325 528 2353 sine
541 2335 604 2363 pace
623 2330 677 2358 051,
691 2330 715 2351 ct
731 2323 787 2351 sine
799 2322 947 2351 affectione.
962 2329 1008 2350 XI.

273 2375 371 2398 763.1=..
390 2370 520 2397 Scelestus
532 2376 578 2397 est.
593 2369 637 2396 ΙΙ).
652 2369 789 2405 Ingratum
805 2376 870 2400 esse,
883 2365 1010 2403 iniquitas

274 2414 401 2441 maxima.
421 2420 453 2440 V.
472 2417 533 2442 186.
550 2423 577 2440 A.
595 2423 618 2439 B.

313 2457 495 2485 Ixnncmffl
507 2455 658 2483 convicium
668 2452 747 2492 parit,
759 2459 784 2480 et
797 2452 950 2480 convicium
962 2452 1010 2480 ini-

275 2499 383 2527 micitia.
397 2506 454 2527 VII.
472 2503 536 2527 249.
553 2509 579 2526 c.
596 2497 673 2525 Nihil
693 2503 730 2524 est
741 2495 820 2533 {quod
835 2505 909 2532 aeque
923 2496 1010 2534 pariat

275 2542 524 2579 iiiiiiiicitias‚atqtie
537 2541 660 2580 decipere
673 2547 698 2569 et
712 2541 814 2568 fallere.
826 2544 1007 2570 x1.118.c.n.

276 2583 317 2611 Ex
334 2584 470 2612 inimicitia
487 2594 625 2612 commune
640 2583 725 2612 oritur
739 2582 937 2613 detrimentum.
954 2590 1008 2611 VII.

918 212 1019 235 ism-:x
1048 213 1172 236 RERUM.

1074 279 1137 303 682.
1152 285 1178 302 A.
1192 274 1350 303 Inimicitias
1360 276 1480 313 sequitur
1496 277 1657 315 injuriarum
1671 278 1805 307 memoria.

1075 325 1119 347 XI.
1136 323 1198 347 354.
1215 329 1240 346 13.
1257 319 1399 347 Inimicitia
1411 329 1439 347 ea
1453 330 1511 357 qnoe
1522 320 1612 348 delicti
1624 328 1744 350 naturam
1757 332 1808 350 non

1074 361 1186 397 habent,
1202 361 1298 390 delicta
1314 362 1386 390 facit.
1407 370 1440 391 II.
1469 368 1532 391 243.
1552 376 1576 392 A.
1603 364 1753 393 Inimicitiae
1768 367 1810 393 vi-

1073 405 1167 433 tandae.
1184 412 1205 436 I,
1222 410 1286 434 659.
1301 416 1327 435 c.
1345 405 1490 436 solvendae.
1508 411 1573 435 612.
1591 418 1618 434 1).
1635 415 1660 436 ct
1673 408 1808 447 deponen-

1071 447 1120 476 dae.
1140 452 1202 476 658.
1219 459 1246 476 n.
1265 454 1330 477 659.
1350 460 1376 478 c.
1391 460 1416 476 1).
1434 456 1490 477 VII.
1508 454 1570 478 292.
1584 460 1605 478 n.
1623 451 1756 488 quomodo
1769 461 1810 479 se-

1071 490 1177 519 dandae.
1202 499 1247 522 XI.
1268 497 1329 521 120.
1347 504 1371 520 n.
1396 493 1423 521 Si
1439 493 1499 530 quis
1514 493 1590 531 prior
1606 493 1641 522 ad
1656 495 1810 522 reconcilia-

1071 534 1168 562 tionem
1182 536 1308 573 accurrit‚
1324 535 1374 564 hoc
1388 536 1447 564 laus
1460 543 1509 570 est,
1521 536 1569 564 hoc
1585 547 1692 573 corona,
1706 537 1755 566 hoc
1768 538 1811 565 lu-

1070 587 1156 615 crum,
1167 585 1192 606 et
1207 578 1346 607 thesaurus
1357 579 1435 607 bonis
1447 579 1594 607 innumeris
1608 581 1771 609 cumulatus.
1786 588 1806 609 I.

1070 625 1133 649 659.
1149 632 1174 650 c,
1194 623 1276 651 Nemo
1298 623 1344 660 qui
1366 623 1505 650 inimicum
1532 622 1628 657 habet,
1649 623 1685 651 ad
1706 634 1808 652 sacram

1070 674 1188 693 mensam
1203 665 1299 694 audeat
1310 665 1446 696 accedere.
1465 673 1498 694 II.
1516 670 1578 695 242.
1592 677 1618 694 A.

1109 709 1240 737 Ixmncos
1255 720 1306 737 non
1322 709 1432 744 habere,
1448 720 1500 737 non
1524 717 1562 738 est
1579 711 1605 738 in
1621 717 1714 738 nostra
1729 717 1808 749 pote-

1069 759 1143 781 state.
1164 760 1195 780 Υ.
1209 758 1255 781 69.
1272 764 1298 783 c.
1318 754 1447 781 Inimicus
1466 764 1532 782 unus
1553 761 1607 781 esto
1622 753 1697 782 nobis
1712 754 1807 782 diabo-

1068 795 1120 823 lus.
1146 804 1178 824 II.
1201 801 1265 825 243.
1283 807 1308 824 c.
1325 797 1431 825 Inimici
1448 808 1501 825 vox
1522 797 1625 831 invisa,
1640 804 1665 826 et
1687 804 1808 836 aspectus

1068 839 1240 877 injucundus,
1253 847 1297 868 IV.
1310 845 1372 868 899.
1384 840 1418 868 At
1429 840 1475 868 ubi
1489 841 1554 868 iram
1562 841 1742 879 posuerimus,
1754 852 1808 870 vox

1068 883 1173 922 placida
1190 891 1214 912 et
1230 891 1352 923 aspertus
1371 884 1494 912 amabitis
1505 884 1624 912 videtur.
1643 886 1687 913 lb.
1706 885 1808 914 Amicis

1069 927 1188 956 utiliores
1202 928 1315 956 inimici.
1344 935 1390 956 IV.
1408 933 1472 956 896.
1494 938 1518 956 E.
1543 931 1658 967 Apertus
1683 928 1807 957 inimicus

1067 977 1153 1008 potest
1175 972 1251 1000 facile
1266 971 1370 1007 cavei-13
1384 972 1504 1000 occultus
1519 983 1580 1000 cum
1595 982 1646 1000 non
1667 973 1748 1011 possit
1762 972 1809 1000 de-

1069 1014 1214 1051 prehendi,
1231 1015 1313 1042 multa
1329 1015 1397 1042 mala
1416 1015 1486 1043 facit.
1504 1022 1535 1043 V.
1553 1021 1598 1044 41.
1616 1016 1741 1044 Inimicos
1755 1016 1807 1044 sibi

1067 1057 1161 1094 facere,
1173 1059 1306 1096 quomodo
1323 1058 1410 1086 liceat.
1428 1066 1446 1088 I.
1465 1064 1528 1088 861.
1546 1070 1574 1088 1).
1590 1059 1697 1089 Veritas
1710 1060 1806 1088 inimi-

1068 1102 1106 1129 cis
1121 1112 1149 1130 os
1159 1102 1274 1131 obturat.
1294 1110 1339 1131 XI.
1357 1107 1433 1132 ⁶65⁶.
1451 1114 1477 1131 F.

1107 1145 1232 1173 Inimicos
1242 1146 1334 1174 ulcisci
1353 1146 1429 1174 valde
1442 1146 1604 1185 jucundum.
1617 1154 1676 1175 VII.
1692 1152 1759 1177 748.
1775 1159 1801 1175 A.

1067 1188 1112 1216 sed
1126 1189 1193 1216 nihil
1207 1196 1245 1217 est
1261 1189 1445 1228 periculosius.
1465 1197 1510 1218 IV.
1526 1195 1591 1220 883.
1615 1191 1674 1218 Non
1696 1191 1756 1219 licet
1773 1191 1807 1219 de

1068 1232 1334 1261 inimicisvindictam
1345 1243 1459 1261 sumere.
1473 1240 1506 1261 V.
1522 1238 1585 1262 116.
1595 1244 1622 1261 n.
1636 1239 1764 1264 VII.860.
1777 1246 1803 1263 e.

1068 1276 1128 1309 Quo
1138 1286 1213 1303 sensu
1222 1283 1306 1314 potest
1318 1275 1378 1313 quis
1389 1276 1512 1304 inimicos
1523 1276 1626 1306 ulcisci.
1639 1282 1803 1306 VIII.347.c.

1067 1319 1106 1346 De
1130 1319 1301 1347 inimieorum
1323 1319 1457 1358 supplicio
1486 1329 1538 1348 non
1571 1319 1727 1348 laetandum.
1756 1328 1802 1349 XI.

1066 1366 1131 1391 600.
1146 1374 1172 1393 E.
1194 1363 1292 1391 Contra
1307 1363 1431 1392 inimicos
1446 1374 1592 1401 numquam
1609 1363 1677 1392 male
1692 1374 1805 1402 precan-

1066 1405 1141 1434 dum.
1157 1413 1189 1434 V.
1207 1411 1269 1434 517.
1287 1417 1312 1435 B.
1327 1406 1466 1441 Quantum
1482 1407 1583 1434 malum
1604 1413 1694 1435 contra
1709 1407 1805 1435 inimi-

1066 1460 1109 1478 cos
1124 1450 1276 1489 deprecari,
1294 1450 1335 1479 vel
1351 1451 1430 1479 etiam
1445 1458 1535 1479 contra
1550 1451 1669 1489 ipsorum
1692 1450 1802 1480 liberos.

1066 1501 1121 1522 VII.
1136 1498 1200 1521 291.
1218 1498 1283 1522 292.
1301 1495 1357 1522 Hoc
1374 1494 1444 1522 enim
1466 1494 1517 1532 legi
1535 1494 1584 1522 Dei
1610 1500 1749 1532 repugnat.
1769 1502 1801 1522 v.

1066 1541 1110 1565 14.
1127 1547 1154 1564 A.
1168 1546 1190 1564 n.
1204 1538 1357 1575 Numquam
1370 1538 1509 1566 inimicum
1524 1537 1623 1566 odiosis
1637 1537 1804 1571 nominibus,

1064 1580 1109 1608 sed
1124 1580 1212 1619 potius
1227 1580 1390 1618 honorificis,
1403 1581 1538 1620 appellare
1550 1587 1663 1620 oportet.
1680 1587 1726 1609 Iv.
1739 1586 1801 1609 878.

1064 1624 1133 1661 sicut
1155 1623 1267 1652 faciebat
1280 1635 1327 1653 rex
1341 1625 1430 1653 David
1443 1636 1504 1664 erga
1520 1626 1594 1653 Saiil.
1610 1629 1673 1654 877.
1692 1634 1720 1652 1).
1737 1630 1799 1653 878,

1064 1667 1176 1695 Inimico
1193 1678 1300 1706 parcere
1312 1668 1484 1697 nihiltutius.
1503 1676 1548 1697 IV.
1566 1673 1629 1697 883.
1648 1668 1680 1696 Ei
1695 1679 1803 1705 parcen-

1063 1710 1139 1746 dum,
1153 1711 1330 1748 quantumvis
1345 1712 1483 1749 scelestus,
1498 1711 1689 1750 incorrigibilis
1705 1722 1806 1751 suppo-

1064 1761 1153 1783 natur.
1171 1760 1234 1784 893.
1249 1766 1275 1783 c.
1291 1755 1409 1784 Inimicis
1425 1755 1604 1794 parcendum,
1625 1755 1687 1784 licet
1701 1755 1727 1783 11]
1749 1767 1804 1784 ma-

1065 1809 1115 1826 nus
1125 1806 1226 1827 nostras
1243 1799 1368 1828 incidant.
1387 1804 1450 1828 875.
1469 1799 1505 1827 Ea
1522 1810 1562 1828 res
1576 1800 1623 1828 tihi
1638 1810 1686 1838 pro
1700 1806 1806 1838 marty-

1065 1841 1105 1870 rio
1121 1842 1317 1881 imputabitur,
1332 1842 1353 1870 si
1370 1842 1480 1870 insidias
1499 1843 1651 1871 molientem
1672 1843 1740 1871 inter
1754 1843 1803 1871 be—

1064 1885 1206 1913 nemeritos
1216 1885 1371 1914 numeraris.
1383 1890 1447 1915 895,
1463 1897 1488 1916 A.

1104 1929 1232 1957 Inimicus
1265 1928 1399 1967 quomodo
1432 1928 1586 1968 placandus.
1610 1937 1655 1958 Iv.
1684 1934 1748 1958 656.
1778 1941 1803 1959 c.

1065 1977 1237 2003 657.Ε.894.
1253 1983 1279 2001 c.
1296 1980 1327 2001 V.
1339 1978 1384 2001 69.
1400 1983 1428 2001 1).
1445 1980 1470 2001 et
1484 1972 1640 2002 vincendus.
1651 1981 1696 2002 III.
1709 1978 1802 2002 201.c.

1065 2016 1186 2044 Inimicis
1207 2015 1285 2044 etiam
1301 2015 1532 2044 benefaciendum.
1556 2023 1578 2044 I.
1603 2021 1666 2045 378.
1692 2028 1716 2045 B.
1743 2024 1800 2045 VII.

1065 2063 1129 2088 860.
1155 2070 1179 2087 c.
1195 2066 1242 2088 lx.
1258 2064 1323 2087 748.
1340 2069 1366 2087 E.
1382 2059 1479 2088 Omnia
1503 2059 1631 2088 faciamus
1644 2070 1694 2099 pro
1710 2060 1743 2088 iis
1757 2061 1803 2098 qui

1065 2113 1112 2131 nos
1126 2102 1268 2138 laeserunt,
1281 2103 1356 2140 quasi
1377 2113 1426 2141 pro
1446 2103 1540 2130 amicis
1563 2104 1709 2142 germanis,
1727 2105 1803 2141 quasi

1065 2157 1115 2185 pro
1128 2147 1204 2175 nobis
1220 2146 1295 2185 ipsis.
1307 2154 1353 2175 Ix.
1372 2151 1417 2174 87.
1432 2157 1457 2174 1).
1474 2145 1623 2175 Imitatorcs
1636 2154 1661 2175 et
1677 2147 1803 2186 discipuli

1064 2200 1156 2218 sumus
1173 2190 1245 2218 illius
1260 2190 1307 2227 qui
1325 2190 1413 2217 omnia
1429 2189 1513 2217 movit
1527 2200 1575 2228 pro
1591 2191 1623 2218 iis
1639 2190 1683 2228 qui
1697 2201 1725 2218 se
1739 2201 1803 2219 cru-

1064 2233 1215 2261 cifixerant.
1232 2235 1274 2262 lb.
1295 2239 1322 2260 et
1340 2240 1397 2261 VII.
1412 2237 1474 2260 860.
1491 2244 1515 2261 c.
1528 2233 1648 2261 Christus
1664 2234 1734 2262 enim
1748 2241 1804 2262 erat

1063 2276 1195 2314 benignus
1208 2276 1334 2304 inimicis.
1353 2283 1411 2304 VII.
1428 2282 1491 2305 860.
1510 2288 1536 2305 c.
1559 2287 1587 2305 D.
1606 2284 1674 2306 VIII.
1692 2282 1757 2307 473.
1774 2289 1801 2306 A.

1064 2320 1092 2349 Si
1108 2320 1245 2348 beneficiis
1258 2320 1380 2348 inimicos
1399 2320 1499 2348 afficias
1509 2343 1516 2355 ‚
1532 2320 1620 2348 omnia
1632 2328 1739 2359 peccata
1750 2331 1802 2349 ex-

1064 2363 1166 2402 piabis,
1181 2371 1205 2392 ct
1220 2374 1338 2402 reposces
1355 2363 1515 2391 mercedem.
1534 2371 1578 2391 Iv.
1595 2368 1659 2394 906,
1676 2375 1701 2392 c.
1723 2371 1802 2402 atque

1064 2407 1108 2435 hic
1123 2407 1229 2435 interim
1242 2407 1310 2435 bona
1323 2417 1384 2436 cum
1400 2417 1446 2445 spe
1459 2407 1544 2440 vives,
1556 2407 1697 2435 habiturus
1711 2417 1802 2436 omnes

1064 2458 1251 2489 amantererga
1264 2458 1289 2479 te
1303 2451 1420 2479 affectos.
1435 2452 1480 2478 ΙΙ).
1493 2461 1522 2478 n.
1540 2450 1642 2478 Inimici
1658 2450 1798 2489 diligendi.

1066 2502 1111 2523 Ix.
1127 2499 1192 2525 794,
1211 2505 1235 2522 c.
1251 2505 1279 2522 D.
1292 2499 1356 2523 795.
1371 2495 1429 2522 Νοι]
1446 2504 1526 2533 parva
1542 2504 1583 2521 res
1598 2500 1635 2521 est
1656 2493 1707 2521 hoc
1724 2504 1799 2532 opus.

1064 2540 1106 2567 ΙΙ).
1126 2549 1153 2566 A.
1173 2538 1256 2566 Amor
1277 2537 1446 2566 inimicorum
1460 2547 1538 2573 vere,
1555 2546 1606 2564 non
1629 2536 1803 2575 hyperbolice

1064 2581 1113 2610 suit
1137 2588 1294 2620 praeceptus.
1314 2588 1332 2609 I.
1356 2586 1418 2609 157.
1433 2591 1460 2609 z.
1479 2585 1541 2608 915.
1565 2591 1588 2609 z.
1605 2582 1740 2616 Quantum
1754 2580 1800 2609 bo-
