1910 2907
671 189 759 212 NL'NC
785 189 913 212 Punic-u
942 189 1121 211 ADORNATA
1131 203 1137 210 .

145 249 234 279 simile
248 256 287 278 cst
299 270 307 285 ,
319 255 451 279 tractaret.
469 249 592 280 Secunda
605 250 674 280 enim
685 250 729 279 die
741 251 861 289 sequenti
871 273 880 288 ,

146 295 212 324 seria
223 290 323 324 scilicet
335 295 450 325 secunda
469 303 494 325 et
516 297 602 336 prima
617 297 671 326 diei
682 297 776 337 jejunii
789 320 797 334 ‚
810 297 880 327 dicta

140 341 208 377 fuit;
232 342 310 370 tertia
333 341 396 370 teria
422 342 514 379 tertia,
535 350 630 381 quarta
652 343 696 372 die
721 343 877 382 insequenti.

139 387 239 426 Sicque
259 388 375 427 reliquas
397 398 488 417 omnes
515 389 629 428 singulis
657 389 753 419 diebus
775 390 879 419 habitas

139 433 223 463 fnisse
233 434 339 463 credere
352 441 402 473 est,
410 435 472 463 licet
483 435 510 463 id
522 445 575 463 non
586 435 880 476 significethrysosto-

141 490 201 508 mus
211 502 221 517 ‚
236 480 289 509 nisi
302 481 369 509 sorte
385 492 419 510 ex
432 481 569 510 occasione
583 481 699 520 quadam
713 482 786 511 aliud
799 492 880 520 argu-

140 533 262 556 mentum
287 527 454 556 tractandum
469 534 628 556 occurreret.
646 528 754 556 Certum
780 528 880 567 qnippe

140 579 180 601 est
201 573 331 612 populum
355 573 476 611 quotidie
500 573 526 601 in
548 573 687 602 ecclesiam
711 574 879 609 convenisse,

141 618 415 658 Chrysostomumqne
441 619 554 656 siugulis
576 620 672 648 diebu-s
696 620 879 650 concionatum

139 674 204 695 csse.
218 664 321 701 Eodem
335 664 414 693 etiam
432 665 459 694 in
476 666 600 694 Genesim
618 674 773 705 argumento
788 677 878 706 perge-

139 710 188 738 bat
205 710 316 739 sabbato
330 718 355 740 et
370 711 512 740 Dominica
524 734 531 748 ,
545 711 606 740 licet
622 712 653 740 iis
665 712 760 741 diebus
775 723 826 741 non
838 713 878 751 jc-

135 757 294 794 junaretur:
307 767 369 785 nam
377 757 519 786 undecima
530 757 641 786 homilia
653 758 679 786 in
690 757 788 786 horum
801 758 880 786 atter-

140 809 200 831 utro
225 802 270 831 die
293 802 365 832 dicta
385 803 445 832 fuit.
464 803 581 832 Homilia
603 803 714 841 quinta,
731 810 821 840 sexta,
837 813 879 832 se-

138 848 240 886 ptima,
255 855 366 884 octava,
382 859 466 885 nona,
491 849 667 886 continenter,
687 850 742 877 suis
768 860 879 888 quaeque

139 894 234 923 diebus
247 917 255 929 ,
270 895 368 923 habitae
383 896 500 923 suerunt.
520 896 612 933 Neque
625 894 714 923 dicere
734 895 819 934 possis
836 906 878 923 eas

138 939 173 968 ud
186 940 304 979 quinque
319 941 374 969 dies
383 940 481 980 jejunii
494 941 617 969 secundae
630 940 808 970 hebdomadis
820 951 879 980 per-

138 986 240 1015 tinere:
254 996 316 1014 nam
336 986 439 1016 decima
456 986 484 1014 in
505 986 549 1014 die
560 986 657 1025 jejunii
677 986 748 1015 dicta
772 987 838 1024 suit,
853 993 878 1016 et

139 1031 166 1060 in
180 1031 349 1060 hebdomada
361 1033 478 1070 quinque
493 1039 598 1061 tantum
607 1032 703 1072 jejunii
717 1032 774 1062 dies
785 1040 874 1062 erant:

143 1078 282 1107 undecima
291 1089 355 1107 vero
363 1079 474 1108 sabbato
485 1079 558 1107 illius
567 1079 690 1108 secundae
701 1079 877 1109 hebdomadis

137 1125 308 1163 pronuntiata
329 1132 376 1154 est.
391 1126 419 1155 Si
431 1136 492 1165 ergo
505 1126 630 1154 Homiliae
644 1126 669 1154 in
678 1126 808 1155 Genesim
823 1126 877 1155 sin-

137 1171 208 1210 gulis
230 1170 327 1200 dicbus
347 1182 399 1200 una
418 1172 483 1200 serie
497 1171 603 1209 ‚habitae
625 1172 724 1200 snei-int
737 1194 745 1209 ,
764 1172 792 1200 id
807 1172 878 1210 quod

141 1218 210 1245 circa
231 1227 278 1245 sex
298 1217 391 1245 saltem
409 1216 510 1256 priores
528 1217 637 1245 omnino
660 1217 805 1246 verisimile
823 1225 878 1255 cst,

138 1270 213 1292 sexta
228 1262 321 1300 utique
334 1262 399 1290 feria
417 1269 491 1290 sexta
505 1263 598 1301 prima?
612 1262 790 1292 hebdomadis
806 1264 880 1300 Qua-

135 1308 293 1348 dragesimae
308 1308 479 1348 pronuntiata
493 1308 580 1336 fucrit.

180 1368 194 1382 «
205 1356 236 1384 In
250 1353 453 1393 sext-{homilia
469 1355 678 1394 Chrysostomus
692 1356 813 1395 queritur
828 1358 882 1385 An-

140 1401 274 1430 tiochenos
286 1401 384 1436 {nulla
401 1400 620 1438 quotidianarum
639 1402 856 1431 adhortationum
869 1426 876 1437 ,

138 1447 212 1476 nulla
228 1446 474 1485 Quadragesimalis
485 1448 647 1484 poenitentiae
657 1448 758 1477 ratione
770 1448 860 1477 habita
868 1472 876 1484 ,

138 1493 203 1522 circi
223 1493 296 1522 ludis
317 1493 477 1522 interfuisse.
490 1493 525 1521 Hi
550 1493 623 1522 haud
644 1494 727 1523 dubie
751 1495 879 1524 circenses

138 1540 198 1569 Iudi
221 1540 314 1568 eadem
333 1540 392 1579 ipsa
418 1539 461 1568 dic
481 1539 606 1568 celebrati
631 1540 734 1570 fuerant
746 1553 754 1580 3
768 1551 830 1569 nam
850 1542 878 1570 in

140 1586 351 1625 Quadragesima
373 1585 524 1625 vespertino
542 1593 660 1625 tempore
679 1587 817 1616 conciones
831 1587 879 1615 ha-

138 1633 289 1661 bebantur:
313 1631 383 1660 unde
403 1633 528 1670 consequi
553 1631 663 1661 videtur
682 1632 755 1661 hunc
779 1643 879 1662 annum

139 1689 194 1708 csse
205 1686 251 1707 aut
268 1678 323 1707 395
335 1685 380 1706 aut
393 1679 460 1707 396.
478 1677 673 1707 Kalendarium
693 1679 762 1707 enim
776 1681 878 1708 Roma—

139 1736 204 1755 num
222 1725 301 1754 ludos
323 1725 412 1753 nullos
431 1725 549 1764 assignat
571 1725 647 1753 initio
664 1725 762 1754 mensis
777 1726 878 1754 Martii.

140 1771 212 1801 Ludi
222 1772 322 1811 quippe
337 1771 475 1806 Gotthici‚
491 1771 537 1808 qui
549 1782 564 1799 a
579 1778 674 1809 quarta
689 1771 829 1801 Februarii
845 1772 880 1800 ad

140 1827 236 1846 nonam
250 1817 433 1851 habebantur,
446 1828 498 1846 non
520 1817 564 1845 hic
577 1828 590 1845 a
604 1817 797 1856 Chrysostomo
809 1829 880 1847 com-

142 1871 332 1894 memorantur.
347 1865 451 1892 Verum
465 1862 523 1891 ludi
536 1862 626 1891 adhuc
640 1863 810 1902 assignantur
824 1875 879 1893 1111-

141 1912 244 1941 decima
256 1909 413 1945 Februarii,
436 1920 494 1946 qnae
509 1919 577 1937 anno
595 1909 649 1937 395
668 1910 804 1938 concurrit
818 1921 877 1940 011111

140 1958 205 1986 scria
230 1963 305 1985 sexta
325 1955 419 1995 primae
448 1954 626 1983 hebdomadis
642 1954 879 1994 Quadragesimae,

142 2003 206 2041 quia
219 2002 322 2031 Pascha
336 2001 413 2029 istius
428 2000 490 2028 anni
505 2000 599 2028 incidit
616 2000 644 2028 111
667 2001 825 2040 vigesimam
837 2014 880 2031 se-

142 2049 257 2089 ptimam
279 2047 381 2076 Martii.
401 2049 571 2075 Annotantur
585 2046 665 2074 ctiam
680 2046 739 2074 Iudi
762 2047 796 2076 ad
817 2049 880 2077 ulti-

142 2105 214 2123 mam
226 2093 364 2122 Februarii
377 2115 384 2129 ,
398 2092 427 2120 id
439 2091 511 2130 quod
523 2091 557 2120 ad
571 2102 671 2120 annum
689 2094 744 2122 396
760 2095 879 2132 pertine-

141 2151 170 2169 re
184 2147 286 2179 potest,
309 2150 376 2177 quo,
393 2149 455 2167 cum
479 2138 581 2167 Pascha
605 2138 732 2167 incideret
757 2140 783 2168 in
810 2140 881 2169 deci-

144 2197 216 2215 mam
238 2186 344 2214 tertiam
367 2185 468 2224 Aprilis
484 2207 491 2220 ,
505 2183 631 2223 vigesima
652 2195 720 2212 nona
741 2186 881 2214 Februarii

143 2232 317 2261 concurrebat
331 2241 391 2259 cum
404 2230 467 2259 seria
489 2237 562 2259 sexta
588 2231 681 2269 primm
705 2231 881 2261 hebdomadis

145 2276 371 2315 Quadragesimae.
392 2277 436 2305 Ex
451 2276 509 2304 istis
521 2286 583 2304 vcro
597 2275 704 2304 duobus
719 2277 795 2305 annis
810 2285 881 2306 antc-

119 2354 121 2356 .
142 2322 284 2351 serendum
308 2321 432 2350 ducimus
456 2332 556 2349 annum
584 2322 658 2358 395,
676 2323 737 2360 quia
756 2329 881 2361 putamus

145 2369 365 2408 Chrysostomnm
379 2378 448 2396 anno
463 2368 519 2396 396
534 2368 665 2396 Homitias
675 2367 708 2395 dc
724 2369 881 2397 Paenitentia

143 2415 280 2445 habuisse.
305 2413 411 2449 Quibus
434 2413 471 2441 ita
493 2413 644 2442 constitutis
667 2413 726 2442 ludi
754 2414 882 2443 circenses

143 2461 196 2499 illi,
205 2459 239 2488 de
250 2459 348 2498 quibus
358 2459 479 2497 queritur
492 2459 698 2498 Chrysostomus
711 2460 822 2489 homilia
833 2464 881 2497 41,

143 2518 204 2546 quse
217 2506 306 2534 tribus
319 2511 379 2544 post
393 2505 562 2533 Pentecosten
577 2504 790 2534 hebdomadibus
806 2507 881 2535 habi-

145 2562 171 2582 ta
184 2559 222 2580 est
233 2574 239 2586 ‚
257 2550 284 2579 id
299 2556 335 2578 cst
349 2573 355 2583 ‚
371 2550 438 2578 forte
453 2550 561 2578 sabbato
588 2551 605 2577 4
621 2551 694 2578 ,lunii
708 2574 713 2580 .
734 2552 754 2579 si
771 2563 832 2580 rere
844 2553 884 2581 di-

147 2607 187 2627 cta
202 2598 235 2627 sit
255 2607 323 2626 anno
341 2595 482 2630 35153111di
498 2618 504 2628 ‚
524 2595 648 2634 inquam.
670 2597 796 2626 cim-nso<
812 2622 818 2634 ,
844 2599 882 2628 1111

1615 178 1676 212 135

936 251 1043 280 fortasse
1054 257 1146 286 erant,
1161 250 1207 289 qui
1219 250 1254 279 ad
1268 251 1384 290 primam
1400 251 1475 279 istius
1493 252 1589 280 mensis
1603 252 1675 281 diem

935 304 1068 326 notantur.
1086 298 1187 326 Verum
1207 297 1265 326 haec
1279 308 1330 326 non
1344 304 1371 326 ut
1386 308 1441 325 rem
1462 298 1627 337 exploratam
1650 306 1675 327 et

935 351 1034 372 certam
1058 343 1169 373 damus:
1185 354 1246 372 cum
1268 343 1384 372 maxime
1406 343 1558 381 ignoremus
1582 351 1674 373 utrum

935 391 985 419 hoc
1010 389 1205 419 Kalendarium
1228 397 1291 419 tunc
1319 388 1446 429 temporis
1475 389 1622 418 Antiochiae
1645 391 1671 419 in

937 447 986 465 usu
1000 443 1066 464 esset
1076 458 1084 472 ‚
1100 446 1147 464 nec
1161 436 1275 464 sciamus
1291 442 1381 464 utrum
1397 435 1455 464 ludi
1469 445 1558 464 omnes
1571 436 1671 466 circen-

935 482 1004 511 sium
1019 493 1112 511 cnrsus
1126 481 1291 511 exhiberent.
1307 482 1431 510 Poterant
1448 482 1510 510 item
1530 481 1588 510 ludi
1603 483 1672 512 cele-

935 528 1008 556 brari
1023 535 1147 556 consueto
1160 527 1263 557 ordine.
1278 529 1336 556 Imo
1349 528 1428 556 etiam
1442 527 1499 556 ludi
1513 536 1674 558 annotantur

934 573 970 601 ad
983 573 1173 602 duodecimam
1198 573 1270 603 diem
1293 574 1432 602 Februarii
1447 597 1453 610 ,
1468 574 1579 613 perinde
1594 582 1673 614 atque

933 619 965 647 ad
989 619 1172 654 undecimam3
1188 619 1225 647 ita
1246 627 1292 653 nt,
1305 631 1366 649 cnm
1383 620 1588 659 Chrysostomus
1610 622 1672 650 abs-

934 672 1015 694 terret
1031 676 1074 694 eos
1097 666 1143 703 qni
1165 665 1235 693 circo
1249 665 1389 694 adfuerant
1402 689 1408 702 ,
1422 666 1547 695 videatur
1566 678 1672 697 monere

933 711 1071 748 debuisse,
1085 712 1205 750 sequenti
1217 710 1260 739 dic
1275 712 1445 750 exploratum
1465 712 1520 740 fore
1535 724 1598 741 num
1612 725 1671 742 mo-

934 758 997 786 nitis
1012 758 1067 786 suis
1080 757 1315 796 obtemperassent.
1330 758 1432 785 Verum
1447 757 1463 785 ii
1476 780 1483 793 ,
1502 758 1547 795 qui
1571 759 1673 788 duode—

934 804 1002 832 cimo
1014 803 1059 832 die
1073 804 1285 838 celebrabantur,
1296 813 1348 831 non
1364 809 1436 830 crant
1449 803 1514 831 forte
1527 804 1653 834 circenses
1666 817 1672 831 2

933 860 995 877 nam
1021 849 1058 878 ibi
1085 849 1276 878 Calendarium
1300 860 1351 877 non
1376 856 1466 877 uotam
1488 849 1567 878 babet
1589 853 1670 880 Com.

934 897 1062 925 XXIIII
1076 917 1084 930 ,
1100 895 1128 924 id
1143 903 1181 924 cst
1194 918 1201 931 ,
1218 897 1405 924 Commisurae
1420 896 1544 924 XXIV.-
1559 907 1617 935 quae
1632 898 1674 926 vi-

933 942 1012 970 detur
1034 941 1101 970 mihi
1126 952 1181 970 esse
1205 948 1265 970 nota
1286 940 1414 969 ludorum
1439 941 1606 971 circensium.
1623 944 1672 973 111³

933 998 1039 1026 qnoque
1057 994 1118 1016 nota
1142 988 1203 1017 Cm.
1228 988 1371 1023 XXIIII,
1394 994 1418 1016 et
1444 988 1507 1016 Cm.
1522 990 1603 1025 XII,
1628 1001 1674 1019 oc<

934 1034 1018 1062 currit
1038 1033 1072 1062 ad
1093 1044 1190 1061 nonam
1201 1056 1209 1068 ,
1224 1033 1382 1071 vigesimam
1394 1034 1516 1070 quintam
1531 1042 1556 1063 ct
1570 1036 1673 1074 vigesi—

933 1090 1004 1108 mam
1019 1079 1160 1118 septimam
1175 1079 1317 1107 Februarii
1330 1089 1336 1105 :
1352 1089 1445 1108 verum
1464 1079 1494 1107 hi
1514 1080 1570 1109 dics
1584 1092 1617 1110 ne
1631 1093 1676 1121 per

933 1132 1019 1153 totum
1029 1124 1139 1163 quidem
1153 1131 1258 1163 tempus
1271 1147 1278 1159 ,
1293 1134 1345 1163 qno
1360 1125 1501 1164 presbyter
1515 1126 1566 1155 fnit
1586 1128 1677 1168 Chry-

933 1179 1082 1208 sostomus,
1098 1171 1126 1200 in
1148 1171 1242 1199 feriam
1264 1178 1368 1199 sextam
1383 1172 1477 1210 primae
1501 1172 1676 1203 hebdomadis⁴

935 1217 1152 1257 Quadragesimae
1166 1217 1296 1247 incidunt.
1315 1217 1363 1245 ttla
1379 1224 1440 1246 nota
1458 1219 1521 1247 Cm.
1548 1219 1582 1248 ad
1611 1221 1676 1249 ulti-

935 1273 1005 1291 mam
1020 1262 1161 1291 Februarii
1177 1273 1228 1291 non
1246 1262 1374 1302 ponitur,
1389 1273 1442 1301 quo
1457 1263 1536 1292 etiam
1553 1266 1676 1294 excludi-

935 1316 979 1337 tur
991 1320 1075 1338 annus
1091 1310 1158 1338 396.

978 1356 1055 1384 «Alio
1066 1356 1130 1384 item
1144 1362 1302 1395 argumento
1317 1355 1477 1385 abducimur
1491 1367 1523 1386 ne
1537 1358 1600 1386 anni
1611 1360 1676 1392 396,

936 1413 1013 1441 quem
1036 1402 1219 1441 assignamus,
1248 1409 1323 1430 notas
1345 1413 1400 1431 esse
1422 1410 1505 1432 certas
1527 1411 1674 1442 putemus.-

936 1449 1009 1487 quod
1022 1448 1146 1477 videlicet
1159 1459 1210 1477 non
1223 1448 1332 1477 omnino
1343 1449 1514 1488 exploratum
1526 1450 1560 1478 sit
1574 1457 1677 1479 sextam

935 1495 1075 1523 homiliam
1097 1494 1162 1523 feria
1184 1501 1258 1523 sexta
1273 1494 1393 1523 habitam
1408 1495 1497 1524 fuisse.
1521 1495 1590 1524 Cum
1606 1497 1677 1525 enini

935 1541 1075 1570 undecima
1088 1540 1197 1569 sabbato
1212 1540 1334 1569 secundm
1349 1540 1525 1569 hebdomadis
1540 1541 1613 1570 haud
1626 1542 1678 1571 du-

934 1587 977 1617 bie
987 1587 1058 1615 dicta
1069 1587 1158 1622 fuerit,
1169 1597 1202 1615 ex
1211 1585 1339 1615 tredecim
1350 1586 1561 1625 praecedentibus
1571 1587 1677 1624 dicbusy

935 1633 1087 1673 incipiendo
1102 1644 1116 1661 a
1132 1632 1275 1661 Dominica
1291 1638 1351 1660 ante
1371 1632 1626 1671 Quadmgesimam,
1649 1635 1677 1663 111

934 1692 985 1719 qna
996 1681 1081 1720 prima
1094 1679 1206 1709 homilia
1218 1678 1309 1707 habita
1322 1679 1382 1715 fuit,
1394 1686 1446 1707 tres
1458 1679 1603 1708 certissime
1611 1680 1677 1715 dies,

935 1734 981 1755 aut
1003 1726 1128 1755 concione
1143 1725 1221 1753 vacui
1236 1725 1309 1753 sucre
1319 1748 1326 1761 ,
1345 1731 1391 1753 aut
1407 1725 1544 1754 conciones
1560 1726 1678 1756 habuere

935 1772 969 1801 ad
983 1771 1059 1800 aliud
1073 1778 1260 1809 argumentum
1278 1771 1451 1810 pertinentes,
1467 1771 1509 1800 rel
1523 1771 1545 1800 si
1558 1772 1677 1811 ejusdem

935 1818 1087 1857 argumenti
1108 1817 1226 1854 fuerint,
1252 1823 1321 1845 certe
1338 1817 1393 1855 jam
1414 1816 1574 1855 deperditas.
1595 1819 1677 1856 Atqui

936 1872 988 1894 tres
1002 1865 1042 1893 1111
1058 1864 1115 1892 dies
1131 1863 1236 1892 nonnisi
1252 1869 1311 1890 ante
1327 1862 1460 1900 quintam,
1475 1862 1517 1890 vel
1532 1863 1674 1895 decimam,

935 1911 978 1939 vel
993 1910 1162 1938 undecimam
1186 1908 1266 1937 statui
1282 1915 1411 1947 possunt,
1432 1908 1495 1946 quia
1510 1909 1567 1937 aliae
1587 1920 1677 1939 omnes

936 1957 1099 1986 continenter
1118 1962 1143 1983 et
1163 1965 1213 1983 una
1237 1953 1342 1982 dierum
1357 1954 1425 1982 serie
1446 1954 1524 1983 dictae
1539 1964 1609 1986 sunt.
1631 1957 1674 1986 Ex

936 2003 1008 2031 hisce
1023 2012 1101 2041 porro
1123 2000 1209 2029 tribus
1223 2010 1292 2028 unus
1306 1999 1399 2028 saltem
1415 1999 1483 2029 inter
1497 2000 1631 2031 decimam
1652 2011 1678 2032 et

937 2048 1105 2077 undecimam
1126 2045 1328 2074 constituendus
1344 2058 1350 2073 z
1365 2047 1410 2084 qni
1427 2046 1498 2075 enim
1520 2049 1609 2087 pransi
1626 2049 1677 2078 dc-

936 2095 1011 2122 01111111
1026 2093 1183 2127 adfuerant,
1206 2101 1256 2120 non
1273 2091 1367 2121 feriam
1382 2099 1484 2121 sextam
1497 2116 1505 2128 ,
1530 2100 1559 2123 ut
1573 2095 1679 2125 credere

937 2147 986 2177 est,
1003 2139 1168 2177 delegerunt,
1185 2144 1214 2166 ut
1226 2137 1358 2177 jejunium
1374 2138 1536 2168 solverent.»

978 2185 1110 2213 Hactenus
1134 2183 1326 2212 Tillcmontius
1341 2196 1347 2211 :
1362 2184 1408 2212 ubi
1433 2185 1557 2214 observes
1579 2195 1678 2225 quanto

937 2231 1028 2260 labore
1042 2241 1072 2258 ac
1086 2229 1176 2258 studio
1190 2230 1230 2258 uti
1244 2229 1327 2266 solet,
1346 2230 1405 2258 illas
1418 2232 1544 2271 temporis
1557 2240 1631 2262 notas
1645 2236 1679 2264 sit

938 2283 1131 2315 persequutus,
1151 2283 1302 2314 quantaque
1316 2276 1460 2315 prudentia
1478 2288 1492 2305 a
1505 2278 1611 2316 jndicio
1628 2281 1678 2308 ab<

938 2323 1022 2351 solute
1046 2321 1152 2350 serendo
1167 2321 1307 2351 abstineat.
1328 2322 1424 2351 Contra
1442 2323 1517 2352 illam
1535 2335 1598 2353 vero
1613 2337 1677 2355 sen-

937 2368 1047 2397 tentiam
1059 2390 1067 2405 ,
1091 2379 1172 2408 quam
1190 2368 1235 2396 ille
1258 2367 1361 2396 hmrens
1380 2375 1404 2396 ct
1425 2369 1605 2400 subdubitans
1619 2383 1675 2400 am-

937 2415 1078 2454 plectitur,
1101 2414 1147 2442 alii
1171 2421 1195 2442 ct
1210 2414 1321 2442 sortasse
1336 2415 1447 2454 majores
1470 2423 1581 2454 possunt
1602 2428 1678 2446 scru-

939 2460 995 2499 puli
1011 2460 1131 2499 proferri.
1147 2459 1343 2489 Kalendarium
1359 2460 1431 2489 enim
1446 2461 1515 2489 illud
1528 2463 1679 2493 Romanum

939 2506 1105 2535 Constantini
1120 2507 1214 2545 Magni
1234 2516 1303 2534 anno
1324 2507 1381 2535 525
1397 2531 1404 2542 ‚
1429 2513 1459 2535 ut
1474 2507 1557 2536 sei-tur
1571 2508 1596 2536 in
1614 2509 1676 2537 titu-

939 2554 976 2589 lo,
992 2553 1095 2582 editum
1111 2560 1133 2581 ct
1147 2564 1161 2580 a
1174 2553 1282 2581 Petavio
1294 2553 1460 2591 publicatum
1475 2553 1500 2582 in
1515 2555 1680 2593 Uranologio

943 2611 968 2638 p.
988 2601 1062 2638 tta,
1080 2604 1210 2628 incertum
1226 2605 1262 2627 est
1278 2609 1309 2627 nn
1325 2598 1394 2627 idem
1411 2600 1534 2628 mammii
1550 2601 1582 2629 -111
1600 2613 1680 2641 tuque

1686 926 1719 943 117
