1950 2922
73 882 211 911 T.i.1=.611.

75 1244 213 1276 T.7.p.288.

75 1347 120 1369 ΤΞ
135 1348 213 1376 [1225.

105 1421 215 1450 Tamp-

79 1458 214 1481 170.Θ.Ι7Ι.

232 212 300 234 220

226 275 309 303 multa
326 274 459 303 habentur
471 284 529 313 quae
545 273 629 302 infimi
645 273 695 300 aevi
713 278 802 299 notam
818 281 873 310 prae
888 281 915 299 se
931 271 966 299 fe-

225 327 304 349 runt:
317 332 375 358 quae
389 321 455 348 nihil
470 330 533 359 pene
552 319 629 348 refert
643 328 746 353 corum,
762 328 820 354 qum
837 316 918 345 variis
938 316 965 344 in

224 366 290 395 locis
301 367 507 404 Clirysostoinus
519 365 553 392 de
565 364 604 392 sui
620 363 746 402 temporis
760 362 880 404 Liturgia
893 373 966 391 com-

225 419 362 440 memorat.
387 414 556 450 Quapropter
575 420 590 438 e
604 420 632 437 re
645 410 700 437 fore
722 410 810 437 visum
824 416 880 445 est,
897 409 918 437 si
935 419 964 437 ea

224 458 269 486 hic
285 468 480 492 recenseamus,
497 467 554 494 qua:
569 456 664 494 passim
681 456 706 483 in
721 456 778 494 ejus
793 455 918 494 operibus
931 455 965 483 de

225 505 347 542 Liturgia
369 509 519 531 occurrunt.
542 502 577 530 Et
595 501 704 539 quidem
726 503 814 540 ipsum
835 501 964 539 Liturgize

224 549 345 577 ordinem
367 549 391 577 in
409 549 458 576 bac
478 548 629 577 recensione
643 559 749 576 servare
764 555 941 587 peroptasseiu
955 559 962 583 ;

223 604 317 622 verum
329 594 357 622 id
370 594 516 622 admodum
527 593 639 621 diflicile
650 601 700 628 est,
717 593 771 621 imo
786 594 843 621 lieri
857 593 964 622 omnino

223 640 316 678 nequit
329 653 334 668 :
347 641 402 669 loca
417 641 486 669 enim
501 641 548 668 illa
566 640 693 678 Liturgire
708 639 742 667 ita
757 647 880 678 excerpta
896 650 965 678 saepe

223 686 411 722 adducuntur,
427 693 457 715 ut
471 687 570 715 nescias
583 686 615 714 ad
628 696 709 723 quam
722 685 849 724 Liturgiae
863 692 965 724 partem

226 732 388 771 pertineant.

265 778 387 817 Liturgia
404 789 484 813 vero,
501 789 580 815 quam
597 777 698 806 Pascha
712 784 789 806 vocat
805 777 966 815 Chrysosto-

225 833 285 852 mus
296 847 302 859 ,
326 831 364 852 ter
380 831 405 852 et
423 824 571 862 aliquando
590 830 686 861 quater
700 823 726 851 in
743 823 907 851 hebdomade
924 833 966 851 cc-

224 870 386 899 lebrabatur.
411 871 478 910 Ejus
500 871 579 899 verba
602 870 698 898 referre
720 881 751 898 ne
771 870 868 909 pigeat.
880 882 894 896 «
906 871 964 898 Non

224 916 296 945 enim
306 939 312 951 ,
326 930 336 941 »
351 917 448 954 inquit,
466 916 562 944 «idem
576 923 636 944 sunt
654 916 753 944 Pascha
770 922 794 943 et
809 916 832 950 Q
845 915 965 953 iadrage-

224 963 308 997 sima3
325 962 370 990 sed
385 962 460 990 aliud
474 962 586 996 Pascha,
601 960 675 989 aliud
689 961 917 998 Quadragesiina;
931 961 966 988 si-

224 1007 333 1045 quidem
349 1007 558 1046 Quadragesima
571 1007 652 1035 semel
672 1008 697 1035 in
712 1018 780 1035 anno
794 1007 823 1035 fit
835 1030 842 1041 ,
865 1007 966 1035 Pascha

225 1064 290 1083 vero
303 1061 342 1082 ter
354 1055 380 1082 in
394 1053 576 1088 hebdomada,
591 1064 793 1091 nonnumquam
808 1054 887 1081 etiam
901 1064 968 1091 qua-

225 1107 274 1133 ter,
293 1100 334 1128 vel
352 1100 440 1139 potius
453 1100 672 1138 quotiescumque
684 1099 817 1127 volumus.
834 1099 881 1127 Est
897 1099 967 1126 euim

226 1146 328 1174 Pascha
345 1157 394 1174 non
409 1146 554 1184 jejunium,
572 1145 615 1172 sed
630 1144 730 1172 oblatio
745 1151 770 1172 et
784 1144 964 1179 sacrificium,

229 1191 301 1229 quod
321 1191 346 1219 in
364 1191 478 1229 singulis
492 1192 521 1219 lit
539 1190 668 1218 collectis.
684 1202 697 1216 ι)

266 1238 397 1276 Mysteria
412 1237 501 1275 januis
517 1236 616 1265 clausis
636 1235 855 1271 celebrabantur,
877 1243 901 1264 et
916 1247 967 1264 non

227 1282 327 1310 initiati
357 1282 552 1320 abigebantur3
576 1282 726 1309 nesciebant
750 1282 820 1309 enim
841 1281 967 1310 virtutem

226 1328 324 1356 calicis.
345 1328 474 1357 Sacerdos
498 1335 585 1356 autem
607 1338 742 1356 «manum
762 1328 856 1355 tollens
878 1328 904 1356 in
923 1328 967 1357 al-

226 1381 282 1402 tum
294 1397 301 1409 ,
320 1375 400 1403 altius
416 1381 440 1402 et
457 1374 512 1413 ipse
526 1381 597 1402 stans
608 1397 614 1408 ‚
635 1373 661 1401 in
675 1374 812 1402 tremendo
826 1374 873 1402 illo
888 1374 967 1403 silen-

227 1420 263 1448 tio
279 1421 427 1449 vociferans
438 1443 444 1455 ‚
464 1421 532 1449 alios
547 1419 655 1458 quidem
671 1420 799 1453 vocabat,
816 1420 883 1448 alios
904 1431 967 1449 vero

225 1466 329 1494 arcebat
345 1479 350 1493 :
365 1477 416 1494 non
432 1466 482 1494 boc
504 1476 585 1494 manu
606 1465 722 1500 faciens,
740 1465 785 1493 sed
800 1466 892 1504 lingua
910 1467 966 1495 cla-

225 1512 281 1540 rius
297 1519 322 1540 et
336 1513 452 1551 apertius
464 1523 545 1550 quam
559 1521 647 1540 manu.
663 1513 731 1540 Nam
748 1523 800 1540 vox
817 1512 862 1540 illa
878 1513 904 1540 in
920 1523 968 1541 no-

225 1565 292 1586 stras
306 1568 383 1586 aures
399 1558 535 1586 incurrens
545 1580 551 1592 ,
570 1564 706 1595 tamquam
722 1568 816 1585 manus
827 1557 894 1585 alios
909 1559 968 1596 qui-

224 1602 284 1631 dem
303 1603 415 1642 expellit
429 1610 453 1631 et
470 1603 560 1642 ejicit,
584 1603 651 1631 alios
670 1610 759 1631 autem
780 1603 925 1632 introducit
943 1611 968 1632 et

225 1655 305 1676 StStlt.
319 1661 332 1674 n

265 1694 332 1728 Quoe
354 1693 388 1722 de
407 1694 528 1733 Liturgia
545 1696 572 1723 in
591 1701 663 1723 tanta
678 1705 787 1733 operum
809 1695 886 1734 sylva
907 1696 968 1724 bine

225 1746 250 1768 et
264 1739 327 1768 inde
345 1740 424 1768 refert
439 1740 656 1779 Cblysostomus,
672 1741 733 1777 vix,
750 1752 779 1769 ac
794 1752 826 1770 ue
840 1742 888 1771 vix
903 1743 966 1780 qui-

225 1786 285 1814 dem
294 1808 301 1820 ,
319 1793 347 1814 ut
358 1786 413 1825 jam
427 1786 495 1822 dixi,
507 1797 555 1815 suo
566 1786 659 1815 ordine
672 1797 805 1816 recensere
819 1799 966 1827 possumus.

226 1835 267 1862 De
279 1832 433 1872 hujusmodi
446 1833 542 1862 ordine
553 1833 693 1873 quidpiam
707 1845 915 1863 commemorare
928 1835 968 1863 vi-

227 1877 305 1906 detur
324 1879 434 1907 homilia
453 1879 557 1907 decima
578 1886 671 1907 octava
692 1880 719 1908 in
742 1878 830 1918 Epist.
853 1880 968 1908 secunda

211 1956 215 1960 Ι
228 1923 262 1951 ad
276 1923 448 1953 Corinthios:
462 1937 475 1950 «
488 1924 637 1960 Omnibus,
648 1937 662 1950 i>
674 1924 768 1963 inquit,
785 1938 798 1951 «
811 1936 895 1953 unum
909 1936 968 1953 cor-

228 1980 297 2008 pus,
315 1980 398 1998 unum
414 1970 539 2008 poculum
556 1970 734 2009 proponimus
748 1983 753 1997 :
768 1971 794 1999 in
810 1971 969 2010 precationi-

228 2017 277 2045 bus
301 2028 406 2054 quoque
426 2017 557 2056 populum
580 2016 678 2045 videtis
702 2017 818 2045 multum
839 2017 967 2045 conferre.

229 2061 336 2090 Etenim
351 2073 399 2101 pro
415 2062 611 2100 energumeniS,
626 2069 652 2090 et
667 2073 714 2101 pro
730 2062 762 2090 iis
780 2063 826 2100 qui
842 2063 868 2091 in
881 2063 968 2101 poeni-

228 2110 310 2136 tentia
331 2115 392 2136 sunt
403 2131 410 2144 ,
431 2118 585 2136 communes
599 2114 624 2136 et
638 2118 651 2135 a
668 2108 802 2136 sacerdote
817 2116 842 2137 et
859 2109 892 2137 ab
906 2109 970 2148 ipsis

229 2165 319 2193 preces
334 2154 401 2182 fiunt
415 2161 510 2192 :atque
522 2164 612 2182 omnes
628 2164 708 2182 unam
724 2154 896 2192 eamdemque
911 2165 970 2193 pre-

229 2210 285 2228 cem
297 2199 433 2236 cinittunt,
448 2210 552 2238 precem
561 2222 567 2234 ,
582 2200 692 2237 inquam
701 2222 708 2235 ‚
724 2200 906 2228 misericordia
917 2201 970 2240 ple-

229 2255 300 2273 nam.
326 2245 431 2273 Rursus
449 2255 510 2273 cum
522 2256 586 2280 eos,
613 2245 658 2283 qui
679 2253 852 2275 sacrosanctae
875 2257 971 2275 mensae

230 2289 373 2329 participes
388 2300 443 2318 esse
457 2297 601 2328 nequeunt,
617 2302 632 2318 a
645 2291 726 2319 sacris
741 2291 823 2330 septis
837 2303 967 2329 arcemus,

230 2334 346 2364 ineunda
364 2341 401 2362 est
414 2335 496 2363 altera
511 2336 605 2373 oratio,
623 2336 649 2364 iu
663 2347 714 2374 qua
728 2346 818 2365 omues
833 2337 909 2365 liumi
921 2338 966 2376 ja-

231 2391 330 2415 cemus,
354 2391 444 2408 omnes
459 2392 533 2418 :eque
550 2383 742 2419 consurgimus.
762 2382 803 2410 Ad
817 2383 888 2418 haec,
909 2394 972 2412 cum

230 2438 285 2466 pax
298 2426 385 2455 danda
398 2426 570 2464 vicissimque
582 2427 736 2465 accipienda
748 2435 797 2464 est,
811 2439 901 2457 omnes
914 2440 972 2458 mu-

230 2479 277 2500 tuo
295 2482 341 2500 nos
359 2473 553 2500 exosculamur.
577 2473 639 2501 Jam
656 2473 682 2500 in
701 2474 846 2503 tremendis
868 2486 973 2513 quoque

231 2518 367 2557 mysteriis
379 2540 387 2554 ‚
410 2524 437 2546 ut
452 2518 572 2546 sacerdos
587 2529 636 2557 pro
652 2519 729 2557 plebe
740 2542 748 2557 ,
776 2520 811 2548 ita
831 2521 909 2560 plebs
922 2533 971 2560 pro

231 2564 366 2592 sacerdote
388 2570 448 2593 vota
471 2563 542 2592 facit.
560 2564 623 2592 Ha‘c
643 2566 714 2593 enim
729 2566 809 2594 verba
825 2579 830 2594 :
845 2569 887 2596 Et
907 2579 972 2597 cum

231 2612 333 2645 spiritu
346 2617 404 2647 tuo,
418 2609 565 2639 niliilaliud
577 2621 656 2649 quam
666 2611 715 2641 lioc
727 2611 887 2651 significant.
901 2616 972 2644 Rur-

838 209 995 231 SYNOPSIS
1023 208 1151 237 EORUM,

1021 280 1065 298 sus
1080 281 1109 298 ea
1124 271 1225 304 oratio,
1244 280 1295 307 qua
1309 270 1365 298 Deo
1380 269 1472 308 gratiae
1488 277 1620 308 aguntur,
1637 279 1761 299 commu·-

1021 315 1062 343 nis
1084 322 1135 343 est.
1153 317 1245 353 Neque
1265 315 1336 343 enim
1351 315 1406 354 ipse
1428 315 1499 343 solus
1513 317 1611 353 gratias
1625 317 1693 355 agit,
1716 317 1762 346 sed

1020 360 1100 388 etiam
1113 361 1187 399 plebs
1201 361 1333 389 universa.
1351 362 1418 389 Nam
1432 371 1492 389 cum
1504 361 1578 400 prius
1589 363 1698 391 illorum
1713 373 1762 391 vo—

1021 417 1076 435 cem
1088 408 1193 443 sumsit,
1208 415 1287 446 atque
1298 408 1337 436 illi
1349 415 1515 436 assenserunt
1527 408 1553 436 id
1564 409 1645 447 digne
1656 417 1681 438 et
1691 412 1760 449 juste.

1020 452 1088 487 ficri,
1099 459 1155 481 tum
1167 453 1276 482 deinum
1286 454 1432 491 gratiarum
1442 454 1571 482 actionem
1582 455 1760 493 auspicatur.»

1060 500 1100 527 De
1115 500 1249 528 sacerdote
1262 500 1388 538 mysteria
1403 500 1553 528 celebrante
1565 500 1622 528 baec
1633 500 1699 528 dicit
1713 501 1760 529 lio—
1788 501 1816 522 Τ·
1839 508 1873 522 ¹¹·
1890 509 1910 529 Ρ·

1020 545 1094 573 milia
1110 545 1187 574 tertia
1204 546 1231 573 in
1248 546 1332 584 Epist.
1349 545 1383 574 ad
1402 545 1568 574 Colossenses
1583 557 1588 572 :
1605 558 1619 572 «
1632 546 1701 574 Cum
1721 556 1762 575 in·
1773 532 1899 592 3:⁴25?

1019 602 1124 629 gressus
1135 592 1216 620 suerit
1231 592 1253 620 is
1268 592 1313 630 qui
1335 599 1429 631 praeest
1446 591 1588 627 Ecclesiae,
1608 591 1698 620 statim
1719 592 1762 620 di·
1936 601 1937 604 ¹

1018 638 1069 674 cit,
1093 640 1159 667 Pax
1177 641 1330 672 omnibus‚·
1349 638 1456 677 quando
1473 632 1646 667 concionatur
1660 661 1668 673 ,
1691 640 1758 667 Pax

1018 687 1151 714 omnibus
1165 699 1173 718 ,·
1198 685 1305 723 quando
1328 684 1463 715 benedicit
1476 708 1485 719 ,
1512 686 1579 712 Par
1604 686 1735 713 omnibus
1749 697 1761 718 ;

1017 731 1123 769 quando
1140 731 1218 770 jubet
1231 731 1346 759 salutare
1356 753 1362 764 ,
1390 732 1457 759 Pax
1472 732 1629 763 omnibus5
1650 729 1760 768 quando

1017 784 1153 815 peractum
1172 777 1251 805 fuerit
1271 777 1436 805 sacrificium
1449 799 1456 810 ‚
1483 777 1549 804 Pax
1564 778 1707 805 omnibus.
1725 775 1760 804 Et

1018 833 1109 851 rursus
1125 825 1151 851 in
1165 823 1263 859 medio,
1283 823 1390 851 Gratia
1404 823 1487 850 vobis
1500 828 1527 850 et
1540 832 1610 858 pax.
1624 833 1637 848 υ

1061 870 1162 897 Verum
1175 868 1231 896 haec
1246 879 1330 907 pauca
1346 868 1423 896 nobis
1435 866 1607 895 subindicant
1620 866 1654 895 de
1669 877 1762 895 sacer-

1019 913 1088 942 dotis
1107 914 1134 942 in
1160 914 1282 952 Liturgia
1297 913 1376 942 dictis
1396 920 1420 942 et
1439 913 1538 951 gestis,
1561 913 1647 950 deque
1668 923 1762 941 eorum

1019 960 1087 988 inter
1106 970 1133 988 se
1147 959 1249 988 ordine.
1270 961 1309 988 De
1325 959 1453 997 Liturgiae
1469 966 1538 987 certe
1553 959 1630 987 initio
1642 981 1650 992 ‚
1677 958 1763 996 deque

1020 1006 1144 1044 precibus
1162 1013 1187 1033 et
1207 1005 1286 1038 aliis,
1306 1016 1364 1043 quae
1382 1005 1533 1033 Prwfationi
1546 1027 1553 1041 ,
1571 1011 1601 1032 ut
1612 1015 1739 1033 vocamus
1751 1027 1760 1039 ‚

1020 1051 1199 1090 praemittebat
1214 1050 1347 1087 sacerdos,
1364 1051 1431 1079 nihil
1449 1051 1527 1078 babet
1542 1050 1762 1089 Clirysostomus.

1021 1097 1187 1126 Praefationis
1198 1105 1286 1126 autem
1299 1097 1355 1125 brec
1369 1097 1449 1125 verba
1464 1097 1543 1125 refert
1557 1108 1562 1123 ε
1576 1096 1706 1125 Sacerdos
1720 1096 1763 1125 di-

1019 1144 1095 1171 cebat
1109 1155 1114 1170 ι
1128 1144 1182 1172 ἄνω
1195 1146 1301 1182 σχῶμεν
1313 1145 1389 1180 ἡμῶν
1400 1143 1442 1171 τὸν
1456 1145 1514 1171 νοῦν
1526 1142 1629 1174 καὶτὰς
1640 1143 1761 1181 καρδίας,
1773 1149 1904 1182 Τ.2,ρ,349
1921 1143 1923 1146 ⁴

1020 1192 1143 1219 Sursum
1158 1192 1317 1223 habeamus
1337 1196 1458 1217 mentem
1475 1195 1503 1217 et
1521 1189 1619 1217 corda.
1645 1190 1763 1227 Respon-
1774 1191 1794 1204 ⁰·

1019 1236 1100 1264 debat
1113 1236 1238 1274 populus,
1251 1236 1345 1274 ἔχομεν
1357 1236 1421 1273 πρὸς
1433 1235 1476 1263 τὸν
1490 1234 1597 1272 Κύριον,
1612 1235 1763 1263 Habemus

1021 1283 1062 1309 ad
1076 1282 1248 1309 Dominum.
1262 1282 1298 1309 Ut
1310 1291 1373 1309 vero
1387 1280 1521 1318 liquidum
1534 1279 1640 1308 videtur
1651 1290 1684 1308 ex
1696 1291 1764 1319 prae-

1021 1327 1175 1355 cedentibus
1186 1349 1192 1360 ,
1210 1326 1337 1365 pergebat
1352 1326 1484 1361 sacerdos,
1503 1326 1623 1355 Gratias
1640 1337 1764 1364 agamus

1021 1373 1149 1401 Domino
1172 1373 1234 1400 Deo
1252 1378 1370 1406 nostro;
1393 1372 1510 1411 populus
1525 1382 1588 1400 vero
1600 1396 1608 1409 ,
1633 1372 1763 1410 Dignum

1021 1426 1048 1447 et
1064 1421 1175 1458 justum
1191 1425 1244 1447 est.
1268 1417 1301 1446 Id
1315 1428 1377 1446 vero
1390 1418 1524 1456 significat
1538 1417 1600 1453 ille,
1618 1427 1679 1445 cum
1694 1417 1762 1446 dicit

1021 1476 1102 1504 supra
1115 1477 1120 1492 t
1133 1465 1234 1503 Atque
1247 1464 1292 1492 illi
1303 1471 1487 1492 assenserunt
1501 1464 1532 1491 id
1542 1464 1628 1501 digne
1644 1463 1760 1501 etjuste

1011 1512 1092 1550 fieri.
1105 1512 1195 1549 Pergit
1210 1511 1254 1539 ille
1267 1522 1273 1537 :
1288 1511 1360 1538 Tum
1373 1511 1486 1538 demum
1499 1512 1662 1546 gratiarum
1674 1511 1761 1538 actio-

1021 1569 1087 1586 nem
1101 1559 1277 1596 auspicalur.
1297 1557 1481 1584 Pt'aefatiouem
1497 1555 1625 1583 nimirum
1640 1556 1762 1594 profere-

1020 1606 1066 1634 bat
1081 1605 1202 1634 sacerdos
1219 1612 1314 1633 nostrae
1331 1615 1382 1633 non
1397 1604 1556 1634 absimilem.

1060 1653 1090 1681 In
1113 1652 1248 1680 oblatione
1265 1662 1326 1679 vero
1346 1650 1452 1679 dicebat
1467 1650 1591 1679 sacerdos
1605 1662 1611 1677 ε
1623 1650 1686 1679 Sive
1707 1661 1764 1678 vo·-

1024 1699 1126 1732 lentes,
1144 1700 1203 1726 sive
1217 1699 1300 1725 inviti
1312 1699 1507 1735 peccavimus,
1526 1698 1677 1725 condona:
1688 1696 1764 1734 queis

1020 1744 1122 1772 similia
1146 1743 1280 1771 habentur
1304 1742 1330 1770 in
1353 1742 1476 1780 Liturgia
1490 1742 1536 1770 illa
1546 1764 1553 1776 ,
1577 1741 1763 1780 Chrysostomi

1020 1789 1148 1818 nominea
1160 1788 1236 1816 nobis
1247 1788 1384 1827 publicata
1399 1788 1478 1816 Tom.
1491 1789 1538 1821 12,
1553 1798 1580 1825 p.
1592 1787 1658 1816 ⁷84.
1673 1787 1765 1825 Quan-

1019 1835 1117 1863 donam
1133 1841 1221 1862 autem
1234 1834 1290 1861 haee
1305 1833 1386 1861 verba
1400 1833 1509 1866 diceret,
1530 1833 1651 1861 Oremrts
1667 1843 1765 1861 omnes
1775 1832 1909 1872 ¹1·.u.p.23y

1020 1882 1225 1916 communiter,
1246 1889 1298 1908 non
1320 1878 1455 1908 indicatur
1475 1890 1489 1906 a
1510 1878 1701 1917 Clirysostomo
1717 1877 1766 1916 qui
1777 1875 1800 1895 ‘¹-

1799 1659 1827 1680 T.
1843 1666 1879 1682 12.
1891 1667 1903 1686 p

1777 1689 1830 1712 360.
1841 1699 1859 1711 c.
1874 1692 1900 1717 [7]

1020 1927 1066 1955 illa
1082 1927 1194 1966 profert.

1062 1975 1197 2012 Martyres
1209 1971 1288 2000 etiam
1302 1971 1328 2000 in
1342 1971 1463 2010 Liturgia
1475 1970 1700 1999 memorabantur.
1714 1970 1765 1998 No-
1776 1978 1856 2007 T.9.p.
1866 1977 1907 2008 ιγ(γ

1021 2020 1092 2048 mina
1106 2029 1212 2057 quoque
1225 2025 1399 2057 patronorum
1412 2024 1437 2045 et
1448 2017 1648 2045 benefactorum
1663 2026 1766 2054 semper
1776 2011 1799 2062 ἶ·
1809 2009 1908 2046 ⁸⁸1‘·¹5'!

1022 2065 1048 2093 in
1065 2065 1146 2093 saeris
1161 2064 1342 2092 oblationibus
1356 2063 1569 2102 proferebantur,
1588 2061 1690 2090 additis
1705 2072 1766 2100 pre·
1793 2055 1800 2062 ⁶

1022 2111 1097 2139 cibus
1116 2120 1164 2149 pro
1192 2109 1266 2138 villis
1288 2119 1381 2137 eorum
1403 2115 1429 2136 et
1451 2107 1568 2146 praediis.
1594 2108 1767 2135 Mortuorum

1023 2157 1104 2185 ctiam
1120 2155 1248 2184 memoria
1269 2154 1399 2183 celebrari
1419 2154 1521 2182 solebat
1543 2156 1574 2181 in
1587 2153 1767 2182 venerandis
1804 2156 1833 2176 T·
1848 2161 1900 2182 ¹¹·l

1780 2194 1833 2217 2¹7·
1845 2194 1865 2207 c·
1904 2199 1906 2205 r

1022 2210 1110 2240 atque
1126 2202 1270 2242 horrificis
1286 2202 1446 2237 mysteriis.
1904 2229 1906 2246 r

1063 2249 1126 2277 Hzec
1136 2248 1169 2284 de
1179 2247 1314 2277 sacerdote
1326 2257 1400 2275 sacra
1413 2251 1554 2285 peragente
1565 2257 1571 2272 :
1581 2255 1629 2274 nec
1641 2244 1767 2283 pauciora

1023 2296 1057 2324 de
1071 2295 1181 2323 diacono
1196 2294 1291 2328 refert,
1307 2293 1352 2330 qui
1367 2291 1467 2320 divinis
1482 2290 1617 2330 mysteriis
1631 2290 1766 2327 intererat,

1024 2351 1143 2380 saepeque
1158 2340 1210 2368 alta
1225 2349 1291 2368 voce
1305 2338 1405 2378 populo
1417 2337 1517 2366 monita
1530 2336 1622 2373 dabat,
1637 2347 1696 2374 quae
1710 2335 1767 2372 illo,

1022 2397 1075 2424 quo
1090 2386 1264 2420 dicebantur,
1287 2385 1380 2413 ordine
1392 2393 1526 2411 recensere
1546 2382 1573 2410 in
1591 2388 1699 2421 promtu
1714 2390 1767 2409 non

1023 2440 1070 2462 est.
1083 2432 1223 2461 Clamabat
1233 2438 1334 2467 autem,
1351 2430 1422 2469 ὀρθοὶ
1437 2431 1540 2466 στῶμεν
1556 2429 1652 2461 καλῶς,
1667 2427 1898 2462 Erecti‘r‚1.p‚57s

1025 2485 1132 2508 stemus
1146 2479 1233 2516 probe
1246 2489 1253 2504 :
1265 2477 1364 2515 quibus
1376 2475 1477 2509 verbis,
1493 2485 1545 2503 non
1561 2481 1590 2502 ut
1603 2484 1700 2512 corpus
1715 2483 1768 2501 mo·
1779 2472 1798 2485 ⁰·
1903 2473 1904 2476 ’

1025 2524 1071 2561 do,
1088 2525 1134 2553 sed
1146 2531 1174 2552 ut
1188 2524 1308 2552 animum
1325 2522 1406 2551 etiam
1420 2521 1549 2559 erigeret,
1565 2519 1680 2548 adstanti
1695 2519 1768 2558 plebi

1026 2570 1205 2609 significabat.
1224 2568 1345 2598 Subinde
1360 2568 1439 2596 etiam
1454 2567 1507 2595 alta
1526 2577 1591 2595 voce
1605 2565 1642 2594 sic
1661 2565 1767 2604 plebem
1778 2598 1798 2618 Τ

1028 2626 1133 2644 monere
1143 2615 1243 2645 solebat
1255 2627 1260 2642 2
1271 2614 1457 2653 ἐπιγινώσκετε
1468 2612 1606 2648 ἀλλήλους,
1617 2611 1684 2640 Alii
1691 2611 1767 2640 alios
1779 2614 1806 2651 ,κ’
1815 2604 1821 2619 ¹
1829 2605 1860 2626 '1⁷'
1879 2603 1894 2625 9
