1950 2922
322 215 386 251 158

314 300 366 318 non
381 289 407 318 in
421 290 515 328 majori
528 290 648 326 ecclesia,
664 289 710 316 ubi
724 298 839 327 synaxes
854 287 912 315 fieri
923 286 1053 322 solebant,

313 335 358 364 sed
379 335 405 363 in
420 336 528 364 ecclesia
543 337 572 364 S.
591 334 734 363 Anastasia:
753 333 969 361 concionabatur.

349 383 452 410 Octava
467 381 558 410 concio
571 391 626 409 rein
643 389 751 418 prorsus
767 378 901 407 insolitam
917 378 994 407 nobis
1008 388 1052 406 ex-

312 427 387 455 hibet
397 434 475 464 atque
488 426 643 454 inauditam.
656 426 733 453 Tunc
746 424 911 452 Gottliorum
924 434 984 463 pars
998 434 1053 451 ma-

311 473 396 506 xima,
413 473 458 510 qui
474 473 515 500 vel
529 470 771 509 Constantinopoli,
788 470 830 498 vel
844 470 944 497 circum
958 476 1032 498 erant
1044 491 1051 505 ,

311 518 493 546 Arianisinum
509 516 687 545 sectabantur.
712 517 796 544 Erant
816 522 903 543 tamen
920 515 1053 544 Catholici

311 563 395 601 gentis
410 562 527 600 ejusdem
544 572 595 590 non
611 561 699 600 pauci.
715 562 782 589 Cum
798 567 887 588 autem
902 560 929 588 in
943 560 1052 589 ecclesia

311 609 339 636 S.
358 608 433 636 Pauli
449 608 647 643 convenissent,
659 607 740 646 jussit
754 607 961 646 Chrysostomus
977 608 1053 636 Got-

311 654 370 682 thos
383 654 438 682 loca
453 654 577 692 quaedam
593 654 805 692 Scriptmarum,
821 663 880 690 quae
896 653 923 681 in
940 653 1053 682 Gouhi-

310 710 368 729 cam
383 700 502 738 linguam
518 710 651 728 conversae
668 699 789 734 fuerant,
808 699 937 727 Gotthice
954 699 1050 738 legere,

309 753 334 775 et
345 753 434 786 postea
450 746 582 775 Gotthum
597 748 783 785 presbyterum
807 745 932 774 Gotthice
947 746 1053 774 concio-

310 793 382 821 nari.
399 793 453 821 Cur
466 799 555 820 autem
566 792 732 831 itajusserit,
747 791 811 819 satis
821 790 938 819 declarat
952 792 978 819 in
989 802 1051 820 con-

311 838 385 867 cione
404 849 485 877 quam
502 839 558 877 ipse
574 838 736 866 continenter
757 843 816 876 post
838 837 969 865 Gottlium
992 848 1051 876 pre-

310 884 450 923 sbyterum
465 884 556 912 eadem
576 884 602 912 in
617 883 726 912 eeclesia
747 883 857 917 liabuit;
882 890 910 911 ut
928 883 1052 913 videlicet

310 931 417 959 Graecos
433 930 606 970 philosophos
617 952 625 966 ‚
641 939 786 967 eorumque
803 928 939 967 religionis
954 940 1050 967 sequa-

309 986 350 1004 ces
360 999 367 1012 ‚
381 983 406 1005 et
420 976 526 1006 Judaeos
540 986 647 1013 quoque
662 975 764 1014 pudore
779 974 962 1011 suffunderem
977 975 1051 1013 quod

309 1021 374 1050 dum
390 1022 430 1050 illi
445 1021 564 1050 veritatis
579 1021 665 1049 lucem
681 1020 852 1059 respuebant,
869 1020 990 1049 barbarae
1005 1032 1051 1060 per

308 1074 394 1096 totum
414 1067 505 1096 oibem
520 1067 637 1095 nationes
652 1066 707 1095 sole
720 1066 893 1104 fulgidiorem
908 1067 1050 1104 Evangelii

307 1114 394 1142 lucem
409 1113 639 1153 amplecterentur.
662 1112 746 1141 Addit
761 1113 841 1140 ctiam
856 1123 916 1140 eum
927 1134 936 1147 ‚
961 1114 1007 1150 qui
1023 1114 1049 1141 in

308 1160 400 1189 Veteri
417 1160 588 1187 Testamento
609 1159 712 1197 primus
734 1165 842 1186 vocatus
862 1158 932 1193 fuit,
957 1170 1050 1198 nempe

308 1205 504 1239 Abrahamum,
520 1204 665 1232 barbarum
678 1204 760 1232 fuisse
774 1204 800 1231 in
813 1203 902 1232 medio
918 1204 1049 1233 barbaro—

308 1261 368 1278 rum
388 1257 546 1279 versautem.
568 1249 702 1277 Barbaros
717 1249 797 1277 etiam
818 1249 900 1277 fuisse
919 1260 981 1285 eos,
1001 1251 1049 1287 qui

308 1295 409 1323 Christi
423 1302 510 1324 ortum
527 1295 608 1333 primi
621 1295 813 1323 annuntiarunt
823 1317 830 1330 ‚
847 1295 976 1323 nimirum
991 1307 1048 1324 ma-

307 1352 370 1380 gos,
385 1342 432 1379 qui
451 1351 484 1369 ex
500 1341 608 1369 Oriente
623 1347 758 1368 venerant.
776 1340 840 1368 Haec
854 1347 943 1368 autem
958 1341 1050 1369 concio

306 1387 398 1416 habita
412 1387 463 1415 suit
476 1387 502 1415 in
515 1386 624 1415 ecclesia
638 1387 665 1414 S.
681 1386 757 1414 Pauli
771 1385 841 1414 intra
852 1386 1049 1415 hebdomadam

307 1434 443 1462 Paschatis
457 1434 553 1461 festum
568 1433 770 1470 subsequentem
780 1455 788 1469 ,
805 1439 829 1460 et
846 1443 893 1471 per
907 1439 1028 1461 octavam
1041 1455 1048 1468 ‚

307 1486 336 1507 ut
351 1490 383 1507 cx
396 1479 529 1517 sequentis
544 1478 661 1506 homiliae
675 1478 765 1514 titulo,
782 1478 815 1506 ab
830 1489 860 1506 eo
874 1478 920 1516 qui
936 1478 977 1506 his
990 1489 1050 1506 con-

307 1525 429 1553 cionibus
441 1525 531 1553 aderat
544 1525 690 1563 praemisso,
705 1524 840 1561 liquidum
854 1531 893 1552 est
902 1536 907 1551 :
917 1524 1050 1562 etiamque

307 1572 481 1599 confirmatur
499 1581 532 1599 ex
555 1570 588 1598 iis
606 1581 664 1608 quae
681 1570 756 1598 initio
776 1569 910 1607 sequentis
930 1569 1049 1598 homiliae

308 1617 445 1645 dicuntur.

346 1663 452 1690 Etenim
479 1673 540 1690 cum
564 1660 872 1699 Constantinopolitanos
896 1661 956 1689 illos
969 1683 976 1697 ‚
1001 1662 1049 1700 qui

306 1708 478 1736 concionibus
494 1707 549 1735 suis
563 1707 655 1735 adesse
669 1706 800 1740 solebant,
822 1706 978 1744 gravissime
994 1719 1049 1746 pu-

307 1754 439 1792 pugisset,
455 1753 573 1792 ipsisque
587 1752 734 1780 molestiam
750 1759 862 1780 creasset
878 1753 904 1780 in
920 1753 965 1780 illa
982 1764 1048 1782 con-

307 1799 399 1835 cione,
423 1810 503 1836 quam
518 1799 544 1826 in
563 1798 704 1826 Dominica
720 1797 931 1826 Resurrectionis
947 1799 1048 1827 Christi

307 1844 449 1879 habuerat,
474 1855 505 1872 eo
519 1843 591 1882 quod
612 1843 697 1871 indie
715 1845 874 1872 Parasceves
887 1843 920 1871 ad
943 1844 1047 1872 circen-

308 1901 349 1919 ses
362 1913 368 1924 ,
390 1897 415 1918 et
431 1890 456 1918 in
471 1889 581 1918 sabbato
599 1896 689 1917 sancto
711 1888 745 1916 ad
762 1889 902 1917 theatrales
924 1889 1002 1918 ludos
1022 1901 1048 1918 se

307 1936 478 1964 contulissent
489 1958 496 1971 ,
525 1935 578 1963 imo
592 1934 874 1963 excommunicationis
890 1935 1048 1963 sententiam

275 2008 297 2025 ³5
309 1983 402 2011 saltem
418 1971 650 2010 comminatoriam
663 1981 689 2008 in
702 1980 761 2008 illos
774 1981 941 2019 protulisset3
957 1981 996 2009 illi
1011 1988 1048 2009 ta-

309 2040 368 2058 men
393 2036 497 2068 postea,
515 2038 542 2055 re
563 2037 654 2056 secum
676 2037 743 2054 serio
766 2036 912 2065 perpensa,
925 2037 977 2055 non
994 2027 1050 2055 sine

309 2086 388 2104 causa
402 2086 429 2103 se
443 2074 540 2103 acriter
551 2073 686 2113 impetitos
698 2073 778 2100 fuisse
790 2072 920 2107 videntes,
930 2079 955 2101 et
970 2073 1048 2111 plura

309 2122 351 2150 liis
364 2121 397 2149 de
413 2121 490 2149 rebus
508 2119 602 2148 audire
617 2120 753 2158 cupientes
763 2141 770 2154 ,
782 2118 815 2146 ad
831 2129 955 2157 magnam
970 2119 1050 2147 eccle-

309 2168 375 2195 siam
386 2190 393 2201 ,
411 2174 440 2194 ut
456 2166 577 2195 concioni
601 2165 768 2200 interforent,
782 2164 882 2202 ingenti
898 2175 1007 2193 numero
1022 2176 1050 2193 se

310 2213 452 2241 contulere.
465 2214 569 2241 Verum
583 2211 683 2240 accedit
700 2218 728 2239 ut
745 2211 791 2239 illo
805 2211 849 2239 die
859 2233 866 2247 ‚
883 2221 978 2250 nempe
993 2212 1048 2239 Do-

311 2259 407 2286 minica
420 2265 479 2296 post
494 2258 593 2286 Pascha
605 2281 612 2292 ,
631 2258 742 2295 quidam
762 2257 864 2286 adesset
887 2268 920 2286 ex
942 2258 1049 2287 Galatia

309 2306 466 2344 episcopus,
479 2304 521 2332 vir
541 2311 597 2332 tum
622 2314 655 2332 ex
676 2310 808 2332 senectute
819 2326 826 2337 ,
843 2311 900 2332 tum
919 2314 952 2332 cx
967 2304 1049 2331 animi

309 2350 418 2378 dotibus
433 2349 608 2384 venerandus,
620 2350 662 2378 cui
675 2349 849 2378 concionandi
863 2350 947 2378 viceni
962 2350 1050 2388 Chry-

311 2404 442 2425 sostomus
467 2396 556 2425 cessit.
584 2395 662 2430 Quod
689 2396 822 2424 auditores
848 2395 889 2424 illi
913 2397 1052 2434 aegerrime

311 2443 410 2477 tulere;
425 2453 530 2470 summo
545 2442 615 2469 enim
631 2442 817 2480 Chrysostomi
833 2453 860 2470 se
883 2442 980 2470 iterum
995 2454 1051 2471 car-

311 2489 413 2528 pentis,
434 2489 488 2516 imo
515 2487 643 2521 secantis,
660 2494 689 2515 ut
714 2488 771 2526 ipse
794 2488 831 2516 ait
855 2488 973 2523 ibidem,
1000 2500 1051 2517 au-

311 2535 404 2564 diendi
420 2534 552 2563 desiderio
568 2533 736 2562 tenebantur.

351 2582 522 2620 Quapropter
533 2580 578 2608 ille
594 2579 733 2607 Dominica
744 2602 752 2614 ,
768 2586 796 2607 ut
812 2579 918 2608 credere
936 2587 993 2615 est,
1009 2591 1050 2609 se-

312 2629 403 2668 quenti
415 2652 422 2666 ,
435 2627 551 2658 secunda
562 2627 686 2657 videlicet
698 2634 756 2666 post
769 2627 868 2657 Pascha
877 2649 886 2664 ,
905 2627 930 2656 in
942 2628 1051 2657 ecclesia

793 227 822 249 S.
849 225 989 249 JOANMS
1012 221 1243 247 ctinYSOSToMi
1271 221 1368 252 VITA,

1108 286 1206 322 Magna
1222 284 1379 313 concionem
1395 284 1463 313 hanc
1475 284 1584 320 habuit,
1597 285 1644 313 ubi
1658 285 1750 314 statim
1765 284 1849 313 audi-

1108 329 1212 357 toribus
1226 330 1375 367 gratulatur
1383 353 1390 366 ,
1399 330 1472 368 quod
1484 330 1543 358 licet
1554 337 1606 359 tam
1617 331 1733 369 graviter
1744 331 1848 370 excepti

1108 374 1134 402 in
1158 375 1283 402 concione
1306 374 1352 403 illa
1374 375 1520 403 Dominicae
1542 376 1766 412 Resurrectionis,
1781 376 1848 404 adeo

1107 420 1239 448 ferventer
1247 427 1271 448 et
1281 427 1351 449 tanto
1364 431 1473 449 numero
1484 421 1580 449 iterum
1591 422 1847 460 compareant.'l¹um

1107 476 1162 493 sese
1174 473 1283 493 excusat
1294 489 1300 500 ,
1316 466 1389 504 quod
1401 467 1538 495 Dcminica
1553 466 1710 505 praecedenti
1720 467 1847 506 episcopo

1107 510 1221 538 Galatiae
1239 511 1338 539 seniori
1358 512 1534 540 concionandi
1555 513 1643 540 locum
1658 512 1778 549 dederit;
1795 511 1847 541 ite—

1107 567 1220 594 rumque
1232 563 1322 585 contra
1334 557 1463 586 circenses
1479 558 1557 586 ludos
1569 580 1576 593 ‚
1591 558 1637 586 sed
1651 558 1744 587 mitius
1756 558 1848 587 mode-

1107 603 1245 640 ratiusque
1260 603 1398 641 loquitur,
1415 615 1523 642 remque
1538 604 1621 642 tangit
1634 604 1741 632 omnino
1751 604 1847 643 deplo-

1107 648 1218 676 randam
1240 660 1299 686 qua‘
1320 650 1458 689 superiore
1475 650 1518 679 die
1538 650 1678 686 hesterna,
1699 650 1801 688 inquit,
1818 650 1846 678 in

1107 695 1286 734 hippodromo
1308 697 1471 735 contigerat,
1493 708 1604 736 quaeque
1630 698 1664 725 ab
1689 697 1847 736 hujusmodi

1106 741 1177 769 ludis
1198 742 1265 770 alios
1284 751 1402 771 avertere
1423 743 1542 772 deberet.
1568 743 1685 778 Quidam
1705 744 1777 771 enim
1800 743 1846 781 qui

1106 788 1235 826 postridie
1247 799 1354 817 uxorem
1370 789 1501 817 ducturus
1512 796 1582 824 erat,
1594 800 1678 827 quum
1691 789 1717 817 in
1729 790 1846 817 stadium

1106 833 1301 869 descendisset,
1314 835 1347 862 ab
1358 835 1521 863 irruentibus
1532 835 1656 863 curribus
1667 835 1828 874 interceptus
1838 857 1846 869 ‚

1106 880 1253 908 miserabili
1280 891 1342 909 casu
1373 881 1458 920 capite
1484 887 1620 909 truncatus
1634 902 1642 917 ,
1670 887 1694 909 et
1721 881 1847 909 extremis

1106 926 1233 954 membris
1247 927 1369 955 abscissis
1380 950 1386 961 ‚
1403 927 1440 955 ibi
1456 934 1597 955 manserat.

1144 971 1249 1000 Deinde
1263 972 1380 1011 explicat
1394 973 1463 1001 illud
1476 973 1614 1012 Evangelii
1624 972 1743 1006 dictum,
1757 973 1848 1000 Pater

1106 1027 1183 1046 meus
1206 1028 1296 1056 usque
1320 1020 1405 1047 modo
1428 1026 1578 1058 operatur,
1598 1026 1625 1047 et
1644 1029 1695 1058 ego
1714 1028 1817 1057 operor
1835 1029 1844 1044 :

1107 1063 1272 1101 Arianosque
1293 1071 1318 1092 et
1339 1067 1501 1100 Anomoeos,
1521 1065 1607 1093 tacitis
1625 1072 1712 1093 tamen
1728 1064 1846 1093 nomini-

1106 1108 1172 1144 bus,
1187 1110 1313 1138 acerrime
1328 1111 1488 1145 insectatur,
1514 1111 1628 1150 probans
1646 1111 1748 1139 Filium
1772 1111 1846 1139 Patri

1106 1155 1251 1192 aequalem,
1265 1167 1325 1184 cum
1341 1157 1389 1186 illo
1402 1158 1482 1185 semel
1494 1157 1597 1196 operari
1610 1170 1616 1191 ;
1633 1158 1696 1195 quia
1711 1167 1772 1185 vero
1781 1167 1847 1195 ope-

1106 1200 1173 1228 ratio
1188 1201 1234 1229 illa
1246 1213 1402 1240 permanens
1415 1210 1466 1239 est,
1482 1210 1555 1241 putat
1569 1203 1788 1242 Chrysostomus‚
1803 1203 1847 1231 hic

1106 1246 1303 1284 providentiam
1316 1269 1324 1284 ,
1346 1249 1433 1276 Patris
1447 1255 1471 1276 et
1493 1248 1557 1276 Filii
1580 1248 1761 1287 operationem
1777 1247 1844 1277 dici.

1106 1291 1196 1329 [Hune
1209 1304 1357 1322 sermonem
1373 1294 1478 1333 excepit
1495 1294 1604 1322 homilia
1619 1294 1646 1322 in
1661 1293 1740 1327 illud,
1753 1296 1847 1324 Filius

1105 1348 1141 1365 ex
1164 1348 1195 1366 se
1220 1342 1281 1377 ipso
1309 1340 1385 1368 nihil
1395 1341 1489 1381 facit,
1505 1341 1584 1368 Toni.
1612 1342 1641 1377 6,
1664 1352 1691 1380 p.
1714 1342 1770 1370 255
1783 1364 1790 1378 ‚
1812 1341 1847 1370 de

1105 1394 1157 1421 quo
1174 1385 1223 1412 csr.
1239 1395 1321 1424 supra
1336 1385 1424 1422 dicta,
1449 1397 1476 1425 p.
1496 1388 1564 1422 127,
1577 1386 1629 1417 col,
1645 1388 1686 1424 a.]

1145 1430 1174 1457 In
1191 1441 1263 1459 more
1282 1439 1338 1460 erat
1354 1439 1381 1460 ut
1396 1432 1453 1460 bini
1468 1433 1509 1460 vel
1525 1432 1592 1460 terni
1609 1432 1699 1460 eodem
1719 1431 1763 1460 die
1781 1442 1847 1460 con-

1105 1474 1218 1503 tinenter
1235 1476 1348 1504 verbum
1363 1477 1413 1504 Dei
1428 1477 1613 1515 praedicarent.
1638 1477 1760 1516 Idipsum
1774 1477 1848 1506 vidc-

1105 1531 1165 1549 mus
1177 1521 1202 1549 in
1216 1521 1327 1550 homilia
1342 1522 1445 1551 decima
1456 1545 1464 1560 ,
1479 1533 1538 1561 quae
1551 1523 1641 1552 habita
1659 1524 1709 1552 fuit
1724 1525 1750 1552 in
1762 1524 1845 1553 eccle-

1104 1569 1144 1596 sia
1170 1570 1291 1608 Apostoli
1306 1592 1313 1606 ,
1344 1578 1483 1609 postquam
1507 1581 1587 1599 senex
1616 1571 1755 1610 episcopus
1783 1578 1844 1600 ante

1105 1616 1329 1654 Chrysostomum
1349 1618 1519 1646 concionatus
1534 1619 1638 1647 fuerat:
1656 1618 1782 1657 quodque
1791 1619 1843 1647 ob-

1104 1662 1266 1690 servandum
1278 1663 1417 1698 est‚illum
1427 1674 1516 1692 senem
1527 1687 1533 1698 ,
1545 1672 1569 1692 et
1579 1665 1738 1702 sejuvenem
1751 1672 1843 1699 vocat,

1104 1707 1151 1735 etsi
1171 1718 1205 1736 ex
1227 1709 1334 1747 vulgata
1356 1709 1480 1748 opinione
1499 1720 1598 1738 annum
1624 1711 1708 1739 aetatis
1730 1711 1767 1739 5&
1785 1711 1843 1749 jam

1103 1764 1226 1782 emensus
1238 1762 1304 1782 erat.
1321 1756 1391 1792 [Iino
1403 1756 1556 1795 episcopum
1573 1756 1651 1785 illum
1661 1757 1741 1785 simul
1753 1767 1843 1786 senem

1105 1810 1160 1827 esse
1174 1807 1198 1827 et
1210 1800 1337 1838 juvenem
1351 1801 1432 1837 dicit,
1448 1812 1535 1829 senem
1547 1802 1654 1839 quidem
1666 1802 1755 1838 annis,
1765 1803 1844 1841 juve-

1104 1854 1163 1872 nem
1179 1856 1241 1873 vero
1253 1846 1335 1874 animi
1348 1846 1439 1884 vigore
1454 1858 1459 1873 :
1472 1847 1539 1875 nihil
1551 1847 1585 1875 de
1599 1858 1626 1875 se
1638 1847 1696 1886 ipso
1711 1848 1844 1885 loquens.]

1106 1893 1300 1929 Argumentum
1322 1892 1456 1920 concionis
1477 1893 1559 1921 sumit
1578 1903 1611 1921 ex
1636 1894 1685 1921 hoc
1700 1894 1843 1932 Evangelii

1104 1936 1191 1973 dicto,
1221 1939 1322 1966 Messis
1342 1939 1458 1976 quidem
1479 1940 1587 1974 multa,
1609 1942 1733 1978 operarii
1746 1947 1844 1968 autem.

1102 1987 1198 2021 pauci.
1214 1985 1312 2012 Probat
1323 1991 1411 2013 autem
1424 1992 1448 2013 et
1460 1996 1532 2014 senes
1543 1993 1568 2014 et
1581 1987 1694 2024 juvenes
1709 1986 1843 2024 operarios

1106 2030 1230 2059 Ecclesiae
1244 2031 1391 2060 admodum
1405 2033 1483 2060 utiles
1497 2043 1562 2062 esse.
1584 2033 1732 2070 Messisque
1746 2033 1844 2071 liujus-

1105 2076 1175 2104 modi
1196 2077 1298 2106 fructus
1311 2077 1424 2106 eximios
1439 2079 1519 2106 fuisse
1535 2085 1637 2114 narrat,
1651 2085 1680 2106 ut
1697 2089 1758 2106 cum
1774 2079 1844 2107 Pau-

1105 2123 1146 2150 lus
1160 2122 1276 2161 simplici
1288 2123 1372 2151 verbo
1388 2124 1576 2152 Pruconsulcm
1588 2134 1634 2151 eeu
1651 2134 1745 2162 sagena
1759 2124 1842 2164 cepit,

1104 2175 1128 2196 et
1143 2179 1203 2196 cum
1218 2169 1360 2207 Philippus
1374 2170 1527 2197 eunuchum
1545 2169 1677 2198 Candacis
1697 2169 1842 2209 AEthiopiae

1104 2213 1200 2252 regina:
1215 2213 1250 2241 ad
1266 2214 1345 2242 fidem
1360 2214 1498 2242 convertit.

1145 2260 1290 2288 Homiliam
1302 2271 1406 2298 quoque
1419 2260 1586 2289 undecimam
1597 2261 1692 2290 habuit
1704 2269 1843 2301 postquam

1105 2305 1176 2334 alius
1191 2305 1337 2333 admodum
1359 2317 1439 2334 senex
1462 2314 1593 2336 oraverat.
1615 2307 1656 2335 lbi
1680 2308 1797 2346 primum
1817 2319 1845 2337 se

1105 2351 1229 2379 audiendi
1245 2352 1343 2391 cupido
1358 2353 1436 2380 coetui
1451 2353 1614 2390 gratulatur,
1630 2364 1659 2382 ac
1673 2353 1706 2381 de
1718 2354 1844 2387 Eleazaro

1105 2405 1130 2426 ct
1142 2398 1174 2426 de
1191 2398 1349 2426 Maccabaeis
1363 2399 1434 2437 agit,
1449 2409 1564 2436 quorum
1578 2400 1674 2428 festum
1687 2400 1713 2428 in
1725 2399 1844 2429 Ecclesia

1107 2443 1396 2482 Constantinopolitana
1411 2444 1607 2480 celebrabatur,
1627 2452 1652 2473 et
1673 2455 1738 2483 quos
1750 2446 1844 2484 probat

1106 2490 1150 2518 ille
1161 2500 1208 2528 pro
1220 2488 1326 2517 Chi-isto
1337 2499 1427 2528 passos
1435 2500 1498 2518 esse.
1511 2491 1540 2518 In
1554 2490 1606 2518 line
1618 2491 1752 2519 concionis
1762 2501 1845 2530 pauca

1106 2535 1302 2564 desiderantur.

1149 2582 1280 2610 Hactenus
1313 2581 1432 2610 vidimus
1461 2581 1549 2609 onmia
1573 2581 1677 2620 placide
1702 2589 1727 2610 et
1753 2589 1845 2621 sponte
1857 2595 1897 2616 An»
1916 2583 1929 2630 :il

1107 2628 1230 2666 fluentia,
1247 2628 1398 2657 Eudoxiana
1420 2630 1569 2666 Augustam
1592 2628 1643 2667 piis
1658 2629 1787 2667 operibus
1801 2629 1844 2658 in—

1920 1461 1923 1481 i

1920 1484 1922 1510 l

1918 1548 1921 1562 v
