1910 2907
691 226 779 248 NUNC
807 226 937 248 PRIMUM
967 224 1163 247 ADORNATA.
1617 224 1678 260 117

147 296 243 325 porum
269 285 472 315 interciderint:
493 296 587 325 parum
608 286 679 314 enim
694 286 801 320 abfuit,
818 286 884 325 quin

146 331 262 361 secunda
286 333 365 361 etiam
387 332 499 361 homilia
522 332 752 371 perierit‚utpote
775 343 833 370 quae
857 332 885 360 in

146 388 199 406 uno
213 384 318 406 tantum
340 378 437 407 Codice
458 389 554 417 magna
572 378 613 407 sni
635 386 709 418 parte
725 378 821 407 mutila
843 389 884 407 re-

144 431 221 462 perta
234 424 279 452 sit.
292 425 350 453 Imo
360 435 424 453 vero
436 432 537 453 certum
551 423 660 453 videtur
673 425 776 463 aliquot
797 436 830 453 ex
852 424 885 453 iis

146 480 212 508 quas
226 470 271 499 hic
294 478 423 499 memorat
441 471 567 500 homilias
582 471 766 508 intercidisse3
781 482 841 499 nam
857 471 884 499 in

145 517 199 544 (inc
218 517 301 545 tertiae
318 517 402 546 dicit:
419 518 666 555 Quemadmodum
679 518 886 546 demonstravi-

146 574 224 597 mus,
242 574 308 592 cum
323 565 380 592 hac
391 564 427 591 de
438 574 469 591 re
480 563 563 591 multi
575 563 786 602 habili-suerint
803 573 822 591 a
841 573 887 590 me

145 618 311 642 sermone5;
325 619 378 637 non
399 609 437 637 sic
459 608 620 646 loquuturus
633 631 640 643 ,
662 609 682 636 si
698 608 767 637 duos
782 615 885 636 tantum

146 654 196 682 hac
206 654 240 682 de
254 665 281 682 re
295 665 427 683 sermones
441 655 647 693 pronuntiasset.
665 654 718 683 Sed
731 665 796 683 cave
810 661 887 693 putes

146 711 208 729 cum
222 702 354 729 Frontone
368 702 467 729 Ducaeo
479 723 486 735 ,
502 700 627 729 homilias
643 701 762 738 quinque
773 711 887 738 sequen-

147 753 184 774 tes
209 746 250 774 his
271 747 457 786 Chrysostomi
472 747 561 775 verbis
572 769 580 783 ,
595 747 688 785 longos
714 747 887 786 prolixosque

146 803 280 822 sermones
292 793 448 832 significari.
459 793 523 822 Illas
531 793 664 831 siquidem
676 794 814 822 conciones
825 804 886 832 pro-

147 838 282 868 nuntiavit
291 839 339 867 diu
354 846 413 878 post
425 838 571 867 Homiliam
583 839 610 867 in
626 839 747 867 Natalem
763 838 885 875 Domini,

146 895 215 913 anno
243 886 302 915 586
327 885 447 913 habitam
460 907 468 920 ,
496 884 566 913 unde
590 892 714 924 excerpta
734 885 780 913 illa
805 885 887 913 verba

147 939 209 960 sunt
223 954 231 967 ,
247 938 277 960 ut
298 942 361 960 mox
372 953 380 967 ,
398 941 481 969 neque
505 930 595 959 dubiis
620 930 784 969 argumentis
798 930 888 970 palam

147 978 283 1006 iaciemus.

188 1025 286 1052 Contra
301 1023 373 1052 hunc
387 1030 508 1052 nostrum
519 1023 652 1052 calculum
667 1023 750 1052 dubia
763 1022 888 1061 quaedam

147 1070 273 1110 proponit
285 1071 322 1099 V.
340 1070 382 1098 Cl.
400 1069 600 1101 Tittemontius.
612 1069 680 1098 circa
696 1076 800 1108 tenipus
813 1079 889 1097 nem-

147 1127 181 1155 pe
192 1126 245 1154 quo
258 1115 368 1144 homilia
384 1116 461 1144 tertia
473 1115 565 1144 habita
578 1115 638 1143 fuit.
651 1115 703 1143 Sed
718 1115 757 1143 illi
775 1122 847 1154 apte,
860 1115 888 1142 ni

149 1161 242 1196 fallor,
262 1161 449 1201 respondimus
465 1163 491 1190 in
503 1161 607 1190 Monito
624 1161 658 1190 ad
674 1161 804 1189 Homitias
824 1171 889 1189 con-

149 1215 190 1236 tra
208 1207 315 1237 Judaeos
333 1209 369 1236 T.
385 1211 411 1243 1,
428 1219 455 1247 ρ.
473 1208 530 1238 583
545 1219 551 1236 ;
564 1219 618 1246 quo
632 1208 756 1236 lectorem
772 1207 890 1235 remitti-

149 1264 218 1282 mus.
228 1255 318 1292 Lougc
328 1254 510 1282 difficiliorem
517 1254 597 1282 aliam
606 1261 693 1282 movet
701 1254 889 1292 quaestionem,

149 1310 208 1337 quae
222 1310 297 1328 suam
313 1300 413 1339 pariter
427 1308 454 1329 et
469 1308 586 1329 nostram
601 1303 755 1328 sententiam
770 1300 891 1338 impetat,

149 1357 183 1375 ex
207 1346 286 1374 titulo
309 1357 403 1385 nempe
428 1346 509 1385 hujus
530 1346 614 1374 tertiae
636 1345 772 1381 homiliae,
788 1345 834 1383 qui
854 1346 892 1374 sie

149 1392 245 1427 habet,
268 1394 304 1425 εἷς
323 1391 381 1424 τοὺς
406 1392 436 1420 τὸ
463 1394 567 1430 πρῶτον
589 1391 682 1430 πάσχα
704 1391 892 1427 νηστεύοντας,

149 1440 181 1466 in
193 1449 240 1466 eos
252 1441 303 1477 qui
315 1440 409 1477 primo
422 1438 728 1477 Paschalejejunant.
745 1437 825 1472 Quod
839 1449 891 1466 au-

149 1490 203 1512 tem
215 1484 266 1512 hoc
278 1484 336 1523 ipso
351 1494 420 1512 anno
435 1484 470 1519 ii,
485 1484 531 1522 qui
547 1483 702 1513 Judaeornm
717 1485 851 1512 calculum
864 1485 891 1514 in

149 1530 278 1558 Paschate
288 1530 467 1568 sequebantur
478 1552 486 1565 ‚
499 1530 548 1558 etsi
562 1530 708 1558 Christiani
721 1537 796 1558 erant
809 1553 816 1565 ,
833 1531 891 1569 ipso

150 1576 287 1604 paschatis
297 1576 341 1604 die
348 1577 496 1615 jejunaturi
511 1583 608 1611 essent,
619 1577 656 1605 sic
671 1576 787 1605 declarat
799 1577 889 1616 Chry-

150 1629 282 1651 sostomus
307 1632 382 1651 num.
402 1624 436 1652 5:
451 1635 465 1649 <t
479 1622 548 1651 Ecce
571 1633 685 1661 namque
709 1623 812 1662 primus
835 1623 892 1651 dies

151 1670 313 1706 Azymorum
327 1667 378 1696 boc
389 1678 458 1696 anno
471 1668 497 1696 in
515 1668 684 1697 Dominicam
697 1668 768 1697 diem
780 1668 891 1705 incidit,

150 1721 176 1743 et
189 1715 298 1743 omnino
322 1726 426 1744 necesse
446 1723 483 1744 est
505 1723 533 1744 ut
554 1723 607 1744 tota
623 1716 793 1745 hebdomada
816 1717 892 1755 jeju-

150 1771 257 1797 nemus,
272 1768 298 1790 et
313 1772 374 1790 cum
396 1761 483 1800 passio
506 1763 664 1801 praeterierit
678 1769 704 1790 et
722 1773 790 1791 crux
809 1763 891 1791 adve-

150 1807 221 1835 ncrit
243 1814 268 1835 et
292 1808 469 1844 resurrectio,
483 1819 530 1836 nos
552 1808 642 1837 adhuc
664 1809 815 1847 jejunantes
836 1819 892 1836 ma·

151 1863 270 1882 neamus.
294 1853 329 1882 Et
353 1864 533 1892 saepenumero
557 1853 629 1882 istud
648 1854 764 1889 accidit,
782 1862 809 1882 ut
831 1862 892 1894 post

151 1908 258 1926 crucem
270 1921 277 1933 ‚
295 1905 355 1938 post
376 1900 594 1928 resurrectionem
606 1922 613 1934 ‚
636 1900 803 1929 hebdomada
828 1912 890 1929 non-

151 1943 218 1972 dum
245 1944 367 1972 absoluta
379 1967 387 1980 ,
411 1945 545 1984 jejunium
577 1945 761 1975 observemus.
786 1959 799 1973 »
827 1947 891 1976 Haec

151 1997 243 2018 contra
257 2001 301 2019 eos
314 1991 442 2019 dicuntur
454 2015 461 2027 ‚
475 1992 519 2029 qui
532 1992 666 2030 jejunium
679 1992 792 2021 Judaico
814 2004 887 2024 more

150 2037 312 2073 servabant,
339 2037 438 2076 quique
464 2037 610 2075 aliquando
633 2037 659 2066 in
682 2038 739 2076 ipso
762 2039 891 2068 Paschate

145 2084 321 2122 jejunabant,
342 2084 450 2122 quando
475 2084 574 2112 scilicet
592 2084 750 2113 ,Iudaeorum
772 2086 889 2115 calculus

150 2130 251 2158 Pascha
276 2130 429 2169 assignabat
453 2137 512 2169 post
539 2130 752 2159 Christianorum
778 2131 888 2161 Pascha.

151 2177 230 2205 Tunc
254 2177 326 2205 enim
355 2177 500 2205 Christiani
532 2177 593 2213 illi,
622 2177 668 2214 qni
693 2177 806 2205 Judaico
834 2178 889 2206 ritu

149 2222 284 2260 jejunium
308 2223 468 2258 servabant,
494 2223 542 2251 illo
568 2222 612 2250 die
632 2223 810 2261 jejunabant,
835 2234 888 2262 quo

151 2270 237 2297 coeteri
251 2270 397 2298 Christiani
413 2269 513 2298 Pascha
529 2269 701 2298 celebrarent.

190 2315 270 2352 Atqui
285 2315 433 2343 secundum
455 2315 559 2343 tabulas
575 2314 715 2343 Paschales
735 2325 804 2342 anno
828 2314 887 2344 387

150 2361 253 2388 Pascha
273 2361 368 2389 incidit
382 2361 409 2389 in
427 2362 463 2389 95
480 2361 580 2400 Aprilis
592 2383 598 2395 ‚
615 2371 709 2399 nempe
731 2371 810 2398 qnam
833 2368 887 2388 tar-

149 2406 260 2434 dissime
282 2413 367 2445 potest
387 2417 541 2435 occurrere:
561 2406 695 2444 quomodo
718 2416 780 2444 crgo
799 2406 890 2445 judai-

151 2460 236 2481 zantes
249 2452 289 2480 illi
302 2459 423 2491 poterant
436 2453 488 2481 hoc
500 2463 568 2481 anno
584 2453 611 2480 in
634 2452 735 2481 Pascha
747 2453 869 2491 jejunare
882 2474 889 2487 ,

151 2510 213 2528 cum
225 2499 326 2528 Pascha
338 2498 493 2528 Judaeornm
507 2510 653 2538 numquam
665 2500 748 2538 possit
764 2499 833 2528 ultra
847 2500 890 2528 vi-

151 2545 280 2583 gesimam
295 2545 414 2583 quintam
432 2545 530 2584 Aprilis
548 2546 706 2574 occurrere?
720 2547 822 2574 Verum
833 2546 891 2574 haec

149 2591 296 2619 difficultas
308 2591 468 2620 certissimas
482 2591 609 2630 temporis
619 2599 694 2620 notas
708 2603 723 2620 a
738 2592 815 2621 nobis
826 2603 890 2621 con-

150 2637 255 2666 stitutas
274 2645 392 2667 evertere
411 2638 510 2676 nequit.
533 2639 603 2667 Nam
619 2645 708 2668 utrum
721 2649 824 2679 semper
835 2641 892 2668 An-

942 285 1056 314 tiocheni
1079 284 1234 314 invariabili
1255 284 1312 323 lege
1340 283 1585 311 Alexandrinorum
1612 285 1680 312 circa

942 332 1044 361 Pascha
1059 331 1168 360 Domini
1185 330 1319 359 calculum
1334 329 1439 367 sequuti
1454 329 1525 364 sint,
1537 339 1589 357 non
1604 329 1681 358 nobis

941 384 1107 417 compertum
1131 384 1185 406 cst:
1201 384 1280 415 atque
1299 375 1402 404 etiamsi
1423 375 1526 413 sequuti
1552 375 1624 411 sint,
1649 386 1681 404 an

941 425 1074 452 affirmare
1089 433 1230 462 possumus
1246 432 1391 460 numquam
1406 432 1521 449 errorem
1539 421 1565 449 in
1579 421 1682 449 calculo

942 469 1125 498 intercidisse?
1138 469 1214 497 Certe
1230 472 1388 507 Anonymus
1402 467 1464 503 ille,
1485 467 1531 505 qni
1548 478 1682 495 sermones

941 516 967 543 in
983 516 1082 544 Pascha
1097 517 1140 544 Jo.
1158 515 1343 554 Chrysostomi
1368 514 1475 542 nomine
1492 513 1594 549 edidit,
1616 524 1682 551 quos

941 561 968 588 in
988 561 1075 589 lucem
1098 561 1236 589 emisimus
1259 561 1285 588 in
1300 566 1395 588 octavo
1417 561 1520 595 Tomo,
1536 559 1682 588 contrarias
1693 564 1832 592 T.8‚p.25.'·.

941 609 1009 637 circa
1026 610 1181 637 paschalem
1196 609 1329 637 calculum
1343 608 1485 637 sententias
1508 618 1538 636 eo
1560 608 1619 646 ipso
1636 618 1683 635 an-

941 665 989 689 no,
1008 666 1060 691 quo
1073 655 1128 694 ipsc
1142 655 1280 683 homiliam
1294 665 1369 682 suam
1385 654 1412 682 in
1428 654 1513 682 lucem
1526 653 1618 689 dedit,
1632 665 1682 682 ex-

941 700 1038 728 stitisse
1052 702 1098 731 ait.
1113 700 1260 738 Gregorius
1277 711 1341 728 vero
1353 699 1520 727 Turonensis
1536 710 1587 728 non
1602 700 1684 728 semel

943 745 1069 775 observat
1089 746 1244 775 varietatem
1268 746 1342 774 illam
1366 746 1438 773 circa
1456 745 1528 773 diem
1548 746 1684 775 Paschatis

942 802 989 820 suo
1004 799 1122 831 tempore
1136 793 1162 820 in
1175 791 1289 820 diversis
1301 791 1455 829 regionibus
1464 791 1616 829 contigisse.
1630 793 1684 820 Fa-

941 845 1030 867 tentur
1041 845 1130 867 autem
1145 838 1196 867 viri
1212 838 1239 866 in
1253 837 1296 865 his
1306 837 1386 865 rebus
1399 836 1555 875 peritissimi
1567 847 1686 866 errorem

941 884 1076 913 interdum
1092 885 1118 912 in
1135 884 1247 913 calculis
1270 882 1428 922 hujusmodi
1446 883 1600 921 contingere
1614 905 1621 918 ,
1638 894 1687 912 nee

942 931 1034 959 multis
1049 931 1148 959 abhinc
1159 931 1235 958 annis
1246 930 1389 968 contigisse
1399 952 1407 966 ,
1418 939 1502 967 neque
1513 935 1601 957 tutum
1615 941 1687 958 sem-

942 988 990 1017 per
999 988 1054 1006 esse
1067 984 1141 1005 notas
1153 976 1294 1004 Paschales
1302 975 1363 1004 aliis
1373 976 1441 1003 notis
1453 982 1622 1013 anteponere.
1637 976 1687 1003 Sa-

943 1035 976 1052 ne
987 1030 1059 1052 tanta
1075 1023 1182 1051 videtur
1192 1032 1283 1050 eornm
1294 1032 1352 1060 quse
1367 1031 1449 1060 supra
1460 1019 1582 1048 diximus
1596 1021 1687 1048 {irmi-

942 1077 983 1099 tas
996 1093 1003 1107 ,
1020 1077 1050 1098 ut
1065 1069 1154 1109 potius
1173 1079 1205 1097 ex
1228 1067 1427 1107 computatione
1445 1073 1534 1094 nostra
1554 1066 1689 1094 calculum

943 1116 1099 1146 Paschalem
1114 1114 1245 1154 ejusmodi
1260 1137 1268 1149 ,
1280 1124 1361 1152 quam
1386 1124 1420 1141 ex
1441 1112 1544 1140 calculo
1566 1111 1688 1140 Paschali

945 1170 1034 1193 contra
1048 1162 1272 1201 computationem
1289 1160 1363 1188 illam
1378 1158 1456 1187 liceat
1469 1158 1620 1187 decernere.

985 1210 1047 1237 Haec
1063 1209 1097 1237 de
1111 1207 1246 1247 prioribus
1261 1206 1347 1234 tribus
1363 1211 1454 1233 contra
1469 1204 1578 1234 Judaeos
1600 1203 1688 1232 homi-

945 1257 1003 1291 liis,
1020 1266 1078 1293 quae
1091 1253 1241 1293 Septembri
1253 1252 1315 1280 anni
1329 1251 1387 1280 586
1400 1250 1499 1278 habitae
1514 1257 1593 1284 sunt,
1617 1249 1687 1278 dicta

946 1308 1032 1331 sunto.
1046 1303 1193 1337 Antequam
1208 1309 1271 1327 vero
1286 1297 1406 1335 quinque
1416 1303 1552 1334 sequentes
1564 1305 1687 1334 pronun-

948 1347 1035 1381 tiaret,
1049 1346 1149 1374 librum
1162 1351 1252 1372 contra
1267 1343 1375 1373 Judaeos
1392 1349 1471 1380 atque
1484 1342 1606 1370 Gentiles
1619 1342 1687 1370 emi-

948 1393 981 1420 sit
1003 1392 1207 1431 longissimnm,
1232 1400 1315 1427 neque
1340 1389 1366 1417 in
1389 1388 1527 1416 conciones
1545 1387 1686 1417 divisum:

946 1450 1025 1477 quem
1040 1449 1072 1467 an
1088 1447 1214 1475 umquam
1229 1436 1318 1475 palam
1333 1442 1358 1463 et
1373 1440 1502 1473 praesente
1515 1433 1614 1472 populo
1629 1445 1678 1473 pro

948 1485 1077 1514 nuntiarit
1091 1484 1220 1512 incertum
1235 1489 1283 1510 est.
1297 1481 1353 1510 Sed
1368 1487 1471 1509 certum
1488 1479 1596 1507 videtur
1611 1480 1689 1509 emis-

948 1542 1007 1560 sum
1020 1532 1101 1560 fuisse
1113 1530 1213 1558 librum
1227 1535 1287 1557 ante
1299 1527 1484 1566 Septembrem
1497 1525 1559 1553 anni
1571 1527 1629 1555 387
1641 1549 1649 1564 ,
1661 1534 1690 1555 ut

948 1578 1074 1618 pluribus
1089 1577 1116 1604 in
1131 1575 1234 1604 Monito
1245 1579 1478 1602 commonstratur.

988 1625 1018 1653 In
1034 1624 1083 1653 hoc
1098 1633 1178 1662 opere
1192 1620 1306 1660 plurima
1327 1619 1396 1647 scitu
1412 1616 1571 1656 dignissima
1586 1627 1690 1646 memo-

949 1678 1042 1700 rantur
1052 1693 1059 1707 ,
1074 1680 1132 1708 quae
1145 1679 1195 1697 non
1208 1668 1269 1695 licet
1283 1665 1388 1694 silentio
1402 1663 1613 1704 praetermittere.
1628 1664 1690 1702 Agi-

949 1725 994 1746 tur
1004 1717 1049 1745 hic
1061 1716 1095 1744 de
1107 1715 1248 1743 divinitate
1263 1711 1382 1747 Christi,
1394 1721 1474 1749 quam
1489 1711 1609 1738 Anomoei
1625 1710 1688 1738 alii-

948 1773 1001 1802 que
1027 1773 1117 1791 omues
1144 1759 1235 1788 Ariani
1260 1758 1303 1786 vel
1326 1757 1460 1796 negabant
1472 1779 1479 1792 ,
1492 1767 1553 1784 cum
1569 1755 1689 1785 dicerent

950 1808 1087 1838 Christum
1116 1808 1202 1835 Deum
1228 1804 1337 1843 quidem
1365 1813 1419 1831 esse
1437 1825 1444 1835 ,
1471 1801 1517 1830 sed
1546 1812 1597 1830 non
1627 1813 1688 1831 vere

949 1856 1052 1890 Deum,
1069 1854 1113 1882 vel
1126 1864 1170 1881 ore
1185 1858 1287 1880 tantum
1303 1856 1378 1878 tenus
1392 1847 1587 1877 confitebantur
1603 1870 1610 1883 ,
1626 1858 1688 1876 cnm

948 1901 1027 1929 illum
1049 1899 1206 1938 simpliciter
1230 1898 1317 1926 Deum
1342 1894 1475 1922 vocabant
1489 1904 1494 1919 :
1511 1893 1599 1922 Judaei
1623 1904 1687 1923 vei-0

948 1954 1027 1984 atque
1047 1945 1158 1983 gentiles
1172 1944 1272 1980 absque
1291 1941 1346 1969 ullo
1359 1946 1566 1978 temperamento
1582 1939 1687 1978 rejicie-

947 1992 1022 2020 bant.
1045 1991 1159 2019 Orditur
1179 1995 1268 2016 autem
1283 1987 1374 2015 dicens
1385 1997 1412 2014 se
1426 1985 1526 2013 librum
1539 1985 1611 2013 hunc
1625 1986 1687 2015 breq

946 2040 1021 2067 viore
1042 2037 1210 2073 facilioreque
1224 2033 1294 2072 stylo
1311 2032 1487 2066 concinnare,
1501 2038 1530 2059 ut
1545 2031 1587 2060 vel
1602 2032 1685 2061 ancil-

946 2085 1032 2113 larum
1041 2107 1048 2119 ‚
1063 2083 1208 2110 vxduarnm
1218 2102 1225 2113 ‚
1237 2085 1377 2107 nautarum
1389 2076 1583 2115 ,agricolarum
1595 2078 1687 2116 captui

945 2129 1171 2160 accommodatior
1187 2133 1262 2155 esset.
1276 2125 1344 2152 Hinc
1357 2130 1448 2152 contra
1464 2123 1574 2161 gentiles
1594 2123 1684 2152 Evan-

945 2177 1007 2216 gelii
1021 2175 1157 2203 veritatem
1177 2171 1272 2211 probat
1284 2193 1290 2205 ‚
1301 2169 1374 2208 qnod
1393 2168 1612 2208 oppugnantibus
1624 2169 1685 2198 licet

944 2222 1096 2252 nationibus
1117 2218 1261 2253 universis,
1280 2227 1327 2256 per
1348 2222 1432 2243 totum
1452 2214 1543 2242 orbem
1563 2225 1684 2252 pervase-

944 2271 995 2305 rit3
1011 2269 1047 2297 ita
1062 2267 1129 2295 utin
1148 2263 1255 2293 Perside
1270 2272 1377 2301 qnoque
1390 2284 1397 2296 ‚
1407 2260 1455 2288 ubi
1470 2267 1621 2299 martyrum
1642 2260 1682 2288 in-

945 2326 1008 2355 gens
1031 2322 1157 2342 numerus
1182 2316 1251 2343 erat,
1267 2306 1422 2346 evangelica
1435 2304 1590 2345 praedicatio
1604 2305 1683 2333 flore-

944 2369 992 2391 ret.
1018 2359 1117 2389 Christi
1133 2357 1276 2386 adventum
1299 2364 1350 2383 non
1375 2352 1455 2380 modo
1474 2351 1683 2390 praenuntiatum

943 2409 1025 2437 fuisse
1038 2406 1123 2439 dicit,
1140 2403 1185 2432 sed
1209 2402 1288 2431 etiam
1303 2399 1434 2428 adventus
1454 2397 1566 2425 modum
1580 2403 1605 2424 et
1618 2406 1684 2434 gen-

944 2454 1012 2482 tium
1036 2460 1194 2481 concursum
1209 2448 1243 2476 ad
1264 2446 1346 2475 fidem
1368 2442 1587 2482 suscipiendam3
1602 2442 1638 2469 ita
1654 2448 1683 2469 ut

943 2500 1015 2530 orbis
1026 2499 1082 2538 jam
1094 2503 1166 2526 totus
1178 2495 1204 2523 in
1220 2492 1355 2522 Bethleem
1368 2489 1498 2523 confluat,
1512 2495 1541 2515 ut
1553 2487 1683 2515 natalium

944 2548 1034 2576 locum
1051 2549 1200 2574 veneretur.
1222 2538 1329 2570 Judaeos
1341 2544 1429 2565 tamen
1450 2534 1540 2562 adhuc
1565 2533 1683 2570 ingratos

944 2601 1064 2624 manere,
1080 2589 1148 2618 utin
1163 2586 1255 2615 multis
1274 2583 1421 2621 Scriptnrae
1433 2579 1498 2608 locis
1516 2577 1685 2617 praedireba-

944 2645 998 2667 tur.
1027 2635 1199 2676 Sepulturam
1224 2639 1330 2669 quoque
1355 2626 1457 2656 Christi
1480 2625 1686 2664 praenuntiatam

1722 704 1778 724 Vide
1791 704 1836 724 ilu-

1695 737 1756 756 dem.

1716 1215 1782 1235 Liber
1791 1222 1842 1234 eon-

1700 1251 1732 1267 tra
1752 1247 1841 1267 Judmos

1699 1282 1763 1304 atque
1777 1277 1840 1297 Geu-

1701 1309 1758 1329 tiles.
