1884 2922
664 228 850 252 scammis:
878 229 1001 252 sacas.
1559 218 1606 264 45

64 300 125 318 cir.
169 299 251 318 vrns.
863 302 927 322 eff.
971 301 1051 320 vnns.

146 335 244 363 11.12.
262 331 291 362 Si
306 331 361 360 duo
373 330 541 367 dormierint,
554 331 626 360 calor
635 333 685 362 erit
696 334 772 373 ipsis,
780 340 805 363 et
1099 346 1124 364 B.
1160 339 1224 364 181.
1253 346 1277 364 n.
1306 341 1353 365 III.
1386 339 1450 365 564.
1484 346 1510 364 e.
1545 342 1603 365 VII.

299 376 436 405 funiculus
452 376 552 415 triplex
564 387 614 406 non
634 378 710 407 facile
730 389 806 407 rum·
1099 385 1162 409 500.
1176 391 1201 408 Β.
1218 386 1288 408 VIII.
1307 384 1371 408 410.
1385 390 1410 408 Β.
1428 387 1474 409 XI.
1493 384 1557 408 676.
1577 391 1605 409 E.

299 428 387 460 petur.
405 428 437 449 v.
453 426 518 449 456.
536 432 563 451 13.
861 423 895 454 8.
1010 427 1036 454 1.
1053 424 1188 464 Sapientia
1209 423 1326 452 hominis
1340 423 1445 452 vultum
1469 425 1525 464 ejus
1540 424 1605 452 illu-

63 464 97 495 5.
215 467 244 497 3.
261 466 302 495 Ne
312 466 420 494 differas
434 465 544 494 reddere
559 473 663 495 votum.
677 473 710 496 V.
737 471 803 497 277.
1099 468 1223 497 minabit.
1237 475 1270 497 v.
1285 473 1349 497 617.
1364 480 1393 498 n.

300 521 328 539 Ε.
343 515 407 538 539.
424 522 449 540 Α.
861 513 895 542 9.
995 514 1041 543 16.
1059 513 1196 552 Sapientia
1207 513 1277 541 enim
1289 513 1415 552 pauperis
1430 513 1509 542 nihili
1524 512 1603 542 duci-

199 557 245 584 11.
263 555 359 583 Dulcis
372 562 409 584 est
432 565 510 584 servo
530 565 650 592 somnus,
665 556 722 584 sive
735 555 805 584 mul·
1098 565 1151 593 tur,
1164 565 1188 586 et
1204 557 1287 585 verba
1307 558 1363 597 ejus
1379 568 1431 586 non
1444 557 1603 586 audiuntur.

299 607 357 628 tum
383 600 438 628 sive
478 610 576 639 parum
608 600 753 629 comederit
782 606 803 629 I.
1100 609 1133 631 v.
1147 607 1211 631 225.
1227 613 1251 631 B.
1268 609 1327 631 XII.
1343 606 1408 631 252.
1425 613 1451 630 c-

297 649 361 674 397.
377 656 401 673 Α.
420 651 452 673 11.
466 649 547 674 38.Β.
865 644 922 675 12.
997 647 1043 675 13.
1061 646 1147 674 Deum
1162 646 1234 682 time,
1257 653 1281 674 et
1298 646 1423 675 mandata
1446 647 1503 685 ejus
1516 646 1605 674 obser-

64 685 98 716 7.
213 689 242 718 3.
262 689 361 718 Melius
382 696 421 717 est
443 689 481 716 ire
509 689 536 717 in
563 688 674 717 domum
698 689 805 725 luctus,
1098 700 1150 717 va:
1167 690 1217 718 hoc
1234 698 1272 719 est
1286 690 1356 718 enim
1378 690 1567 719 omnishomo.
1581 697 1602 719 I.

301 744 383 771 quam
395 734 422 762 in
432 733 543 762 domum
557 733 726 762 conviviidt.
740 738 804 763 180.
1102 738 1166 762 545.
1177 744 1205 762 A.
1219 741 1252 763 II.
1265 739 1330 764 277.
1346 745 1372 762 c.
1383 741 1417 763 X.
1431 739 1495 764 312.
1509 745 1534 762 c.

596 866 793 895 CANTICUM
814 866 1073 896 CANTICORUM.

63 997 127 1016 car.
171 995 249 1015 nns-
860 995 922 1013 cn.
960 995 1044 1014 VEns.

67 1031 97 1061 l.
216 1031 244 1058 2.
262 1028 437 1066 Unguentum
455 1027 571 1056 effusum
590 1038 687 1057 nomen
715 1034 803 1057 tuum.
859 1028 893 1058 5.
1012 1031 1040 1058 2.
1058 1029 1117 1068 Ego
1133 1028 1250 1065 dormio,
1275 1036 1301 1059 et
1318 1040 1362 1060 cor
1383 1041 1472 1060 meum
1497 1031 1604 1071 vigilat.

299 1080 345 1102 XI.
366 1076 460 1101 12225.
473 1076 537 1101 455.
548 1083 574 1102 F.
1099 1081 1133 1103 II.
1152 1078 1251 1102 328.c.

61 1116 96 1147 2.
194 1120 241 1147 10.
258 1116 377 1145 Pulchra
406 1127 464 1145 mea
478 1138 486 1152 ‚
511 1116 637 1145 columba
657 1126 726 1145 mea.
756 1123 803 1146 XI.
859 1116 893 1147 8.
1011 1119 1039 1147 6.
1058 1119 1146 1147 Fortis
1165 1125 1192 1146 ut
1209 1129 1281 1148 mors
1294 1119 1413 1156 dilectio,
1426 1119 1511 1148 durus
1523 1126 1552 1148 ut
1565 1120 1605 1148 in-

299 1165 363 1189 547.
1098 1162 1188 1191 fernus
1201 1163 1282 1192 zelus.
1296 1171 1317 1192 Ι.
1330 1168 1395 1192 235.
1410 1175 1439 1193 n.
1454 1168 1518 1193 382.
1530 1175 1555 1192 c.
1569 1171 1603 1193 II.

61 1203 95 1235 4.
212 1206 240 1233 7.
257 1205 324 1233 Tota
339 1204 452 1244 pulchra
468 1214 506 1241 es,
523 1205 674 1244 propinqua
693 1215 763 1242 mea,
779 1211 804 1233 et
1098 1211 1165 1235 758.
1175 1217 1204 1234 n.
1220 1214 1265 1235 IV.
1280 1211 1344 1236 375.
1360 1217 1382 1235 n.
1395 1214 1452 1236 VII.
1471 1212 1516 1237 60.
1530 1218 1555 1236 c.
1570 1214 1603 1237 x.

298 1249 402 1278 macula
416 1259 468 1278 non
486 1255 525 1277 est
541 1248 614 1277 inte.
629 1255 662 1277 V.
676 1253 721 1278 37.
738 1259 763 1277 Β.
1099 1255 1164 1279 361.
1176 1261 1202 1279 e.

725 1401 935 1430 SAPIENTIA.

60 1532 120 1552 cae.
163 1531 242 1551 vzns.
859 1532 922 1550 car.
968 1532 1049 1551 vens,

61 1566 93 1596 1.
211 1567 239 1597 4.
259 1566 290 1594 In
320 1563 480 1594 malevolam
506 1565 578 1593 enim
608 1564 725 1593 animam
750 1575 802 1593 nun
862 1564 895 1594 5.
982 1569 1041 1595 1.2.
1059 1566 1137 1594 Tunc
1147 1565 1275 1595 stabit....
1292 1566 1423 1596 videntes
1439 1578 1498 1596 eum
1510 1568 1605 1598 turba-

293 1609 417 1637 introibit
440 1609 582 1648 sapientia.
610 1616 655 1638 VI.
682 1614 746 1638 490.
774 1620 800 1637 c.
1096 1610 1208 1638 buntur.
1224 1618 1283 1639 XII.
1300 1616 1382 1640 1073.

294 1660 341 1682 XI.
358 1657 421 1681 128.
438 1663 463 1681 n.
983 1655 1044 1684 3-6.
1062 1654 1096 1683 Hi
1111 1660 1173 1682 sunt
1195 1665 1262 1692 quos
1277 1655 1422 1693 aliquando
1436 1656 1465 1684 in
1483 1656 1603 1686 derisum

211 1699 239 1728 5.
256 1697 375 1737 Spiritus
399 1703 506 1725 sanctus
527 1696 676 1736 disciplinae
692 1697 802 1736 effugiet
1094 1698 1290 1727 habuimus....
1304 1699 1378 1737 Ergo
1391 1709 1438 1728 nos
1456 1710 1471 1728 a
1491 1701 1547 1729 veri
1559 1701 1603 1729 via

294 1741 399 1770 dolum.
419 1748 489 1770 VIII.
505 1746 570 1770 283.
590 1752 618 1770 D.
1093 1742 1287 1771 deerravimus.
1303 1749 1325 1771 I.
1337 1747 1400 1771 348.
1413 1755 1439 1772 Α.

191 1788 238 1816 13.
257 1786 330 1815 Deus
342 1792 454 1814 mortem
471 1795 524 1814 nou
539 1785 601 1814 fecit
611 1809 617 1820 ,
632 1795 681 1813 nec
693 1783 800 1813 laetatur
991 1788 1036 1816 19.
1055 1786 1150 1815 Induet
1160 1785 1555 1825 thoracemjustitiam.v.200.
1575 1800 1600 1818 c.

295 1830 321 1858 in
332 1829 484 1869 perditione
492 1830 652 1858 viventium.
664 1836 684 1858 I.
696 1833 760 1857 202.
773 1839 798 1857 n.
857 1830 890 1860 6.
1005 1832 1033 1859 7.
1051 1830 1173 1859 Potentes
1194 1837 1314 1869 potenter
1341 1836 1473 1859 tormenta
1498 1832 1600 1870 patien-

57 1873 91 1903 2.
192 1875 240 1903 15.
256 1874 387 1903 Molestus
396 1880 434 1902 est
444 1874 522 1902 nobis
533 1874 577 1902 vel
590 1874 655 1902 dum
669 1873 801 1912 conspici-
1095 1881 1149 1902 tur.
1162 1880 1219 1902 VII.
1237 1878 1302 1902 365.
1313 1885 1339 1902 Β.

295 1925 350 1947 tur.
365 1924 399 1946 II.
418 1922 482 1947 316.
499 1929 527 1947 E.
540 1924 572 1946 V.
585 1923 680 1947 4031.
697 1921 797 1946 1521.
858 1919 890 1949 7.
1012 1923 1037 1948 1.
1056 1918 1163 1947 Etenim
1187 1928 1235 1956 ego
1257 1917 1337 1946 homo
1361 1928 1419 1946 sum
1436 1917 1462 1946 in
1474 1918 1600 1958 patiendo

295 1968 329 1990 X.
341 1965 407 1990 757.
425 1972 453 1990 n.
1094 1963 1171 1991 vobis
1186 1962 1293 1991 similis.
1311 1969 1344 1991 II.
1364 1967 1408 1990 16.
1422 1973 1450 1991 ε.

192 2004 239 2034 24.
257 2004 364 2033 Invidia
377 2012 465 2034 autem
480 2005 582 2034 diaboli
596 2015 667 2034 mors
689 2005 800 2034 intravit
1009 2009 1038 2038 3.
1056 2007 1175 2036 Primam
1200 2016 1293 2035 vocem
1324 2006 1439 2035 similem
1473 2007 1600 2037 omnibus

294 2049 321 2076 in
333 2048 476 2078 mundum.
487 2056 533 2078 IV.
545 2055 573 2079 ’7.
584 2061 609 2079 Β.
620 2054 683 2079 153.
696 2062 722 2078 A.
733 2054 798 2078 230.
1092 2062 1165 2089 aeque
1175 2051 1294 2090 plorans.
1307 2058 1353 2079 III.
1363 2055 1559 2080 {Izan-438.
1572 2063 1597 2081 B.

293 2102 322 2120 n.
337 2096 400 2121 544.
414 2103 439 2121 Β.
990 2097 1035 2125 16.
1052 2096 1082 2124 In
1097 2105 1177 2123 manu
1192 2095 1263 2123 enim
1283 2094 1358 2123 illius
1384 2101 1408 2122 et
1431 2105 1478 2123 nos
1492 2106 1596 2124 sumus.

57 2135 91 2167 5.
208 2139 235 2165 1.
254 2136 394 2166 Justorum
406 2137 477 2166 enim
494 2138 591 2166 animae
604 2138 631 2167 in
647 2149 729 2167 manu
749 2137 799 2167 Dei
1092 2147 1138 2168 VI.
1157 2143 1221 2168 438.
1233 2150 1257 2167 B.

292 2187 364 2209 sunt.
382 2187 402 2210 1.
416 2186 481 2211 854.
494 2195 520 2212 A.
535 2189 593 2212 VII.
609 2187 673 2211 381.
686 2194 715 2212 n.
988 2185 1035 2214 27.
1054 2184 1121 2212 Cum
1136 2183 1205 2211 enim
1227 2183 1305 2211 unica
1329 2182 1374 2219 sit,
1388 2182 1476 2211 omnia
1500 2190 1595 2223 potest.

55 2227 90 2259 4.
209 2230 237 2258 8.
254 2227 381 2257 Senectus
406 2230 477 2258 enim
503 2231 665 2259 venerabilis
684 2238 723 2260 est
745 2241 798 2260 non
1092 2234 1138 2256 VI.
1156 2231 1219 2255 538·
1233 2237 1257 2255 B·

292 2272 434 2302 diuturna.
448 2282 492 2304 VI.
506 2280 570 2304 437.
588 2286 616 2303 A.
854 2275 887 2305 9.
1006 2273 1035 2302 6.
1051 2272 1120 2300 Nam
1142 2270 1189 2299 etsi
1209 2270 1270 2308 quis
1290 2271 1340 2299 erit
1373 2271 1505 2310 perfectus
1526 2271 1596 2301 inter

177 2316 238 2345 8.9.
254 2315 430 2346 Senectus....
457 2325 481 2346 et
500 2326 563 2347 aetas
580 2320 722 2348 senectutis
741 2320 795 2349 vita
1090 2315 1162 2344 filfOS
1176 2314 1326 2343 hominum·
1345 2322 1390 2344 VI.
1408 2320 1472 2344 508.
1487 2327 1513 2344 Β·

291 2360 476 2390 immaculata.
490 2369 549 2391 XII.
565 2369 629 2392 111.
640 2375 665 2392 B.
985 2361 1033 2390 14.
1050 2359 1200 2389 Ratiocinia
1218 2359 1289 2387 enim
1319 2359 1473 2388 mortalium
1499 2359 1594 2388 timida

136 2404 234 2434 11.14.
252 2405 357 2444 Raptus
373 2412 422 2440 est,
444 2415 476 2434 ne
490 2406 592 2434 malitia
610 2413 726 2436 mutaret
740 2408 797 2446 ejus
1089 2410 1160 2432 sum·
1176 2410 1197 2431 1.
1219 2407 1283 2431 668-
1299 2414 1328 2431 A·
1345 2410 1390 2432 IV·
1413 2407 1457 2432 13·
1475 2414 1500 2432 C·
1525 2407 1591 2432 752·

291 2448 506 2478 intellectum....
524 2450 625 2478 Placita
648 2451 718 2479 enim
741 2460 797 2480 erat
1090 2453 1123 2475 V·
1150 2451 1214 2475 556·
1229 2457 1257 2475 Δ·
1278 2453 1323 2475 Π·
1349 2451 1414 2476 33¹·
1435 2459 1460 2476 B·
1479 2451 1543 2476 438-
1563 2458 1591 2475 C·

292 2493 348 2520 Deo
359 2492 446 2521 anima
457 2494 524 2532 ejus.
537 2500 583 2522 VI.
598 2499 662 2523 357.
1090 2498 1160 2519 VIII.
1178 2495 1223 2519 33.
1238 2501 1265 2518 A.

57 2535 89 2565 5.
210 2540 235 2565 1.
253 2536 557 2575 Tunestahitjustusin
566 2548 661 2576 magna
673 2545 796 2567 constan·
856 2538 912 2569 10.
969 2539 1029 2567 6.·7.
1048 2535 1109 2563 Ηῑεο
1121 2535 1225 2573 justum
1240 2545 1254 2562 a
1266 2535 1442 2574 pereuntibus
1457 2534 1548 2574 impiis
1561 2534 1591 2563 li-

293 2580 327 2607 tia
339 2579 467 2608 adversus
481 2591 535 2613 eos,
550 2580 595 2618 qui
616 2592 642 2610 se
657 2583 795 2621 angustia·
1089 2579 1195 2608 lM‘l'ssVit
1229 2578 1373 2617 fugientem
1387 2602 1393 2615 ,
1417 2578 1597 2608 descendente*

295 2632 398 2652 verunt.
418 2632 463 2653 III.
481 2630 543 2654 806.
556 2636 582 2653 I..
1089 2624 1148 2661 igne
1162 2622 1187 2651 in
1203 2623 1380 2662 Pentapolim.
1397 2631 1442 2652 VI.
1457 2628 1520 2652 351.
