<?xml version="1.0" encoding="UTF-8"?>
<!DOCTYPE html PUBLIC "-//W3C//DTD XHTML 1.0 Transitional//EN"
    "http://www.w3.org/TR/xhtml1/DTD/xhtml1-transitional.dtd">
<html xmlns="http://www.w3.org/1999/xhtml" xml:lang="en" lang="en">
 <head>
  <title>
</title>
<meta http-equiv="Content-Type" content="text/html;charset=utf-8" />
  <meta name='ocr-system' content='tesseract 3.04.00' />
  <meta name='ocr-capabilities' content='ocr_page ocr_carea ocr_par ocr_line ocrx_word'/>
</head>
<body>
  <div class='ocr_page' id='page_1' title='image "./operaomniaquaeex13johnuoft_0683.png"; bbox 0 0 1884 2922; ppageno 0'>
   <div class='ocr_carea' id='block_1_1' title="bbox 713 219 994 242">
    <p class='ocr_par' dir='ltr' id='par_1_1' title="bbox 713 219 994 242">
     <span class='ocr_line' id='line_1_1' title="bbox 713 219 994 242; baseline -0.007 0"><span class='ocrx_word' id='word_1_1' title='bbox 713 220 816 242; x_wconf 69' lang='lat' dir='ltr'>mni-:x</span> <span class='ocrx_word' id='word_1_2' title='bbox 844 219 970 242; x_wconf 76' lang='lat' dir='ltr'>RERUM.</span> <span class='ocrx_word' id='word_1_3' title='bbox 991 232 994 233; x_wconf 35' lang='grc' dir='ltr'><em>ν</em></span> 
     </span>
    </p>
   </div>
   <div class='ocr_carea' id='block_1_2' title="bbox 54 283 807 2612">
    <p class='ocr_par' dir='ltr' id='par_1_2' title="bbox 54 283 796 674">
     <span class='ocr_line' id='line_1_2' title="bbox 98 283 796 323; baseline -0.001 -11"><span class='ocrx_word' id='word_1_4' title='bbox 98 283 186 312; x_wconf 80' lang='lat' dir='ltr'>David</span> <span class='ocrx_word' id='word_1_5' title='bbox 209 294 274 322; x_wconf 86' lang='lat' dir='ltr'>puer</span> <span class='ocrx_word' id='word_1_6' title='bbox 295 290 424 323; x_wconf 75' lang='lat' dir='ltr'>tropaeum</span> <span class='ocrx_word' id='word_1_7' title='bbox 447 283 542 315; x_wconf 70' lang='lat' dir='ltr'>crexit,</span> <span class='ocrx_word' id='word_1_8' title='bbox 563 289 640 312; x_wconf 64' lang='lat' dir='ltr'>aetate</span> <span class='ocrx_word' id='word_1_9' title='bbox 654 290 796 322; x_wconf 82' lang='lat' dir='ltr'>provectus</span> 
     </span>
     <span class='ocr_line' id='line_1_3' title="bbox 55 327 794 366; baseline 0 -11"><span class='ocrx_word' id='word_1_10' title='bbox 55 327 187 366; x_wconf 75' lang='lat' dir='ltr'>peccavit.</span> <span class='ocrx_word' id='word_1_11' title='bbox 201 335 247 356; x_wconf 79' lang='lat' dir='ltr'>Vt.</span> <span class='ocrx_word' id='word_1_12' title='bbox 263 332 308 356; x_wconf 84' lang='lat'>42.</span> <span class='ocrx_word' id='word_1_13' title='bbox 332 328 459 356; x_wconf 68' lang='lat' dir='ltr'>a.)Iultis</span> <span class='ocrx_word' id='word_1_14' title='bbox 482 327 610 366; x_wconf 64' lang='lat' dir='ltr'>praeclare</span> <span class='ocrx_word' id='word_1_15' title='bbox 633 327 713 365; x_wconf 84' lang='lat' dir='ltr'>gestis</span> <span class='ocrx_word' id='word_1_16' title='bbox 729 333 794 355; x_wconf 92' lang='lat' dir='ltr'>ster-</span> 
     </span>
     <span class='ocr_line' id='line_1_4' title="bbox 56 371 794 410; baseline 0 -11"><span class='ocrx_word' id='word_1_17' title='bbox 56 371 138 400; x_wconf 87' lang='lat' dir='ltr'>nitur.</span> <span class='ocrx_word' id='word_1_18' title='bbox 159 379 180 401; x_wconf 87' lang='lat' dir='ltr'>l.</span> <span class='ocrx_word' id='word_1_19' title='bbox 205 377 250 401; x_wconf 78' lang='lat'>44.</span> <span class='ocrx_word' id='word_1_20' title='bbox 274 383 302 400; x_wconf 83' lang='lat' dir='ltr'>D.</span> <span class='ocrx_word' id='word_1_21' title='bbox 327 372 356 400; x_wconf 81' lang='lat' dir='ltr'>ln</span> <span class='ocrx_word' id='word_1_22' title='bbox 381 378 500 400; x_wconf 76' lang='lat' dir='ltr'>extrema</span> <span class='ocrx_word' id='word_1_23' title='bbox 523 378 671 407; x_wconf 86' lang='lat' dir='ltr'>senectute,</span> <span class='ocrx_word' id='word_1_24' title='bbox 693 371 794 410; x_wconf 59' lang='grc' dir='ltr'>ἐσχάτῃ</span> 
     </span>
     <span class='ocr_line' id='line_1_5' title="bbox 59 415 793 454; baseline -0.001 -11"><span class='ocrx_word' id='word_1_25' title='bbox 59 416 153 454; x_wconf 68' lang='grc' dir='ltr'>πολιᾷ,</span> <span class='ocrx_word' id='word_1_26' title='bbox 183 415 317 444; x_wconf 75' lang='lat' dir='ltr'>commisit</span> <span class='ocrx_word' id='word_1_27' title='bbox 341 415 514 444; x_wconf 78' lang='lat' dir='ltr'>adulterium.</span> <span class='ocrx_word' id='word_1_28' title='bbox 537 423 571 445; x_wconf 91' lang='lat'>11.</span> <span class='ocrx_word' id='word_1_29' title='bbox 588 420 653 444; x_wconf 85' lang='lat'>339.</span> <span class='ocrx_word' id='word_1_30' title='bbox 677 425 704 443; x_wconf 86' lang='lat' dir='ltr'>D.</span> <span class='ocrx_word' id='word_1_31' title='bbox 733 415 793 442; x_wconf 83' lang='lat' dir='ltr'>Post</span> 
     </span>
     <span class='ocr_line' id='line_1_6' title="bbox 55 458 793 499; baseline 0 -13"><span class='ocrx_word' id='word_1_32' title='bbox 55 466 193 497; x_wconf 87' lang='lat' dir='ltr'>peccatum</span> <span class='ocrx_word' id='word_1_33' title='bbox 209 459 242 488; x_wconf 81' lang='lat' dir='ltr'>(lc</span> <span class='ocrx_word' id='word_1_34' title='bbox 254 467 362 499; x_wconf 80' lang='lat' dir='ltr'>peccato</span> <span class='ocrx_word' id='word_1_35' title='bbox 380 470 431 488; x_wconf 90' lang='lat' dir='ltr'>non</span> <span class='ocrx_word' id='word_1_36' title='bbox 447 459 556 498; x_wconf 78' lang='lat' dir='ltr'>cogitat.</span> <span class='ocrx_word' id='word_1_37' title='bbox 573 467 606 488; x_wconf 85' lang='grc' dir='ltr'>ΙΙ.</span> <span class='ocrx_word' id='word_1_38' title='bbox 623 464 686 488; x_wconf 76' lang='lat'>340.</span> <span class='ocrx_word' id='word_1_39' title='bbox 704 458 793 487; x_wconf 87' lang='lat' dir='ltr'>Davi-</span> 
     </span>
     <span class='ocr_line' id='line_1_7' title="bbox 55 501 793 542; baseline 0 -12"><span class='ocrx_word' id='word_1_40' title='bbox 55 501 98 530; x_wconf 86' lang='lat' dir='ltr'>dis</span> <span class='ocrx_word' id='word_1_41' title='bbox 114 503 242 531; x_wconf 80' lang='lat' dir='ltr'>confessio</span> <span class='ocrx_word' id='word_1_42' title='bbox 265 511 402 542; x_wconf 78' lang='lat' dir='ltr'>peccatum</span> <span class='ocrx_word' id='word_1_43' title='bbox 421 504 501 532; x_wconf 86' lang='lat' dir='ltr'>delet.</span> <span class='ocrx_word' id='word_1_44' title='bbox 524 511 556 532; x_wconf 88' lang='lat'>11.</span> <span class='ocrx_word' id='word_1_45' title='bbox 576 508 639 531; x_wconf 66' lang='lat'>340.</span> <span class='ocrx_word' id='word_1_46' title='bbox 658 514 685 531; x_wconf 77' lang='lat' dir='ltr'>E.</span> <span class='ocrx_word' id='word_1_47' title='bbox 705 502 793 531; x_wconf 76' lang='lat' dir='ltr'>David</span> 
     </span>
     <span class='ocr_line' id='line_1_8' title="bbox 55 546 792 587; baseline 0.004 -14"><span class='ocrx_word' id='word_1_48' title='bbox 55 556 90 574; x_wconf 80' lang='lat' dir='ltr'>ex</span> <span class='ocrx_word' id='word_1_49' title='bbox 108 557 190 585; x_wconf 76' lang='lat' dir='ltr'>parva</span> <span class='ocrx_word' id='word_1_50' title='bbox 207 547 366 586; x_wconf 76' lang='lat' dir='ltr'>negligentia</span> <span class='ocrx_word' id='word_1_51' title='bbox 388 549 414 576; x_wconf 92' lang='lat' dir='ltr'>in</span> <span class='ocrx_word' id='word_1_52' title='bbox 436 548 536 587; x_wconf 83' lang='lat' dir='ltr'>peccati</span> <span class='ocrx_word' id='word_1_53' title='bbox 554 546 711 575; x_wconf 72' lang='lat' dir='ltr'>barathrum</span> <span class='ocrx_word' id='word_1_54' title='bbox 728 546 792 576; x_wconf 86' lang='lat' dir='ltr'>ruit.</span> 
     </span>
     <span class='ocr_line' id='line_1_9' title="bbox 56 591 794 630; baseline 0.003 -14"><span class='ocrx_word' id='word_1_55' title='bbox 56 595 114 618; x_wconf 70' lang='lat' dir='ltr'>vu.</span> <span class='ocrx_word' id='word_1_56' title='bbox 134 595 199 619; x_wconf 87' lang='lat'>364.</span> <span class='ocrx_word' id='word_1_57' title='bbox 226 602 254 619; x_wconf 81' lang='lat' dir='ltr'>n.</span> <span class='ocrx_word' id='word_1_58' title='bbox 273 591 393 620; x_wconf 79' lang='lat' dir='ltr'>Prudens</span> <span class='ocrx_word' id='word_1_59' title='bbox 405 615 411 625; x_wconf 77' lang='grc'><em>,</em></span> <span class='ocrx_word' id='word_1_60' title='bbox 428 593 528 620; x_wconf 86' lang='lat' dir='ltr'>ratione</span> <span class='ocrx_word' id='word_1_61' title='bbox 543 602 590 630; x_wconf 87' lang='lat' dir='ltr'>per</span> <span class='ocrx_word' id='word_1_62' title='bbox 601 591 794 630; x_wconf 83' lang='lat' dir='ltr'>concupiscen-</span> 
     </span>
     <span class='ocr_line' id='line_1_10' title="bbox 54 633 641 674; baseline 0.003 -13"><span class='ocrx_word' id='word_1_63' title='bbox 54 633 119 662; x_wconf 88' lang='lat' dir='ltr'>tiam</span> <span class='ocrx_word' id='word_1_64' title='bbox 135 635 306 663; x_wconf 76' lang='lat' dir='ltr'>obtenebrata</span> <span class='ocrx_word' id='word_1_65' title='bbox 321 636 452 674; x_wconf 71' lang='lat' dir='ltr'>peccavit.</span> <span class='ocrx_word' id='word_1_66' title='bbox 469 643 525 664; x_wconf 69' lang='lat' dir='ltr'>Vll.</span> <span class='ocrx_word' id='word_1_67' title='bbox 541 641 603 664; x_wconf 85' lang='lat'>683.</span> <span class='ocrx_word' id='word_1_68' title='bbox 619 647 641 663; x_wconf 86' lang='lat' dir='ltr'>B.</span> 
     </span>
    </p>

    <p class='ocr_par' dir='ltr' id='par_1_3' title="bbox 55 677 795 850">
     <span class='ocr_line' id='line_1_11' title="bbox 97 677 794 718; baseline 0.001 -13"><span class='ocrx_word' id='word_1_69' title='bbox 97 678 211 706; x_wconf 78' lang='lat' dir='ltr'>Davidis</span> <span class='ocrx_word' id='word_1_70' title='bbox 226 686 374 718; x_wconf 84' lang='lat' dir='ltr'>peccatum.</span> <span class='ocrx_word' id='word_1_71' title='bbox 393 686 445 708; x_wconf 66' lang='lat' dir='ltr'>vll.</span> <span class='ocrx_word' id='word_1_72' title='bbox 461 684 495 708; x_wconf 85' lang='lat'>36</span> <span class='ocrx_word' id='word_1_73' title='bbox 503 685 525 708; x_wconf 71' lang='lat' dir='ltr'>t.</span> <span class='ocrx_word' id='word_1_74' title='bbox 540 691 568 708; x_wconf 75' lang='lat' dir='ltr'>A.</span> <span class='ocrx_word' id='word_1_75' title='bbox 588 679 673 718; x_wconf 73' lang='lat' dir='ltr'>culpa:</span> <span class='ocrx_word' id='word_1_76' title='bbox 688 677 794 716; x_wconf 80' lang='lat' dir='ltr'>magni-</span> 
     </span>
     <span class='ocr_line' id='line_1_12' title="bbox 55 721 794 763; baseline 0.001 -14"><span class='ocrx_word' id='word_1_77' title='bbox 55 721 131 751; x_wconf 86' lang='lat' dir='ltr'>tudo.</span> <span class='ocrx_word' id='word_1_78' title='bbox 145 729 200 751; x_wconf 76' lang='grc' dir='ltr'>ΠΙ.</span> <span class='ocrx_word' id='word_1_79' title='bbox 214 728 278 752; x_wconf 83' lang='lat'>305.</span> <span class='ocrx_word' id='word_1_80' title='bbox 292 734 318 752; x_wconf 88' lang='lat' dir='ltr'>c.</span> <span class='ocrx_word' id='word_1_81' title='bbox 334 724 423 752; x_wconf 74' lang='lat' dir='ltr'>David</span> <span class='ocrx_word' id='word_1_82' title='bbox 437 724 537 752; x_wconf 84' lang='lat' dir='ltr'>caedem</span> <span class='ocrx_word' id='word_1_83' title='bbox 553 724 688 763; x_wconf 84' lang='lat' dir='ltr'>duplicem</span> <span class='ocrx_word' id='word_1_84' title='bbox 703 722 794 751; x_wconf 86' lang='lat' dir='ltr'>admi-</span> 
     </span>
     <span class='ocr_line' id='line_1_13' title="bbox 56 765 795 807; baseline 0.001 -14"><span class='ocrx_word' id='word_1_85' title='bbox 56 765 98 794; x_wconf 87' lang='lat' dir='ltr'>sit.</span> <span class='ocrx_word' id='word_1_86' title='bbox 117 773 174 794; x_wconf 74' lang='lat' dir='ltr'>vn.</span> <span class='ocrx_word' id='word_1_87' title='bbox 194 772 256 795; x_wconf 87' lang='lat'>365.</span> <span class='ocrx_word' id='word_1_88' title='bbox 273 778 298 795; x_wconf 65' lang='lat' dir='ltr'>A.</span> <span class='ocrx_word' id='word_1_89' title='bbox 313 767 419 796; x_wconf 77' lang='lat' dir='ltr'>Caedem</span> <span class='ocrx_word' id='word_1_90' title='bbox 434 775 459 797; x_wconf 87' lang='lat' dir='ltr'>et</span> <span class='ocrx_word' id='word_1_91' title='bbox 473 768 636 797; x_wconf 78' lang='lat' dir='ltr'>adulterium</span> <span class='ocrx_word' id='word_1_92' title='bbox 651 773 795 807; x_wconf 70' lang='lat' dir='ltr'>perpetrat,</span> 
     </span>
     <span class='ocr_line' id='line_1_14' title="bbox 56 810 645 850; baseline 0.003 -13"><span class='ocrx_word' id='word_1_93' title='bbox 56 816 81 837; x_wconf 86' lang='lat' dir='ltr'>et</span> <span class='ocrx_word' id='word_1_94' title='bbox 96 810 306 839; x_wconf 86' lang='lat' dir='ltr'>misericordiam</span> <span class='ocrx_word' id='word_1_95' title='bbox 321 812 502 850; x_wconf 75' lang='lat' dir='ltr'><strong>consequitur.</strong></span> <span class='ocrx_word' id='word_1_96' title='bbox 516 819 547 841; x_wconf 74' lang='lat' dir='ltr'>V.</span> <span class='ocrx_word' id='word_1_97' title='bbox 559 816 605 840; x_wconf 88' lang='lat'>50.</span> <span class='ocrx_word' id='word_1_98' title='bbox 618 822 645 839; x_wconf 89' lang='lat' dir='ltr'>D.</span> 
     </span>
    </p>

    <p class='ocr_par' dir='ltr' id='par_1_4' title="bbox 55 854 796 1190">
     <span class='ocr_line' id='line_1_15' title="bbox 96 854 793 895; baseline 0.001 -13"><span class='ocrx_word' id='word_1_99' title='bbox 96 854 188 883; x_wconf 75' lang='lat' dir='ltr'>David</span> <span class='ocrx_word' id='word_1_100' title='bbox 209 855 284 883; x_wconf 66' lang='lat' dir='ltr'>verbi</span> <span class='ocrx_word' id='word_1_101' title='bbox 306 856 394 884; x_wconf 89' lang='lat' dir='ltr'>fructu</span> <span class='ocrx_word' id='word_1_102' title='bbox 417 855 451 883; x_wconf 82' lang='lat' dir='ltr'>ad</span> <span class='ocrx_word' id='word_1_103' title='bbox 479 855 661 895; x_wconf 84' lang='lat' dir='ltr'>poenitentiam</span> <span class='ocrx_word' id='word_1_104' title='bbox 684 854 793 883; x_wconf 81' lang='lat' dir='ltr'>ductus.</span> 
     </span>
     <span class='ocr_line' id='line_1_16' title="bbox 58 898 796 938; baseline 0 -12"><span class='ocrx_word' id='word_1_105' title='bbox 58 904 116 927; x_wconf 75' lang='lat' dir='ltr'>vn,</span> <span class='ocrx_word' id='word_1_106' title='bbox 139 903 182 927; x_wconf 93' lang='lat'>36.</span> <span class='ocrx_word' id='word_1_107' title='bbox 201 910 226 927; x_wconf 85' lang='lat' dir='ltr'>c.</span> <span class='ocrx_word' id='word_1_108' title='bbox 242 899 309 938; x_wconf 84' lang='lat' dir='ltr'>Ejus</span> <span class='ocrx_word' id='word_1_109' title='bbox 324 900 457 928; x_wconf 89' lang='lat' dir='ltr'>contritio.</span> <span class='ocrx_word' id='word_1_110' title='bbox 471 907 528 928; x_wconf 75' lang='lat' dir='ltr'>Vll.</span> <span class='ocrx_word' id='word_1_111' title='bbox 545 905 588 928; x_wconf 84' lang='lat'>50.</span> <span class='ocrx_word' id='word_1_112' title='bbox 604 910 629 927; x_wconf 86' lang='lat'>13.</span> <span class='ocrx_word' id='word_1_113' title='bbox 645 898 735 927; x_wconf 85' lang='lat' dir='ltr'>David</span> <span class='ocrx_word' id='word_1_114' title='bbox 748 909 796 926; x_wconf 80' lang='lat' dir='ltr'>rex</span> 
     </span>
     <span class='ocr_line' id='line_1_17' title="bbox 56 941 794 982; baseline 0.001 -13"><span class='ocrx_word' id='word_1_115' title='bbox 56 941 143 970; x_wconf 88' lang='lat' dir='ltr'>media</span> <span class='ocrx_word' id='word_1_116' title='bbox 160 949 234 970; x_wconf 89' lang='lat' dir='ltr'>nocte</span> <span class='ocrx_word' id='word_1_117' title='bbox 245 944 380 982; x_wconf 75' lang='lat' dir='ltr'>surgebat.</span> <span class='ocrx_word' id='word_1_118' title='bbox 395 951 441 973; x_wconf 76' lang='lat' dir='ltr'>lv.</span> <span class='ocrx_word' id='word_1_119' title='bbox 460 948 524 972; x_wconf 78' lang='lat'>353.</span> <span class='ocrx_word' id='word_1_120' title='bbox 542 954 566 971; x_wconf 73' lang='grc' dir='ltr'>Β.</span> <span class='ocrx_word' id='word_1_121' title='bbox 579 943 647 981; x_wconf 85' lang='lat' dir='ltr'>Ejus</span> <span class='ocrx_word' id='word_1_122' title='bbox 658 943 794 981; x_wconf 72' lang='lat' dir='ltr'>lacrymae.</span> 
     </span>
     <span class='ocr_line' id='line_1_18' title="bbox 56 986 794 1025; baseline 0 -12"><span class='ocrx_word' id='word_1_123' title='bbox 56 992 101 1014; x_wconf 80' lang='lat' dir='ltr'>1v.</span> <span class='ocrx_word' id='word_1_124' title='bbox 117 990 182 1014; x_wconf 83' lang='lat'>353.</span> <span class='ocrx_word' id='word_1_125' title='bbox 192 997 218 1014; x_wconf 89' lang='lat' dir='ltr'>c.</span> <span class='ocrx_word' id='word_1_126' title='bbox 229 987 299 1015; x_wconf 87' lang='lat' dir='ltr'>Bene</span> <span class='ocrx_word' id='word_1_127' title='bbox 311 994 381 1025; x_wconf 79' lang='lat' dir='ltr'>gesta</span> <span class='ocrx_word' id='word_1_128' title='bbox 396 987 498 1015; x_wconf 85' lang='lat' dir='ltr'>muneri</span> <span class='ocrx_word' id='word_1_129' title='bbox 511 986 604 1015; x_wconf 80' lang='lat' dir='ltr'>divino</span> <span class='ocrx_word' id='word_1_130' title='bbox 615 986 794 1015; x_wconf 79' lang='lat' dir='ltr'>adscribebat.</span> 
     </span>
     <span class='ocr_line' id='line_1_19' title="bbox 55 1030 796 1070; baseline 0 -13"><span class='ocrx_word' id='word_1_131' title='bbox 55 1035 101 1057; x_wconf 72' lang='lat' dir='ltr'>1v.</span> <span class='ocrx_word' id='word_1_132' title='bbox 115 1034 179 1058; x_wconf 83' lang='lat'>884.</span> <span class='ocrx_word' id='word_1_133' title='bbox 192 1042 218 1058; x_wconf 77' lang='lat' dir='ltr'>A.</span> <span class='ocrx_word' id='word_1_134' title='bbox 236 1030 351 1058; x_wconf 76' lang='lat' dir='ltr'>Davidis</span> <span class='ocrx_word' id='word_1_135' title='bbox 365 1031 530 1070; x_wconf 83' lang='lat' dir='ltr'>poenitentia.</span> <span class='ocrx_word' id='word_1_136' title='bbox 548 1037 580 1059; x_wconf 70' lang='lat' dir='ltr'>V.</span> <span class='ocrx_word' id='word_1_137' title='bbox 595 1035 638 1059; x_wconf 72' lang='lat'>54.</span> <span class='ocrx_word' id='word_1_138' title='bbox 654 1041 679 1059; x_wconf 87' lang='lat' dir='ltr'>c.</span> <span class='ocrx_word' id='word_1_139' title='bbox 695 1041 722 1058; x_wconf 91' lang='lat' dir='ltr'>D.</span> <span class='ocrx_word' id='word_1_140' title='bbox 737 1031 796 1058; x_wconf 86' lang='lat' dir='ltr'>Da-</span> 
     </span>
     <span class='ocr_line' id='line_1_20' title="bbox 55 1073 794 1114; baseline 0.001 -13"><span class='ocrx_word' id='word_1_141' title='bbox 55 1073 102 1101; x_wconf 73' lang='lat' dir='ltr'>vid</span> <span class='ocrx_word' id='word_1_142' title='bbox 116 1074 219 1102; x_wconf 87' lang='lat' dir='ltr'>nullam</span> <span class='ocrx_word' id='word_1_143' title='bbox 240 1076 436 1103; x_wconf 81' lang='lat' dir='ltr'>excusationem</span> <span class='ocrx_word' id='word_1_144' title='bbox 456 1075 557 1110; x_wconf 84' lang='lat' dir='ltr'>attulit,</span> <span class='ocrx_word' id='word_1_145' title='bbox 574 1081 716 1114; x_wconf 73' lang='lat' dir='ltr'>postquam</span> <span class='ocrx_word' id='word_1_146' title='bbox 732 1084 794 1113; x_wconf 87' lang='lat' dir='ltr'>pec—</span> 
     </span>
     <span class='ocr_line' id='line_1_21' title="bbox 55 1119 794 1149; baseline 0.001 -4"><span class='ocrx_word' id='word_1_147' title='bbox 55 1124 173 1146; x_wconf 77' lang='lat' dir='ltr'>caverat.</span> <span class='ocrx_word' id='word_1_148' title='bbox 190 1125 223 1149; x_wconf 73' lang='lat' dir='ltr'>Y.</span> <span class='ocrx_word' id='word_1_149' title='bbox 242 1123 304 1147; x_wconf 81' lang='lat'>528.</span> <span class='ocrx_word' id='word_1_150' title='bbox 320 1130 346 1148; x_wconf 83' lang='lat' dir='ltr'>D.</span> <span class='ocrx_word' id='word_1_151' title='bbox 362 1119 452 1148; x_wconf 80' lang='lat' dir='ltr'>David</span> <span class='ocrx_word' id='word_1_152' title='bbox 467 1130 516 1148; x_wconf 75' lang='lat' dir='ltr'>rex</span> <span class='ocrx_word' id='word_1_153' title='bbox 533 1127 616 1148; x_wconf 89' lang='lat' dir='ltr'>noctu</span> <span class='ocrx_word' id='word_1_154' title='bbox 637 1119 738 1147; x_wconf 86' lang='lat' dir='ltr'>orabat.</span> <span class='ocrx_word' id='word_1_155' title='bbox 761 1125 794 1146; x_wconf 67' lang='grc' dir='ltr'>Υ.</span> 
     </span>
     <span class='ocr_line' id='line_1_22' title="bbox 57 1165 166 1190; baseline 0.009 -1"><span class='ocrx_word' id='word_1_156' title='bbox 57 1165 121 1190; x_wconf 62' lang='grc'>641.</span> <span class='ocrx_word' id='word_1_157' title='bbox 139 1173 166 1190; x_wconf 75' lang='lat' dir='ltr'>A.</span> 
     </span>
    </p>

    <p class='ocr_par' dir='ltr' id='par_1_5' title="bbox 58 1206 801 1587">
     <span class='ocr_line' id='line_1_23' title="bbox 96 1206 798 1247; baseline 0 -13"><span class='ocrx_word' id='word_1_158' title='bbox 96 1206 212 1235; x_wconf 80' lang='lat' dir='ltr'>Davidis</span> <span class='ocrx_word' id='word_1_159' title='bbox 238 1214 297 1246; x_wconf 82' lang='lat' dir='ltr'>post</span> <span class='ocrx_word' id='word_1_160' title='bbox 320 1215 458 1247; x_wconf 86' lang='lat' dir='ltr'>peccatum</span> <span class='ocrx_word' id='word_1_161' title='bbox 485 1209 572 1237; x_wconf 78' lang='lat' dir='ltr'>virtus</span> <span class='ocrx_word' id='word_1_162' title='bbox 600 1215 710 1246; x_wconf 81' lang='lat' dir='ltr'>quanta.</span> <span class='ocrx_word' id='word_1_163' title='bbox 740 1214 798 1235; x_wconf 73' lang='grc' dir='ltr'>ΠΙ.</span> 
     </span>
     <span class='ocr_line' id='line_1_24' title="bbox 59 1251 798 1291; baseline 0 -13"><span class='ocrx_word' id='word_1_164' title='bbox 59 1254 124 1278; x_wconf 88' lang='grc'>366.</span> <span class='ocrx_word' id='word_1_165' title='bbox 142 1261 167 1279; x_wconf 87' lang='lat' dir='ltr'>c.</span> <span class='ocrx_word' id='word_1_166' title='bbox 188 1252 255 1290; x_wconf 83' lang='lat' dir='ltr'>Ejus</span> <span class='ocrx_word' id='word_1_167' title='bbox 274 1263 333 1291; x_wconf 85' lang='lat' dir='ltr'>spes</span> <span class='ocrx_word' id='word_1_168' title='bbox 356 1253 381 1280; x_wconf 90' lang='lat' dir='ltr'>in</span> <span class='ocrx_word' id='word_1_169' title='bbox 402 1254 470 1281; x_wconf 88' lang='lat' dir='ltr'>Deo.</span> <span class='ocrx_word' id='word_1_170' title='bbox 486 1260 520 1281; x_wconf 71' lang='grc' dir='ltr'>Υ.</span> <span class='ocrx_word' id='word_1_171' title='bbox 542 1257 588 1281; x_wconf 88' lang='lat'>63.</span> <span class='ocrx_word' id='word_1_172' title='bbox 607 1264 630 1281; x_wconf 84' lang='lat' dir='ltr'>c..</span> <span class='ocrx_word' id='word_1_173' title='bbox 649 1251 798 1280; x_wconf 74' lang='lat' dir='ltr'>Benevolus</span> 
     </span>
     <span class='ocr_line' id='line_1_25' title="bbox 58 1295 799 1331; baseline 0.001 -10"><span class='ocrx_word' id='word_1_174' title='bbox 58 1303 121 1331; x_wconf 85' lang='lat' dir='ltr'>erga</span> <span class='ocrx_word' id='word_1_175' title='bbox 137 1305 197 1322; x_wconf 87' lang='lat' dir='ltr'>suos</span> <span class='ocrx_word' id='word_1_176' title='bbox 213 1296 328 1324; x_wconf 86' lang='lat' dir='ltr'>animus.</span> <span class='ocrx_word' id='word_1_177' title='bbox 346 1303 392 1325; x_wconf 65' lang='lat' dir='ltr'>tv.</span> <span class='ocrx_word' id='word_1_178' title='bbox 418 1302 482 1325; x_wconf 81' lang='lat'>883.</span> <span class='ocrx_word' id='word_1_179' title='bbox 501 1307 525 1324; x_wconf 73' lang='grc' dir='ltr'>Β.</span> <span class='ocrx_word' id='word_1_180' title='bbox 541 1296 631 1325; x_wconf 84' lang='lat' dir='ltr'>David</span> <span class='ocrx_word' id='word_1_181' title='bbox 652 1295 799 1324; x_wconf 63' lang='lat' dir='ltr'>vindictam</span> 
     </span>
     <span class='ocr_line' id='line_1_26' title="bbox 59 1337 799 1377; baseline 0.004 -13"><span class='ocrx_word' id='word_1_182' title='bbox 59 1337 110 1365; x_wconf 87' lang='lat' dir='ltr'>Dei</span> <span class='ocrx_word' id='word_1_183' title='bbox 125 1337 151 1365; x_wconf 90' lang='lat' dir='ltr'>in</span> <span class='ocrx_word' id='word_1_184' title='bbox 170 1339 300 1377; x_wconf 84' lang='lat' dir='ltr'>populum</span> <span class='ocrx_word' id='word_1_185' title='bbox 317 1340 350 1368; x_wconf 89' lang='lat' dir='ltr'>ad</span> <span class='ocrx_word' id='word_1_186' title='bbox 369 1351 396 1368; x_wconf 85' lang='lat' dir='ltr'>se</span> <span class='ocrx_word' id='word_1_187' title='bbox 409 1347 526 1369; x_wconf 74' lang='lat' dir='ltr'>revocat.</span> <span class='ocrx_word' id='word_1_188' title='bbox 547 1348 592 1369; x_wconf 73' lang='grc' dir='ltr'>Π.</span> <span class='ocrx_word' id='word_1_189' title='bbox 615 1345 641 1370; x_wconf 87' lang='grc'>2,</span> <span class='ocrx_word' id='word_1_190' title='bbox 659 1351 686 1368; x_wconf 84' lang='lat' dir='ltr'>c.</span> <span class='ocrx_word' id='word_1_191' title='bbox 703 1345 731 1369; x_wconf 87' lang='lat'>3.</span> <span class='ocrx_word' id='word_1_192' title='bbox 748 1340 799 1367; x_wconf 89' lang='lat' dir='ltr'>Pro</span> 
     </span>
     <span class='ocr_line' id='line_1_27' title="bbox 59 1381 801 1422; baseline 0.004 -14"><span class='ocrx_word' id='word_1_193' title='bbox 59 1381 158 1410; x_wconf 80' lang='lat' dir='ltr'>ovibus</span> <span class='ocrx_word' id='word_1_194' title='bbox 172 1384 239 1411; x_wconf 89' lang='lat' dir='ltr'>mori</span> <span class='ocrx_word' id='word_1_195' title='bbox 258 1385 354 1413; x_wconf 73' lang='lat' dir='ltr'>voluit.</span> <span class='ocrx_word' id='word_1_196' title='bbox 379 1392 410 1413; x_wconf 93' lang='lat'>11.</span> <span class='ocrx_word' id='word_1_197' title='bbox 430 1390 494 1414; x_wconf 79' lang='lat'>484.</span> <span class='ocrx_word' id='word_1_198' title='bbox 509 1396 535 1414; x_wconf 87' lang='lat' dir='ltr'>c.</span> <span class='ocrx_word' id='word_1_199' title='bbox 551 1383 639 1413; x_wconf 85' lang='lat' dir='ltr'>David</span> <span class='ocrx_word' id='word_1_200' title='bbox 655 1395 735 1422; x_wconf 85' lang='lat' dir='ltr'>quam</span> <span class='ocrx_word' id='word_1_201' title='bbox 753 1393 801 1411; x_wconf 81' lang='lat' dir='ltr'>ac-</span> 
     </span>
     <span class='ocr_line' id='line_1_28' title="bbox 60 1427 801 1466; baseline 0.001 -13"><span class='ocrx_word' id='word_1_202' title='bbox 60 1432 153 1464; x_wconf 85' lang='lat' dir='ltr'>ceptus</span> <span class='ocrx_word' id='word_1_203' title='bbox 164 1427 220 1454; x_wconf 88' lang='lat' dir='ltr'>Deo</span> <span class='ocrx_word' id='word_1_204' title='bbox 238 1434 298 1466; x_wconf 83' lang='lat' dir='ltr'>post</span> <span class='ocrx_word' id='word_1_205' title='bbox 312 1428 504 1466; x_wconf 79' lang='lat' dir='ltr'>poenitentiam.</span> <span class='ocrx_word' id='word_1_206' title='bbox 520 1436 541 1457; x_wconf 95' lang='lat'>1.</span> <span class='ocrx_word' id='word_1_207' title='bbox 564 1433 608 1456; x_wconf 84' lang='lat'>29.</span> <span class='ocrx_word' id='word_1_208' title='bbox 624 1428 655 1455; x_wconf 90' lang='lat' dir='ltr'>In</span> <span class='ocrx_word' id='word_1_209' title='bbox 672 1428 729 1466; x_wconf 82' lang='lat' dir='ltr'>ejus</span> <span class='ocrx_word' id='word_1_210' title='bbox 742 1437 801 1465; x_wconf 80' lang='lat' dir='ltr'>gra-</span> 
     </span>
     <span class='ocr_line' id='line_1_29' title="bbox 60 1469 797 1510; baseline 0.001 -13"><span class='ocrx_word' id='word_1_211' title='bbox 60 1469 124 1497; x_wconf 87' lang='lat' dir='ltr'>tiam</span> <span class='ocrx_word' id='word_1_212' title='bbox 149 1470 300 1499; x_wconf 83' lang='lat' dir='ltr'>Salomonis</span> <span class='ocrx_word' id='word_1_213' title='bbox 324 1478 462 1510; x_wconf 85' lang='lat' dir='ltr'>peccatum</span> <span class='ocrx_word' id='word_1_214' title='bbox 484 1471 628 1509; x_wconf 73' lang='lat' dir='ltr'>obtegitur.</span> <span class='ocrx_word' id='word_1_215' title='bbox 653 1478 674 1499; x_wconf 89' lang='lat'>1.</span> <span class='ocrx_word' id='word_1_216' title='bbox 701 1475 746 1499; x_wconf 67' lang='lat'>45.</span> <span class='ocrx_word' id='word_1_217' title='bbox 771 1481 797 1499; x_wconf 73' lang='lat' dir='ltr'>A.</span> 
     </span>
     <span class='ocr_line' id='line_1_30' title="bbox 60 1513 798 1555; baseline 0.004 -14"><span class='ocrx_word' id='word_1_218' title='bbox 60 1513 172 1553; x_wconf 80' lang='lat' dir='ltr'>Propter</span> <span class='ocrx_word' id='word_1_219' title='bbox 187 1515 278 1544; x_wconf 81' lang='lat' dir='ltr'>David</span> <span class='ocrx_word' id='word_1_220' title='bbox 294 1515 414 1544; x_wconf 71' lang='lat' dir='ltr'>Ezechiae</span> <span class='ocrx_word' id='word_1_221' title='bbox 430 1516 562 1544; x_wconf 81' lang='lat' dir='ltr'>auxilium</span> <span class='ocrx_word' id='word_1_222' title='bbox 578 1515 755 1555; x_wconf 76' lang='lat' dir='ltr'>promittitur.</span> <span class='ocrx_word' id='word_1_223' title='bbox 777 1522 798 1544; x_wconf 91' lang='lat'>1.</span> 
     </span>
     <span class='ocr_line' id='line_1_31' title="bbox 60 1562 148 1587; baseline 0 -1"><span class='ocrx_word' id='word_1_224' title='bbox 60 1562 107 1587; x_wconf 87' lang='lat'>29.</span> <span class='ocrx_word' id='word_1_225' title='bbox 121 1569 148 1587; x_wconf 70' lang='lat' dir='ltr'>A.</span> 
     </span>
    </p>

    <p class='ocr_par' dir='ltr' id='par_1_6' title="bbox 61 1602 805 1993">
     <span class='ocr_line' id='line_1_32' title="bbox 97 1602 803 1642; baseline 0.001 -12"><span class='ocrx_word' id='word_1_226' title='bbox 97 1602 191 1631; x_wconf 77' lang='lat' dir='ltr'>David</span> <span class='ocrx_word' id='word_1_227' title='bbox 207 1604 333 1633; x_wconf 82' lang='lat' dir='ltr'>aerumnis</span> <span class='ocrx_word' id='word_1_228' title='bbox 347 1612 466 1634; x_wconf 74' lang='lat' dir='ltr'>vexatus.</span> <span class='ocrx_word' id='word_1_229' title='bbox 483 1612 504 1634; x_wconf 88' lang='lat'>1.</span> <span class='ocrx_word' id='word_1_230' title='bbox 523 1609 587 1633; x_wconf 87' lang='lat'>260.</span> <span class='ocrx_word' id='word_1_231' title='bbox 605 1615 630 1633; x_wconf 89' lang='lat' dir='ltr'>c.</span> <span class='ocrx_word' id='word_1_232' title='bbox 652 1608 716 1632; x_wconf 86' lang='lat'>261.</span> <span class='ocrx_word' id='word_1_233' title='bbox 735 1603 803 1642; x_wconf 85' lang='lat' dir='ltr'>Ejus</span> 
     </span>
     <span class='ocr_line' id='line_1_33' title="bbox 61 1646 801 1688; baseline 0.001 -14"><span class='ocrx_word' id='word_1_234' title='bbox 61 1646 224 1675; x_wconf 75' lang='lat' dir='ltr'>calamitates</span> <span class='ocrx_word' id='word_1_235' title='bbox 238 1658 343 1677; x_wconf 86' lang='lat' dir='ltr'>omnem</span> <span class='ocrx_word' id='word_1_236' title='bbox 358 1649 515 1687; x_wconf 81' lang='lat' dir='ltr'>tragoediam</span> <span class='ocrx_word' id='word_1_237' title='bbox 529 1654 654 1688; x_wconf 85' lang='lat' dir='ltr'>superant</span> <span class='ocrx_word' id='word_1_238' title='bbox 664 1655 694 1676; x_wconf 90' lang='lat'>.1.</span> <span class='ocrx_word' id='word_1_239' title='bbox 712 1651 801 1676; x_wconf 81' lang='lat'>263.13.</span> 
     </span>
     <span class='ocr_line' id='line_1_34' title="bbox 61 1690 799 1731; baseline 0.003 -13"><span class='ocrx_word' id='word_1_240' title='bbox 61 1690 176 1719; x_wconf 78' lang='lat' dir='ltr'>Davidis</span> <span class='ocrx_word' id='word_1_241' title='bbox 194 1692 353 1722; x_wconf 58' lang='lat' dir='ltr'>absalonem</span> <span class='ocrx_word' id='word_1_242' title='bbox 369 1693 495 1731; x_wconf 81' lang='lat' dir='ltr'>fugientis</span> <span class='ocrx_word' id='word_1_243' title='bbox 514 1692 636 1720; x_wconf 85' lang='lat' dir='ltr'>historia.</span> <span class='ocrx_word' id='word_1_244' title='bbox 654 1698 686 1719; x_wconf 72' lang='lat' dir='ltr'>V.</span> <span class='ocrx_word' id='word_1_245' title='bbox 705 1696 748 1719; x_wconf 89' lang='lat'>59.</span> <span class='ocrx_word' id='word_1_246' title='bbox 771 1702 799 1720; x_wconf 81' lang='lat' dir='ltr'>E.</span> 
     </span>
     <span class='ocr_line' id='line_1_35' title="bbox 63 1735 800 1775; baseline 0.001 -14"><span class='ocrx_word' id='word_1_247' title='bbox 63 1738 109 1762; x_wconf 92' lang='grc'>60.</span> <span class='ocrx_word' id='word_1_248' title='bbox 133 1735 224 1765; x_wconf 77' lang='lat' dir='ltr'>David</span> <span class='ocrx_word' id='word_1_249' title='bbox 248 1746 297 1764; x_wconf 90' lang='lat' dir='ltr'>cur</span> <span class='ocrx_word' id='word_1_250' title='bbox 320 1737 439 1775; x_wconf 73' lang='lat' dir='ltr'>fugiebat</span> <span class='ocrx_word' id='word_1_251' title='bbox 458 1736 547 1764; x_wconf 87' lang='lat' dir='ltr'>filium</span> <span class='ocrx_word' id='word_1_252' title='bbox 567 1745 656 1764; x_wconf 85' lang='lat' dir='ltr'>suum.</span> <span class='ocrx_word' id='word_1_253' title='bbox 676 1741 707 1762; x_wconf 70' lang='lat' dir='ltr'>V.</span> <span class='ocrx_word' id='word_1_254' title='bbox 728 1739 755 1763; x_wconf 88' lang='lat'>2.</span> <span class='ocrx_word' id='word_1_255' title='bbox 774 1746 800 1762; x_wconf 71' lang='lat' dir='ltr'>A.</span> 
     </span>
     <span class='ocr_line' id='line_1_36' title="bbox 63 1778 800 1819; baseline 0.001 -13"><span class='ocrx_word' id='word_1_256' title='bbox 63 1778 134 1807; x_wconf 89' lang='lat' dir='ltr'>Filio</span> <span class='ocrx_word' id='word_1_257' title='bbox 154 1779 310 1818; x_wconf 86' lang='lat' dir='ltr'>insequente</span> <span class='ocrx_word' id='word_1_258' title='bbox 324 1781 434 1809; x_wconf 81' lang='lat' dir='ltr'>admissi</span> <span class='ocrx_word' id='word_1_259' title='bbox 454 1781 553 1819; x_wconf 85' lang='lat' dir='ltr'>peccati</span> <span class='ocrx_word' id='word_1_260' title='bbox 575 1790 666 1818; x_wconf 85' lang='lat' dir='ltr'>poenas</span> <span class='ocrx_word' id='word_1_261' title='bbox 686 1779 747 1810; x_wconf 82' lang='lat' dir='ltr'>luit,</span> <span class='ocrx_word' id='word_1_262' title='bbox 768 1786 800 1807; x_wconf 70' lang='lat' dir='ltr'>V.</span> 
     </span>
     <span class='ocr_line' id='line_1_37' title="bbox 64 1824 800 1863; baseline 0.001 -13"><span class='ocrx_word' id='word_1_263' title='bbox 64 1827 91 1850; x_wconf 85' lang='lat'>5.</span> <span class='ocrx_word' id='word_1_264' title='bbox 105 1834 132 1852; x_wconf 77' lang='lat' dir='ltr'>A.</span> <span class='ocrx_word' id='word_1_265' title='bbox 148 1824 263 1852; x_wconf 82' lang='lat' dir='ltr'>Daridis</span> <span class='ocrx_word' id='word_1_266' title='bbox 278 1825 362 1853; x_wconf 83' lang='lat' dir='ltr'>lectus</span> <span class='ocrx_word' id='word_1_267' title='bbox 377 1824 504 1863; x_wconf 76' lang='lat' dir='ltr'>lacrymis</span> <span class='ocrx_word' id='word_1_268' title='bbox 518 1824 629 1862; x_wconf 81' lang='lat' dir='ltr'>rigatus.</span> <span class='ocrx_word' id='word_1_269' title='bbox 649 1830 670 1851; x_wconf 92' lang='lat'>1.</span> <span class='ocrx_word' id='word_1_270' title='bbox 689 1828 753 1853; x_wconf 82' lang='lat'>879.</span> <span class='ocrx_word' id='word_1_271' title='bbox 773 1834 800 1851; x_wconf 75' lang='lat' dir='ltr'>E.</span> 
     </span>
     <span class='ocr_line' id='line_1_38' title="bbox 64 1867 805 1907; baseline 0 -11"><span class='ocrx_word' id='word_1_272' title='bbox 64 1867 133 1905; x_wconf 84' lang='lat' dir='ltr'>Ejus</span> <span class='ocrx_word' id='word_1_273' title='bbox 160 1868 286 1907; x_wconf 73' lang='lat' dir='ltr'>lacrymae</span> <span class='ocrx_word' id='word_1_274' title='bbox 309 1869 481 1906; x_wconf 73' lang='lat' dir='ltr'>quotidianae.</span> <span class='ocrx_word' id='word_1_275' title='bbox 507 1876 525 1897; x_wconf 81' lang='lat'>1.</span> <span class='ocrx_word' id='word_1_276' title='bbox 544 1873 607 1897; x_wconf 77' lang='lat'>879.</span> <span class='ocrx_word' id='word_1_277' title='bbox 632 1879 659 1895; x_wconf 71' lang='lat' dir='ltr'>A.</span> <span class='ocrx_word' id='word_1_278' title='bbox 684 1874 710 1895; x_wconf 88' lang='lat' dir='ltr'>et</span> <span class='ocrx_word' id='word_1_279' title='bbox 734 1878 805 1896; x_wconf 87' lang='lat' dir='ltr'>com-</span> 
     </span>
     <span class='ocr_line' id='line_1_39' title="bbox 64 1911 804 1950; baseline 0.001 -12"><span class='ocrx_word' id='word_1_280' title='bbox 64 1912 184 1950; x_wconf 82' lang='lat' dir='ltr'>punctio.</span> <span class='ocrx_word' id='word_1_281' title='bbox 200 1920 220 1942; x_wconf 83' lang='lat'>1.</span> <span class='ocrx_word' id='word_1_282' title='bbox 234 1917 295 1941; x_wconf 72' lang='lat'>179.</span> <span class='ocrx_word' id='word_1_283' title='bbox 311 1925 339 1940; x_wconf 69' lang='lat' dir='ltr'>A.</span> <span class='ocrx_word' id='word_1_284' title='bbox 351 1913 444 1941; x_wconf 74' lang='lat' dir='ltr'>David</span> <span class='ocrx_word' id='word_1_285' title='bbox 459 1920 527 1940; x_wconf 80' lang='lat' dir='ltr'>recte</span> <span class='ocrx_word' id='word_1_286' title='bbox 541 1913 671 1940; x_wconf 78' lang='lat' dir='ltr'>sactorum</span> <span class='ocrx_word' id='word_1_287' title='bbox 693 1911 804 1948; x_wconf 84' lang='lat' dir='ltr'>oblitus,</span> 
     </span>
     <span class='ocr_line' id='line_1_40' title="bbox 64 1956 662 1993; baseline 0.003 -10"><span class='ocrx_word' id='word_1_288' title='bbox 64 1963 234 1993; x_wconf 84' lang='lat' dir='ltr'>peccatorum</span> <span class='ocrx_word' id='word_1_289' title='bbox 250 1956 452 1985; x_wconf 78' lang='lat' dir='ltr'>recordabatur.</span> <span class='ocrx_word' id='word_1_290' title='bbox 469 1964 491 1986; x_wconf 91' lang='grc' dir='ltr'>Ι.</span> <span class='ocrx_word' id='word_1_291' title='bbox 512 1961 574 1985; x_wconf 78' lang='grc'>187.</span> <span class='ocrx_word' id='word_1_292' title='bbox 592 1967 620 1983; x_wconf 79' lang='grc' dir='ltr'>Ε.</span> <span class='ocrx_word' id='word_1_293' title='bbox 635 1967 662 1985; x_wconf 72' lang='grc' dir='ltr'>Α.</span> 
     </span>
    </p>

    <p class='ocr_par' dir='ltr' id='par_1_7' title="bbox 65 1999 804 2122">
     <span class='ocr_line' id='line_1_41' title="bbox 105 1999 804 2040; baseline 0.001 -13"><span class='ocrx_word' id='word_1_294' title='bbox 105 1999 195 2028; x_wconf 79' lang='lat' dir='ltr'>David</span> <span class='ocrx_word' id='word_1_295' title='bbox 210 2001 258 2038; x_wconf 87' lang='lat' dir='ltr'>qui</span> <span class='ocrx_word' id='word_1_296' title='bbox 274 2001 405 2040; x_wconf 86' lang='lat' dir='ltr'>plurimas</span> <span class='ocrx_word' id='word_1_297' title='bbox 418 2011 513 2029; x_wconf 77' lang='lat' dir='ltr'>uxores</span> <span class='ocrx_word' id='word_1_298' title='bbox 526 2000 658 2035; x_wconf 86' lang='lat' dir='ltr'>babebat,</span> <span class='ocrx_word' id='word_1_299' title='bbox 674 2009 726 2028; x_wconf 83' lang='lat' dir='ltr'>non</span> <span class='ocrx_word' id='word_1_300' title='bbox 745 1999 804 2028; x_wconf 89' lang='lat' dir='ltr'>ideo</span> 
     </span>
     <span class='ocr_line' id='line_1_42' title="bbox 65 2042 804 2083; baseline 0.001 -13"><span class='ocrx_word' id='word_1_301' title='bbox 65 2042 223 2072; x_wconf 83' lang='lat' dir='ltr'>immundus</span> <span class='ocrx_word' id='word_1_302' title='bbox 237 2052 303 2073; x_wconf 86' lang='lat' dir='ltr'>erat.</span> <span class='ocrx_word' id='word_1_303' title='bbox 324 2052 370 2074; x_wconf 78' lang='grc' dir='ltr'>ΧΙ.</span> <span class='ocrx_word' id='word_1_304' title='bbox 388 2050 453 2074; x_wconf 88' lang='lat'>813.</span> <span class='ocrx_word' id='word_1_305' title='bbox 472 2055 499 2073; x_wconf 86' lang='lat' dir='ltr'>D.</span> <span class='ocrx_word' id='word_1_306' title='bbox 525 2044 594 2072; x_wconf 88' lang='lat' dir='ltr'>Cum</span> <span class='ocrx_word' id='word_1_307' title='bbox 612 2054 691 2072; x_wconf 79' lang='lat' dir='ltr'>unam</span> <span class='ocrx_word' id='word_1_308' title='bbox 706 2044 804 2083; x_wconf 86' lang='lat' dir='ltr'>injuste</span> 
     </span>
     <span class='ocr_line' id='line_1_43' title="bbox 65 2086 676 2122; baseline 0.003 -7"><span class='ocrx_word' id='word_1_309' title='bbox 65 2086 182 2122; x_wconf 83' lang='lat' dir='ltr'>addidit,</span> <span class='ocrx_word' id='word_1_310' title='bbox 192 2088 348 2116; x_wconf 88' lang='lat' dir='ltr'>immundus</span> <span class='ocrx_word' id='word_1_311' title='bbox 355 2089 439 2117; x_wconf 83' lang='lat' dir='ltr'>factus</span> <span class='ocrx_word' id='word_1_312' title='bbox 450 2096 498 2119; x_wconf 84' lang='lat' dir='ltr'>est.</span> <span class='ocrx_word' id='word_1_313' title='bbox 509 2096 552 2118; x_wconf 79' lang='lat' dir='ltr'>xl.</span> <span class='ocrx_word' id='word_1_314' title='bbox 572 2093 637 2118; x_wconf 83' lang='lat'>813.</span> <span class='ocrx_word' id='word_1_315' title='bbox 649 2099 676 2117; x_wconf 80' lang='lat' dir='ltr'>n.</span> 
     </span>
    </p>

    <p class='ocr_par' dir='ltr' id='par_1_8' title="bbox 65 2132 802 2247">
     <span class='ocr_line' id='line_1_44' title="bbox 105 2132 802 2172; baseline 0.001 -12"><span class='ocrx_word' id='word_1_316' title='bbox 105 2132 198 2161; x_wconf 69' lang='lat' dir='ltr'>David</span> <span class='ocrx_word' id='word_1_317' title='bbox 220 2134 325 2171; x_wconf 84' lang='lat' dir='ltr'>cogitur</span> <span class='ocrx_word' id='word_1_318' title='bbox 352 2133 473 2172; x_wconf 84' lang='lat' dir='ltr'>proprias</span> <span class='ocrx_word' id='word_1_319' title='bbox 503 2133 599 2161; x_wconf 74' lang='lat' dir='ltr'>efferre</span> <span class='ocrx_word' id='word_1_320' title='bbox 625 2132 728 2161; x_wconf 81' lang='lat' dir='ltr'>laudes.</span> <span class='ocrx_word' id='word_1_321' title='bbox 757 2140 802 2161; x_wconf 87' lang='lat'>111.</span> 
     </span>
     <span class='ocr_line' id='line_1_45' title="bbox 66 2176 802 2214; baseline 0.003 -11"><span class='ocrx_word' id='word_1_322' title='bbox 66 2179 131 2204; x_wconf 72' lang='lat'>354.</span> <span class='ocrx_word' id='word_1_323' title='bbox 159 2187 186 2207; x_wconf 76' lang='lat' dir='ltr'>r..</span> <span class='ocrx_word' id='word_1_324' title='bbox 217 2176 309 2205; x_wconf 78' lang='lat' dir='ltr'>David</span> <span class='ocrx_word' id='word_1_325' title='bbox 332 2188 388 2206; x_wconf 87' lang='lat' dir='ltr'>sese</span> <span class='ocrx_word' id='word_1_326' title='bbox 414 2176 507 2206; x_wconf 88' lang='lat' dir='ltr'>laudat</span> <span class='ocrx_word' id='word_1_327' title='bbox 535 2176 681 2214; x_wconf 87' lang='lat' dir='ltr'>quomodo.</span> <span class='ocrx_word' id='word_1_328' title='bbox 713 2183 746 2205; x_wconf 71' lang='lat' dir='ltr'>V.</span> <span class='ocrx_word' id='word_1_329' title='bbox 775 2182 802 2205; x_wconf 89' lang='lat'>9.</span> 
     </span>
     <span class='ocr_line' id='line_1_46' title="bbox 65 2228 138 2247; baseline 0.014 -1"><span class='ocrx_word' id='word_1_330' title='bbox 65 2228 93 2246; x_wconf 77' lang='lat' dir='ltr'>E.</span> <span class='ocrx_word' id='word_1_331' title='bbox 111 2230 138 2247; x_wconf 68' lang='lat' dir='ltr'>A.</span> 
     </span>
    </p>

    <p class='ocr_par' dir='ltr' id='par_1_9' title="bbox 64 2263 804 2388">
     <span class='ocr_line' id='line_1_47' title="bbox 104 2263 804 2304; baseline 0.004 -14"><span class='ocrx_word' id='word_1_332' title='bbox 104 2263 220 2291; x_wconf 77' lang='lat' dir='ltr'>Davidis</span> <span class='ocrx_word' id='word_1_333' title='bbox 253 2266 392 2303; x_wconf 84' lang='lat' dir='ltr'>egregium</span> <span class='ocrx_word' id='word_1_334' title='bbox 421 2265 576 2304; x_wconf 81' lang='lat' dir='ltr'>exemplum</span> <span class='ocrx_word' id='word_1_335' title='bbox 607 2265 741 2304; x_wconf 59' lang='lat' dir='ltr'>patientiae</span> <span class='ocrx_word' id='word_1_336' title='bbox 778 2265 804 2293; x_wconf 92' lang='lat' dir='ltr'>in</span> 
     </span>
     <span class='ocr_line' id='line_1_48' title="bbox 64 2307 802 2343; baseline 0.001 -8"><span class='ocrx_word' id='word_1_337' title='bbox 64 2314 150 2335; x_wconf 81' lang='lat' dir='ltr'>morte</span> <span class='ocrx_word' id='word_1_338' title='bbox 180 2307 242 2336; x_wconf 84' lang='lat' dir='ltr'>filii.</span> <span class='ocrx_word' id='word_1_339' title='bbox 277 2315 321 2336; x_wconf 70' lang='grc' dir='ltr'>Π.</span> <span class='ocrx_word' id='word_1_340' title='bbox 359 2313 423 2337; x_wconf 87' lang='grc'>361.</span> <span class='ocrx_word' id='word_1_341' title='bbox 456 2309 545 2337; x_wconf 76' lang='lat' dir='ltr'>David</span> <span class='ocrx_word' id='word_1_342' title='bbox 583 2309 610 2337; x_wconf 90' lang='lat' dir='ltr'>in</span> <span class='ocrx_word' id='word_1_343' title='bbox 642 2309 802 2343; x_wconf 77' lang='lat' dir='ltr'>calamitate,</span> 
     </span>
     <span class='ocr_line' id='line_1_49' title="bbox 65 2351 724 2388; baseline 0.005 -10"><span class='ocrx_word' id='word_1_344' title='bbox 65 2361 146 2388; x_wconf 87' lang='lat' dir='ltr'>quam</span> <span class='ocrx_word' id='word_1_345' title='bbox 172 2351 199 2379; x_wconf 86' lang='lat' dir='ltr'>in</span> <span class='ocrx_word' id='word_1_346' title='bbox 224 2352 291 2380; x_wconf 87' lang='lat' dir='ltr'>solio</span> <span class='ocrx_word' id='word_1_347' title='bbox 322 2352 481 2381; x_wconf 88' lang='lat' dir='ltr'>mirabilior.</span> <span class='ocrx_word' id='word_1_348' title='bbox 515 2359 561 2381; x_wconf 71' lang='lat' dir='ltr'>lv.</span> <span class='ocrx_word' id='word_1_349' title='bbox 598 2357 662 2381; x_wconf 81' lang='grc'>829.</span> <span class='ocrx_word' id='word_1_350' title='bbox 699 2365 724 2381; x_wconf 66' lang='grc' dir='ltr'>Α.</span> 
     </span>
    </p>

    <p class='ocr_par' dir='ltr' id='par_1_10' title="bbox 65 2394 806 2564">
     <span class='ocr_line' id='line_1_50' title="bbox 105 2394 793 2434; baseline 0.004 -11"><span class='ocrx_word' id='word_1_351' title='bbox 105 2394 149 2423; x_wconf 80' lang='lat' dir='ltr'>Ex</span> <span class='ocrx_word' id='word_1_352' title='bbox 164 2396 270 2424; x_wconf 80' lang='lat' dir='ltr'>Davide</span> <span class='ocrx_word' id='word_1_353' title='bbox 281 2406 309 2424; x_wconf 88' lang='lat' dir='ltr'>se</span> <span class='ocrx_word' id='word_1_354' title='bbox 320 2406 392 2434; x_wconf 79' lang='lat' dir='ltr'>reges</span> <span class='ocrx_word' id='word_1_355' title='bbox 405 2403 476 2424; x_wconf 89' lang='lat' dir='ltr'>ortos</span> <span class='ocrx_word' id='word_1_356' title='bbox 492 2396 627 2426; x_wconf 82' lang='lat' dir='ltr'>dicebant.</span> <span class='ocrx_word' id='word_1_357' title='bbox 642 2404 700 2425; x_wconf 76' lang='lat' dir='ltr'>VH.</span> <span class='ocrx_word' id='word_1_358' title='bbox 719 2401 764 2425; x_wconf 78' lang='lat'>28.</span> <span class='ocrx_word' id='word_1_359' title='bbox 778 2409 793 2426; x_wconf 82' lang='lat' dir='ltr'>B</span> 
     </span>
     <span class='ocr_line' id='line_1_51' title="bbox 65 2438 806 2480; baseline 0.004 -14"><span class='ocrx_word' id='word_1_360' title='bbox 65 2438 156 2466; x_wconf 73' lang='lat' dir='ltr'>David</span> <span class='ocrx_word' id='word_1_361' title='bbox 170 2450 218 2467; x_wconf 89' lang='lat' dir='ltr'>cur</span> <span class='ocrx_word' id='word_1_362' title='bbox 232 2439 258 2467; x_wconf 90' lang='lat' dir='ltr'>in</span> <span class='ocrx_word' id='word_1_363' title='bbox 272 2439 424 2478; x_wconf 69' lang='lat' dir='ltr'>genealogia</span> <span class='ocrx_word' id='word_1_364' title='bbox 441 2441 502 2469; x_wconf 83' lang='lat' dir='ltr'>Jesu</span> <span class='ocrx_word' id='word_1_365' title='bbox 519 2439 622 2469; x_wconf 85' lang='lat' dir='ltr'>Christi</span> <span class='ocrx_word' id='word_1_366' title='bbox 634 2440 738 2480; x_wconf 87' lang='lat' dir='ltr'>primus</span> <span class='ocrx_word' id='word_1_367' title='bbox 749 2451 806 2469; x_wconf 87' lang='lat' dir='ltr'>me-</span> 
     </span>
     <span class='ocr_line' id='line_1_52' title="bbox 66 2483 806 2522; baseline 0.003 -12"><span class='ocrx_word' id='word_1_368' title='bbox 66 2490 196 2511; x_wconf 85' lang='lat' dir='ltr'>moretur.</span> <span class='ocrx_word' id='word_1_369' title='bbox 224 2490 284 2513; x_wconf 67' lang='lat' dir='ltr'>Vll.</span> <span class='ocrx_word' id='word_1_370' title='bbox 307 2488 353 2513; x_wconf 98' lang='lat'>23.</span> <span class='ocrx_word' id='word_1_371' title='bbox 382 2495 407 2511; x_wconf 82' lang='lat' dir='ltr'>B.</span> <span class='ocrx_word' id='word_1_372' title='bbox 434 2483 549 2512; x_wconf 73' lang='lat' dir='ltr'>Davidis</span> <span class='ocrx_word' id='word_1_373' title='bbox 571 2493 683 2522; x_wconf 81' lang='lat' dir='ltr'>regnum</span> <span class='ocrx_word' id='word_1_374' title='bbox 717 2483 806 2512; x_wconf 87' lang='lat' dir='ltr'>adhuc</span> 
     </span>
     <span class='ocr_line' id='line_1_53' title="bbox 67 2527 487 2564; baseline 0.005 -10"><span class='ocrx_word' id='word_1_375' title='bbox 67 2533 133 2562; x_wconf 84' lang='lat' dir='ltr'>stat,</span> <span class='ocrx_word' id='word_1_376' title='bbox 145 2527 290 2564; x_wconf 89' lang='lat' dir='ltr'>quomodo.</span> <span class='ocrx_word' id='word_1_377' title='bbox 308 2535 354 2556; x_wconf 81' lang='lat' dir='ltr'>lx.</span> <span class='ocrx_word' id='word_1_378' title='bbox 372 2532 438 2556; x_wconf 87' lang='grc'>282.</span> <span class='ocrx_word' id='word_1_379' title='bbox 458 2539 487 2557; x_wconf 84' lang='lat' dir='ltr'>n.</span> 
     </span>
    </p>

    <p class='ocr_par' dir='ltr' id='par_1_11' title="bbox 107 2571 807 2612">
     <span class='ocr_line' id='line_1_54' title="bbox 107 2571 807 2612; baseline 0.001 -13"><span class='ocrx_word' id='word_1_380' title='bbox 107 2571 209 2599; x_wconf 76' lang='lat' dir='ltr'>David</span> <span class='ocrx_word' id='word_1_381' title='bbox 229 2583 287 2600; x_wconf 86' lang='lat' dir='ltr'>non</span> <span class='ocrx_word' id='word_1_382' title='bbox 309 2574 537 2610; x_wconf 74' lang='lat' dir='ltr'>procrastinavit</span> <span class='ocrx_word' id='word_1_383' title='bbox 550 2572 590 2600; x_wconf 82' lang='lat' dir='ltr'>ad</span> <span class='ocrx_word' id='word_1_384' title='bbox 607 2574 807 2612; x_wconf 78' lang='lat' dir='ltr'>poenitentiam</span> 
     </span>
    </p>
   </div>
   <div class='ocr_carea' id='block_1_3' title="bbox 69 2618 808 2687">
    <p class='ocr_par' dir='ltr' id='par_1_12' title="bbox 69 2618 808 2687">
     <span class='ocr_line' id='line_1_55' title="bbox 69 2618 808 2656; baseline 0.004 -14"><span class='ocrx_word' id='word_1_385' title='bbox 69 2623 198 2645; x_wconf 80' lang='lat' dir='ltr'>vocatus.</span> <span class='ocrx_word' id='word_1_386' title='bbox 211 2623 242 2644; x_wconf 71' lang='lat' dir='ltr'>V.</span> <span class='ocrx_word' id='word_1_387' title='bbox 257 2621 321 2646; x_wconf 83' lang='lat'>659.</span> <span class='ocrx_word' id='word_1_388' title='bbox 336 2627 365 2645; x_wconf 88' lang='lat' dir='ltr'>D.</span> <span class='ocrx_word' id='word_1_389' title='bbox 380 2618 504 2646; x_wconf 77' lang='lat' dir='ltr'>Davidis</span> <span class='ocrx_word' id='word_1_390' title='bbox 521 2624 645 2655; x_wconf 77' lang='lat' dir='ltr'>tempore</span> <span class='ocrx_word' id='word_1_391' title='bbox 658 2619 717 2645; x_wconf 73' lang='lat' dir='ltr'>viri</span> <span class='ocrx_word' id='word_1_392' title='bbox 725 2619 808 2656; x_wconf 78' lang='lat' dir='ltr'>probi</span> 
     </span>
     <span class='ocr_line' id='line_1_56' title="bbox 232 2662 451 2687; baseline 0.009 -4"><span class='ocrx_word' id='word_1_393' title='bbox 232 2666 301 2685; x_wconf 69' lang='lat' dir='ltr'>rom.</span> <span class='ocrx_word' id='word_1_394' title='bbox 327 2667 400 2687; x_wconf 78' lang='lat' dir='ltr'>x111.</span> <span class='ocrx_word' id='word_1_395' title='bbox 426 2662 451 2685; x_wconf 86' lang='lat'>2.</span> 
     </span>
    </p>
   </div>
   <div class='ocr_carea' id='block_1_4' title="bbox 1524 204 1590 239">
    <p class='ocr_par' dir='ltr' id='par_1_13' title="bbox 1524 204 1590 239">
     <span class='ocr_line' id='line_1_57' title="bbox 1524 204 1590 239; baseline 0 -1"><span class='ocrx_word' id='word_1_396' title='bbox 1524 204 1590 239; x_wconf 76' lang='lat'>225</span> 
     </span>
    </p>
   </div>
   <div class='ocr_carea' id='block_1_5' title="bbox 849 278 1601 2613">
    <p class='ocr_par' dir='ltr' id='par_1_14' title="bbox 849 278 1592 363">
     <span class='ocr_line' id='line_1_58' title="bbox 849 278 1592 315; baseline -0.005 -5"><span class='ocrx_word' id='word_1_397' title='bbox 849 286 1076 312; x_wconf 58' lang='lat' dir='ltr'>erantsfiwm.</span> <span class='ocrx_word' id='word_1_398' title='bbox 1088 279 1283 308; x_wconf 64' lang='lat' dir='ltr'>Davidrurin</span> <span class='ocrx_word' id='word_1_399' title='bbox 1292 278 1421 307; x_wconf 78' lang='lat' dir='ltr'>Psalmis</span> <span class='ocrx_word' id='word_1_400' title='bbox 1431 283 1592 315; x_wconf 77' lang='lat' dir='ltr'>temporum</span> 
     </span>
     <span class='ocr_line' id='line_1_59' title="bbox 850 325 1442 363; baseline -0.007 -9"><span class='ocrx_word' id='word_1_401' title='bbox 850 327 980 354; x_wconf 78' lang='lat' dir='ltr'>ordinem</span> <span class='ocrx_word' id='word_1_402' title='bbox 999 335 1058 352; x_wconf 87' lang='lat' dir='ltr'>non</span> <span class='ocrx_word' id='word_1_403' title='bbox 1072 330 1212 363; x_wconf 76' lang='lat' dir='ltr'>sequutus</span> <span class='ocrx_word' id='word_1_404' title='bbox 1225 325 1272 352; x_wconf 80' lang='lat' dir='ltr'>sil.</span> <span class='ocrx_word' id='word_1_405' title='bbox 1292 334 1321 351; x_wconf 71' lang='lat' dir='ltr'>v.</span> <span class='ocrx_word' id='word_1_406' title='bbox 1333 327 1399 351; x_wconf 72' lang='grc' dir='ltr'>Ι729.</span> <span class='ocrx_word' id='word_1_407' title='bbox 1416 334 1442 350; x_wconf 72' lang='grc' dir='ltr'>Α.</span> 
     </span>
    </p>

    <p class='ocr_par' dir='ltr' id='par_1_15' title="bbox 849 366 1590 489">
     <span class='ocr_line' id='line_1_60' title="bbox 889 366 1590 405; baseline -0.006 -7"><span class='ocrx_word' id='word_1_408' title='bbox 889 371 1072 398; x_wconf 69' lang='lat' dir='ltr'>Deum-omnus</span> <span class='ocrx_word' id='word_1_409' title='bbox 1086 366 1291 405; x_wconf 76' lang='lat' dir='ltr'>indulgendum.</span> <span class='ocrx_word' id='word_1_410' title='bbox 1311 373 1368 397; x_wconf 82' lang='lat' dir='ltr'>vn.</span> <span class='ocrx_word' id='word_1_411' title='bbox 1387 371 1451 395; x_wconf 88' lang='lat'>231.</span> <span class='ocrx_word' id='word_1_412' title='bbox 1474 378 1497 395; x_wconf 79' lang='grc' dir='ltr'>Α.</span> <span class='ocrx_word' id='word_1_413' title='bbox 1515 367 1590 394; x_wconf 83' lang='lat' dir='ltr'>Deus</span> 
     </span>
     <span class='ocr_line' id='line_1_61' title="bbox 849 410 1588 454; baseline -0.003 -13"><span class='ocrx_word' id='word_1_414' title='bbox 849 416 928 453; x_wconf 75' lang='lat' dir='ltr'>longe</span> <span class='ocrx_word' id='word_1_415' title='bbox 963 414 1041 454; x_wconf 84' lang='lat' dir='ltr'>plura</span> <span class='ocrx_word' id='word_1_416' title='bbox 1070 411 1162 440; x_wconf 80' lang='lat' dir='ltr'>reddet</span> <span class='ocrx_word' id='word_1_417' title='bbox 1192 422 1271 450; x_wconf 83' lang='lat' dir='ltr'>quam</span> <span class='ocrx_word' id='word_1_418' title='bbox 1304 410 1344 439; x_wconf 91' lang='lat' dir='ltr'>illi</span> <span class='ocrx_word' id='word_1_419' title='bbox 1371 410 1497 439; x_wconf 77' lang='lat' dir='ltr'>debcant.</span> <span class='ocrx_word' id='word_1_420' title='bbox 1530 418 1588 439; x_wconf 76' lang='lat' dir='ltr'>VH.</span> 
     </span>
     <span class='ocr_line' id='line_1_62' title="bbox 849 464 956 489; baseline -0.009 -1"><span class='ocrx_word' id='word_1_421' title='bbox 849 464 914 489; x_wconf 84' lang='lat'>232.</span> <span class='ocrx_word' id='word_1_422' title='bbox 930 470 956 487; x_wconf 86' lang='lat' dir='ltr'>c.</span> 
     </span>
    </p>

    <p class='ocr_par' dir='ltr' id='par_1_16' title="bbox 849 498 1590 576">
     <span class='ocr_line' id='line_1_63' title="bbox 887 498 1590 540; baseline -0.007 -9"><span class='ocrx_word' id='word_1_423' title='bbox 887 505 988 532; x_wconf 70' lang='lat' dir='ltr'>D1-:131TL</span> <span class='ocrx_word' id='word_1_424' title='bbox 996 513 1016 529; x_wconf 54' lang='grc' dir='ltr'>λι</span> <span class='ocrx_word' id='word_1_425' title='bbox 1030 501 1169 540; x_wconf 83' lang='lat' dir='ltr'>spirituale</span> <span class='ocrx_word' id='word_1_426' title='bbox 1183 500 1265 529; x_wconf 83' lang='lat' dir='ltr'>etiam</span> <span class='ocrx_word' id='word_1_427' title='bbox 1279 510 1340 528; x_wconf 87' lang='lat' dir='ltr'>cum</span> <span class='ocrx_word' id='word_1_428' title='bbox 1353 499 1477 534; x_wconf 86' lang='lat' dir='ltr'>solvitur,</span> <span class='ocrx_word' id='word_1_429' title='bbox 1488 498 1590 527; x_wconf 82' lang='lat' dir='ltr'>retine-</span> 
     </span>
     <span class='ocr_line' id='line_1_64' title="bbox 849 551 1066 576; baseline -0.018 0"><span class='ocrx_word' id='word_1_430' title='bbox 849 555 902 576; x_wconf 87' lang='lat' dir='ltr'>tur.</span> <span class='ocrx_word' id='word_1_431' title='bbox 920 556 940 576; x_wconf 88' lang='grc' dir='ltr'>Ι.</span> <span class='ocrx_word' id='word_1_432' title='bbox 956 551 1021 575; x_wconf 70' lang='lat'>647.</span> <span class='ocrx_word' id='word_1_433' title='bbox 1039 556 1066 573; x_wconf 84' lang='lat' dir='ltr'>E.</span> 
     </span>
    </p>

    <p class='ocr_par' dir='ltr' id='par_1_17' title="bbox 849 586 1590 665">
     <span class='ocr_line' id='line_1_65' title="bbox 889 586 1590 625; baseline -0.009 -6"><span class='ocrx_word' id='word_1_434' title='bbox 889 592 1002 620; x_wconf 56' lang='lat' dir='ltr'>Deion..</span> <span class='ocrx_word' id='word_1_435' title='bbox 1015 588 1106 617; x_wconf 76' lang='lat' dir='ltr'>nutrix</span> <span class='ocrx_word' id='word_1_436' title='bbox 1116 588 1241 616; x_wconf 65' lang='lat' dir='ltr'>Rebeccae</span> <span class='ocrx_word' id='word_1_437' title='bbox 1252 598 1300 616; x_wconf 87' lang='lat' dir='ltr'>cur</span> <span class='ocrx_word' id='word_1_438' title='bbox 1308 597 1369 616; x_wconf 89' lang='lat' dir='ltr'>cum</span> <span class='ocrx_word' id='word_1_439' title='bbox 1378 586 1479 616; x_wconf 81' lang='lat' dir='ltr'>Jacobo</span> <span class='ocrx_word' id='word_1_440' title='bbox 1492 592 1590 625; x_wconf 81' lang='lat' dir='ltr'>ageret.</span> 
     </span>
     <span class='ocr_line' id='line_1_66' title="bbox 849 640 1018 665; baseline -0.018 0"><span class='ocrx_word' id='word_1_441' title='bbox 849 643 893 665; x_wconf 70' lang='lat' dir='ltr'>lv.</span> <span class='ocrx_word' id='word_1_442' title='bbox 910 640 974 665; x_wconf 76' lang='grc'>667.</span> <span class='ocrx_word' id='word_1_443' title='bbox 994 646 1018 663; x_wconf 86' lang='lat'>13.</span> 
     </span>
    </p>

    <p class='ocr_par' dir='ltr' id='par_1_18' title="bbox 849 673 1588 753">
     <span class='ocr_line' id='line_1_67' title="bbox 890 673 1588 717; baseline -0.006 -10"><span class='ocrx_word' id='word_1_444' title='bbox 890 681 1002 708; x_wconf 58' lang='lat' dir='ltr'>Diaron..</span> <span class='ocrx_word' id='word_1_445' title='bbox 1021 677 1187 717; x_wconf 81' lang='lat' dir='ltr'>imperatoris</span> <span class='ocrx_word' id='word_1_446' title='bbox 1214 676 1305 704; x_wconf 81' lang='lat' dir='ltr'>funeta</span> <span class='ocrx_word' id='word_1_447' title='bbox 1331 681 1369 703; x_wconf 84' lang='lat' dir='ltr'>cst</span> <span class='ocrx_word' id='word_1_448' title='bbox 1390 673 1490 703; x_wconf 83' lang='lat' dir='ltr'>officio.</span> <span class='ocrx_word' id='word_1_449' title='bbox 1518 680 1588 703; x_wconf 78' lang='lat' dir='ltr'>tht.</span> 
     </span>
     <span class='ocr_line' id='line_1_68' title="bbox 849 729 946 753; baseline 0 0"><span class='ocrx_word' id='word_1_450' title='bbox 849 729 946 753; x_wconf 84' lang='lat' dir='ltr'>420.c.</span> 
     </span>
    </p>

    <p class='ocr_par' dir='ltr' id='par_1_19' title="bbox 889 763 1508 805">
     <span class='ocr_line' id='line_1_69' title="bbox 889 763 1508 805; baseline -0.01 -9"><span class='ocrx_word' id='word_1_451' title='bbox 889 769 1023 797; x_wconf 50' lang='lat' dir='ltr'>Decimus</span> <span class='ocrx_word' id='word_1_452' title='bbox 1035 777 1050 794; x_wconf 89' lang='lat' dir='ltr'>a</span> <span class='ocrx_word' id='word_1_453' title='bbox 1065 765 1186 805; x_wconf 70' lang='lat' dir='ltr'>praefecto</span> <span class='ocrx_word' id='word_1_454' title='bbox 1202 763 1304 792; x_wconf 82' lang='lat' dir='ltr'>dissert.</span> <span class='ocrx_word' id='word_1_455' title='bbox 1326 769 1386 791; x_wconf 76' lang='grc' dir='ltr'>ΧΙΙ.</span> <span class='ocrx_word' id='word_1_456' title='bbox 1400 766 1463 791; x_wconf 87' lang='lat'>196.</span> <span class='ocrx_word' id='word_1_457' title='bbox 1482 771 1508 790; x_wconf 84' lang='lat' dir='ltr'>c.</span> 
     </span>
    </p>

    <p class='ocr_par' dir='ltr' id='par_1_20' title="bbox 850 804 1591 884">
     <span class='ocr_line' id='line_1_70' title="bbox 889 804 1591 848; baseline -0.013 -8"><span class='ocrx_word' id='word_1_458' title='bbox 889 813 1030 840; x_wconf 66' lang='lat' dir='ltr'>neem-ms</span> <span class='ocrx_word' id='word_1_459' title='bbox 1046 819 1112 848; x_wconf 87' lang='lat' dir='ltr'>puer</span> <span class='ocrx_word' id='word_1_460' title='bbox 1125 814 1294 848; x_wconf 84' lang='lat' dir='ltr'>peccatorum</span> <span class='ocrx_word' id='word_1_461' title='bbox 1307 806 1357 834; x_wconf 83' lang='lat' dir='ltr'>rati</span> <span class='ocrx_word' id='word_1_462' title='bbox 1376 815 1436 833; x_wconf 89' lang='lat' dir='ltr'>nem</span> <span class='ocrx_word' id='word_1_463' title='bbox 1448 811 1486 833; x_wconf 86' lang='lat' dir='ltr'>est</span> <span class='ocrx_word' id='word_1_464' title='bbox 1500 804 1591 833; x_wconf 85' lang='lat' dir='ltr'>reddi-</span> 
     </span>
     <span class='ocr_line' id='line_1_71' title="bbox 850 859 1098 884; baseline -0.012 0"><span class='ocrx_word' id='word_1_465' title='bbox 850 863 935 884; x_wconf 89' lang='lat' dir='ltr'>turus.</span> <span class='ocrx_word' id='word_1_466' title='bbox 953 863 974 884; x_wconf 90' lang='lat'>1.</span> <span class='ocrx_word' id='word_1_467' title='bbox 992 859 1054 883; x_wconf 89' lang='lat'>131.</span> <span class='ocrx_word' id='word_1_468' title='bbox 1071 864 1098 881; x_wconf 85' lang='lat' dir='ltr'>C.</span> 
     </span>
    </p>

    <p class='ocr_par' dir='ltr' id='par_1_21' title="bbox 851 892 1588 973">
     <span class='ocr_line' id='line_1_72' title="bbox 889 892 1588 935; baseline -0.011 -7"><span class='ocrx_word' id='word_1_469' title='bbox 889 901 1036 928; x_wconf 59' lang='lat' dir='ltr'>Decumo</span> <span class='ocrx_word' id='word_1_470' title='bbox 1051 905 1075 926; x_wconf 90' lang='lat' dir='ltr'>et</span> <span class='ocrx_word' id='word_1_471' title='bbox 1100 896 1206 925; x_wconf 81' lang='lat' dir='ltr'>fallacia</span> <span class='ocrx_word' id='word_1_472' title='bbox 1232 896 1340 935; x_wconf 84' lang='lat' dir='ltr'>pariunt</span> <span class='ocrx_word' id='word_1_473' title='bbox 1361 892 1525 922; x_wconf 82' lang='lat' dir='ltr'>inimicitias.</span> <span class='ocrx_word' id='word_1_474' title='bbox 1542 899 1588 921; x_wconf 81' lang='lat' dir='ltr'>XI.</span> 
     </span>
     <span class='ocr_line' id='line_1_73' title="bbox 851 949 956 973; baseline -0.019 0"><span class='ocrx_word' id='word_1_475' title='bbox 851 949 915 973; x_wconf 89' lang='lat'>118.</span> <span class='ocrx_word' id='word_1_476' title='bbox 931 955 956 972; x_wconf 87' lang='lat' dir='ltr'>c.</span> 
     </span>
    </p>

    <p class='ocr_par' dir='ltr' id='par_1_22' title="bbox 849 981 1591 1105">
     <span class='ocr_line' id='line_1_74' title="bbox 890 981 1591 1023; baseline -0.009 -7"><span class='ocrx_word' id='word_1_477' title='bbox 890 989 1011 1016; x_wconf 64' lang='lat' dir='ltr'>Dsscmffi</span> <span class='ocrx_word' id='word_1_478' title='bbox 1025 985 1161 1014; x_wconf 82' lang='lat' dir='ltr'>fructuum</span> <span class='ocrx_word' id='word_1_479' title='bbox 1176 983 1278 1023; x_wconf 79' lang='lat' dir='ltr'>pluries</span> <span class='ocrx_word' id='word_1_480' title='bbox 1299 981 1378 1010; x_wconf 79' lang='lat' dir='ltr'>datae.</span> <span class='ocrx_word' id='word_1_481' title='bbox 1404 987 1460 1010; x_wconf 74' lang='lat' dir='ltr'>VII.</span> <span class='ocrx_word' id='word_1_482' title='bbox 1483 985 1548 1011; x_wconf 81' lang='grc'>722.</span> <span class='ocrx_word' id='word_1_483' title='bbox 1564 993 1591 1010; x_wconf 77' lang='grc' dir='ltr'>Α.</span> 
     </span>
     <span class='ocr_line' id='line_1_75' title="bbox 849 1026 1590 1061; baseline -0.011 0"><span class='ocrx_word' id='word_1_484' title='bbox 849 1033 973 1061; x_wconf 76' lang='lat' dir='ltr'>Decimas</span> <span class='ocrx_word' id='word_1_485' title='bbox 998 1041 1025 1059; x_wconf 86' lang='lat' dir='ltr'>se</span> <span class='ocrx_word' id='word_1_486' title='bbox 1046 1029 1174 1058; x_wconf 81' lang='lat' dir='ltr'>daturum</span> <span class='ocrx_word' id='word_1_487' title='bbox 1198 1034 1275 1057; x_wconf 74' lang='lat' dir='ltr'>vovet</span> <span class='ocrx_word' id='word_1_488' title='bbox 1297 1026 1388 1056; x_wconf 85' lang='lat' dir='ltr'>Jacob.</span> <span class='ocrx_word' id='word_1_489' title='bbox 1417 1033 1462 1056; x_wconf 82' lang='lat' dir='ltr'>IV.</span> <span class='ocrx_word' id='word_1_490' title='bbox 1477 1030 1541 1054; x_wconf 83' lang='lat'>612.</span> <span class='ocrx_word' id='word_1_491' title='bbox 1562 1035 1590 1056; x_wconf 82' lang='lat' dir='ltr'>c,</span> 
     </span>
     <span class='ocr_line' id='line_1_76' title="bbox 851 1081 953 1105; baseline -0.02 0"><span class='ocrx_word' id='word_1_492' title='bbox 851 1081 915 1105; x_wconf 83' lang='lat'>614.</span> <span class='ocrx_word' id='word_1_493' title='bbox 928 1086 953 1104; x_wconf 87' lang='lat' dir='ltr'>c.</span> 
     </span>
    </p>

    <p class='ocr_par' dir='ltr' id='par_1_23' title="bbox 852 1114 1592 1193">
     <span class='ocr_line' id='line_1_77' title="bbox 890 1114 1592 1153; baseline -0.007 -6"><span class='ocrx_word' id='word_1_494' title='bbox 890 1121 1047 1152; x_wconf 62' lang='lat' dir='ltr'>utrm-son,</span> <span class='ocrx_word' id='word_1_495' title='bbox 1062 1116 1172 1153; x_wconf 69' lang='grc' dir='ltr'>ἔκδικος,</span> <span class='ocrx_word' id='word_1_496' title='bbox 1181 1115 1298 1145; x_wconf 82' lang='lat' dir='ltr'>civitatis</span> <span class='ocrx_word' id='word_1_497' title='bbox 1308 1114 1479 1153; x_wconf 77' lang='lat' dir='ltr'>magistratus</span> <span class='ocrx_word' id='word_1_498' title='bbox 1489 1122 1537 1144; x_wconf 88' lang='lat' dir='ltr'>est.</span> <span class='ocrx_word' id='word_1_499' title='bbox 1547 1121 1592 1144; x_wconf 89' lang='lat'>111.</span> 
     </span>
     <span class='ocr_line' id='line_1_78' title="bbox 852 1170 942 1193; baseline -0.011 0"><span class='ocrx_word' id='word_1_500' title='bbox 852 1170 896 1193; x_wconf 83' lang='lat'>90.</span> <span class='ocrx_word' id='word_1_501' title='bbox 913 1174 942 1192; x_wconf 74' lang='lat' dir='ltr'>A.</span> 
     </span>
    </p>

    <p class='ocr_par' dir='ltr' id='par_1_24' title="bbox 892 1204 1378 1244">
     <span class='ocr_line' id='line_1_79' title="bbox 892 1204 1378 1244; baseline -0.012 -8"><span class='ocrx_word' id='word_1_502' title='bbox 892 1209 1042 1236; x_wconf 60' lang='lat' dir='ltr'>Bam-1110</span> <span class='ocrx_word' id='word_1_503' title='bbox 1060 1204 1205 1244; x_wconf 65' lang='lat' dir='ltr'>sapientiar.</span> <span class='ocrx_word' id='word_1_504' title='bbox 1222 1210 1254 1231; x_wconf 73' lang='lat' dir='ltr'>V.</span> <span class='ocrx_word' id='word_1_505' title='bbox 1274 1206 1338 1231; x_wconf 85' lang='lat'>330.</span> <span class='ocrx_word' id='word_1_506' title='bbox 1354 1213 1378 1231; x_wconf 85' lang='lat'>13.</span> 
     </span>
    </p>

    <p class='ocr_par' dir='ltr' id='par_1_25' title="bbox 853 1245 1595 1412">
     <span class='ocr_line' id='line_1_80' title="bbox 892 1245 1595 1286; baseline -0.006 -6"><span class='ocrx_word' id='word_1_507' title='bbox 892 1253 1071 1280; x_wconf 66' lang='lat' dir='ltr'>Deromnris</span> <span class='ocrx_word' id='word_1_508' title='bbox 1087 1260 1138 1278; x_wconf 88' lang='lat' dir='ltr'>non</span> <span class='ocrx_word' id='word_1_509' title='bbox 1160 1246 1350 1286; x_wconf 81' lang='lat' dir='ltr'>vilipendenda</span> <span class='ocrx_word' id='word_1_510' title='bbox 1367 1245 1474 1284; x_wconf 87' lang='lat' dir='ltr'>quando</span> <span class='ocrx_word' id='word_1_511' title='bbox 1489 1246 1595 1276; x_wconf 86' lang='lat' dir='ltr'>animus</span> 
     </span>
     <span class='ocr_line' id='line_1_81' title="bbox 854 1290 1594 1335; baseline -0.005 -12"><span class='ocrx_word' id='word_1_512' title='bbox 854 1295 966 1335; x_wconf 85' lang='lat' dir='ltr'>pulchre</span> <span class='ocrx_word' id='word_1_513' title='bbox 985 1301 1094 1322; x_wconf 88' lang='lat' dir='ltr'>ornatus</span> <span class='ocrx_word' id='word_1_514' title='bbox 1109 1300 1159 1321; x_wconf 83' lang='lat' dir='ltr'>cst.</span> <span class='ocrx_word' id='word_1_515' title='bbox 1174 1299 1206 1321; x_wconf 75' lang='lat' dir='ltr'>V.</span> <span class='ocrx_word' id='word_1_516' title='bbox 1224 1295 1288 1319; x_wconf 88' lang='grc'>322.</span> <span class='ocrx_word' id='word_1_517' title='bbox 1302 1302 1328 1318; x_wconf 79' lang='grc' dir='ltr'>Δ.</span> <span class='ocrx_word' id='word_1_518' title='bbox 1353 1290 1514 1319; x_wconf 80' lang='lat' dir='ltr'>Del&#39;ormitas</span> <span class='ocrx_word' id='word_1_519' title='bbox 1537 1302 1594 1320; x_wconf 91' lang='lat' dir='ltr'>cor-</span> 
     </span>
     <span class='ocr_line' id='line_1_82' title="bbox 853 1334 1593 1379; baseline -0.003 -14"><span class='ocrx_word' id='word_1_520' title='bbox 853 1339 926 1379; x_wconf 81' lang='lat' dir='ltr'>poris</span> <span class='ocrx_word' id='word_1_521' title='bbox 959 1348 1010 1366; x_wconf 89' lang='lat' dir='ltr'>non</span> <span class='ocrx_word' id='word_1_522' title='bbox 1039 1342 1114 1365; x_wconf 86' lang='lat' dir='ltr'>nocet</span> <span class='ocrx_word' id='word_1_523' title='bbox 1135 1359 1143 1370; x_wconf 89' lang='lat'><em>,</em></span> <span class='ocrx_word' id='word_1_524' title='bbox 1179 1345 1264 1372; x_wconf 80' lang='lat' dir='ltr'>neque</span> <span class='ocrx_word' id='word_1_525' title='bbox 1294 1334 1379 1362; x_wconf 79' lang='lat' dir='ltr'>forma</span> <span class='ocrx_word' id='word_1_526' title='bbox 1405 1334 1525 1373; x_wconf 79' lang='lat' dir='ltr'>prodest.</span> <span class='ocrx_word' id='word_1_527' title='bbox 1558 1342 1593 1364; x_wconf 88' lang='lat' dir='ltr'>V.</span> 
     </span>
     <span class='ocr_line' id='line_1_83' title="bbox 855 1388 956 1412; baseline -0.02 0"><span class='ocrx_word' id='word_1_528' title='bbox 855 1388 919 1412; x_wconf 75' lang='lat'>515.</span> <span class='ocrx_word' id='word_1_529' title='bbox 931 1395 956 1412; x_wconf 76' lang='lat' dir='ltr'>A.</span> 
     </span>
    </p>

    <p class='ocr_par' dir='ltr' id='par_1_26' title="bbox 855 1422 1598 1588">
     <span class='ocr_line' id='line_1_84' title="bbox 895 1422 1596 1455; baseline -0.007 0"><span class='ocrx_word' id='word_1_530' title='bbox 895 1428 1071 1455; x_wconf 63' lang='lat' dir='ltr'>Darem-rus.</span> <span class='ocrx_word' id='word_1_531' title='bbox 1091 1424 1162 1451; x_wconf 70' lang='lat' dir='ltr'>Vide</span> <span class='ocrx_word' id='word_1_532' title='bbox 1176 1424 1323 1451; x_wconf 68' lang='lat' dir='ltr'>Momcns.</span> <span class='ocrx_word' id='word_1_533' title='bbox 1340 1422 1539 1450; x_wconf 84' lang='lat' dir='ltr'>Defunctorum</span> <span class='ocrx_word' id='word_1_534' title='bbox 1554 1423 1596 1451; x_wconf 89' lang='lat' dir='ltr'>lu-</span> 
     </span>
     <span class='ocr_line' id='line_1_85' title="bbox 857 1466 1598 1506; baseline -0.005 -6"><span class='ocrx_word' id='word_1_535' title='bbox 857 1478 914 1500; x_wconf 84' lang='lat' dir='ltr'>ctus</span> <span class='ocrx_word' id='word_1_536' title='bbox 927 1481 988 1499; x_wconf 89' lang='lat' dir='ltr'>cum</span> <span class='ocrx_word' id='word_1_537' title='bbox 1000 1469 1074 1497; x_wconf 89' lang='lat' dir='ltr'>tibiis</span> <span class='ocrx_word' id='word_1_538' title='bbox 1085 1475 1108 1496; x_wconf 86' lang='lat' dir='ltr'>ct</span> <span class='ocrx_word' id='word_1_539' title='bbox 1121 1467 1254 1506; x_wconf 72' lang='lat' dir='ltr'>cymbalis</span> <span class='ocrx_word' id='word_1_540' title='bbox 1264 1466 1423 1494; x_wconf 85' lang='lat' dir='ltr'>celebratus.</span> <span class='ocrx_word' id='word_1_541' title='bbox 1436 1473 1493 1496; x_wconf 60' lang='lat'>1⁷11.</span> <span class='ocrx_word' id='word_1_542' title='bbox 1505 1471 1598 1496; x_wconf 44' lang='lat' dir='ltr'>«toste.</span> 
     </span>
     <span class='ocr_line' id='line_1_86' title="bbox 856 1510 1597 1551; baseline -0.007 -7"><span class='ocrx_word' id='word_1_543' title='bbox 856 1515 1002 1544; x_wconf 85' lang='lat' dir='ltr'>Defunctos</span> <span class='ocrx_word' id='word_1_544' title='bbox 1018 1513 1108 1551; x_wconf 83' lang='lat' dir='ltr'>lugere</span> <span class='ocrx_word' id='word_1_545' title='bbox 1122 1521 1173 1539; x_wconf 86' lang='lat' dir='ltr'>non</span> <span class='ocrx_word' id='word_1_546' title='bbox 1193 1510 1288 1538; x_wconf 87' lang='lat' dir='ltr'>inutile</span> <span class='ocrx_word' id='word_1_547' title='bbox 1312 1516 1414 1538; x_wconf 82' lang='lat' dir='ltr'>tantum</span> <span class='ocrx_word' id='word_1_548' title='bbox 1427 1532 1434 1546; x_wconf 93' lang='lat'>‚</span> <span class='ocrx_word' id='word_1_549' title='bbox 1450 1510 1497 1538; x_wconf 86' lang='lat' dir='ltr'>sed</span> <span class='ocrx_word' id='word_1_550' title='bbox 1518 1510 1597 1539; x_wconf 88' lang='lat' dir='ltr'>etiam</span> 
     </span>
     <span class='ocr_line' id='line_1_87' title="bbox 855 1560 1235 1588; baseline -0.018 1"><span class='ocrx_word' id='word_1_551' title='bbox 855 1560 1014 1588; x_wconf 77' lang='lat' dir='ltr'>damnosum</span> <span class='ocrx_word' id='word_1_552' title='bbox 1028 1563 1076 1585; x_wconf 91' lang='lat' dir='ltr'>est.</span> <span class='ocrx_word' id='word_1_553' title='bbox 1094 1563 1113 1584; x_wconf 87' lang='lat' dir='ltr'>I.</span> <span class='ocrx_word' id='word_1_554' title='bbox 1130 1560 1192 1584; x_wconf 74' lang='lat'>940.</span> <span class='ocrx_word' id='word_1_555' title='bbox 1209 1565 1235 1583; x_wconf 77' lang='lat' dir='ltr'>E.</span> 
     </span>
    </p>

    <p class='ocr_par' dir='ltr' id='par_1_27' title="bbox 856 1597 1599 1732">
     <span class='ocr_line' id='line_1_88' title="bbox 897 1597 1596 1638; baseline -0.007 -6"><span class='ocrx_word' id='word_1_556' title='bbox 897 1601 1021 1632; x_wconf 83' lang='lat' dir='ltr'>Defuncti</span> <span class='ocrx_word' id='word_1_557' title='bbox 1035 1599 1168 1638; x_wconf 87' lang='lat' dir='ltr'>quomodo</span> <span class='ocrx_word' id='word_1_558' title='bbox 1179 1599 1230 1627; x_wconf 86' lang='lat' dir='ltr'>sint</span> <span class='ocrx_word' id='word_1_559' title='bbox 1240 1597 1400 1626; x_wconf 82' lang='lat' dir='ltr'>honorandi.</span> <span class='ocrx_word' id='word_1_560' title='bbox 1414 1606 1483 1628; x_wconf 70' lang='lat' dir='ltr'>vui.</span> <span class='ocrx_word' id='word_1_561' title='bbox 1494 1603 1557 1627; x_wconf 85' lang='lat'>429.</span> <span class='ocrx_word' id='word_1_562' title='bbox 1568 1609 1596 1627; x_wconf 74' lang='grc' dir='ltr'>ε.</span> 
     </span>
     <span class='ocr_line' id='line_1_89' title="bbox 857 1643 1599 1682; baseline -0.009 -5"><span class='ocrx_word' id='word_1_563' title='bbox 857 1653 922 1677; x_wconf 79' lang='lat'>430.</span> <span class='ocrx_word' id='word_1_564' title='bbox 938 1647 991 1675; x_wconf 88' lang='lat' dir='ltr'>Pro</span> <span class='ocrx_word' id='word_1_565' title='bbox 1016 1643 1148 1673; x_wconf 82' lang='lat' dir='ltr'>defunctis</span> <span class='ocrx_word' id='word_1_566' title='bbox 1173 1653 1270 1682; x_wconf 75' lang='lat' dir='ltr'>preceS.</span> <span class='ocrx_word' id='word_1_567' title='bbox 1293 1650 1312 1671; x_wconf 92' lang='lat' dir='ltr'>l.</span> <span class='ocrx_word' id='word_1_568' title='bbox 1329 1647 1393 1672; x_wconf 85' lang='lat'>518.</span> <span class='ocrx_word' id='word_1_569' title='bbox 1410 1655 1436 1672; x_wconf 75' lang='lat' dir='ltr'>A.</span> <span class='ocrx_word' id='word_1_570' title='bbox 1461 1643 1599 1671; x_wconf 79' lang='lat' dir='ltr'>Defunctis</span> 
     </span>
     <span class='ocr_line' id='line_1_90' title="bbox 856 1686 1544 1732; baseline -0.009 -12"><span class='ocrx_word' id='word_1_571' title='bbox 856 1698 969 1732; x_wconf 87' lang='lat' dir='ltr'>prosunt</span> <span class='ocrx_word' id='word_1_572' title='bbox 983 1689 1157 1726; x_wconf 66' lang='lat' dir='ltr'>eleemosynae</span> <span class='ocrx_word' id='word_1_573' title='bbox 1168 1694 1192 1715; x_wconf 87' lang='lat' dir='ltr'>et</span> <span class='ocrx_word' id='word_1_574' title='bbox 1208 1686 1364 1715; x_wconf 84' lang='lat' dir='ltr'>oblationes.</span> <span class='ocrx_word' id='word_1_575' title='bbox 1380 1693 1425 1715; x_wconf 82' lang='lat' dir='ltr'>IX.</span> <span class='ocrx_word' id='word_1_576' title='bbox 1441 1691 1503 1714; x_wconf 77' lang='lat'>187.</span> <span class='ocrx_word' id='word_1_577' title='bbox 1519 1697 1544 1714; x_wconf 87' lang='lat'>13.</span> 
     </span>
    </p>

    <p class='ocr_par' dir='ltr' id='par_1_28' title="bbox 857 1731 1596 1810">
     <span class='ocr_line' id='line_1_91' title="bbox 896 1731 1596 1769; baseline -0.009 -5"><span class='ocrx_word' id='word_1_578' title='bbox 896 1737 1001 1764; x_wconf 62' lang='lat' dir='ltr'>Dema</span> <span class='ocrx_word' id='word_1_579' title='bbox 1012 1745 1021 1761; x_wconf 69' lang='lat' dir='ltr'>x</span> <span class='ocrx_word' id='word_1_580' title='bbox 1034 1742 1140 1760; x_wconf 83' lang='lat' dir='ltr'>nomen</span> <span class='ocrx_word' id='word_1_581' title='bbox 1153 1732 1258 1759; x_wconf 62' lang='lat' dir='ltr'>Mariae</span> <span class='ocrx_word' id='word_1_582' title='bbox 1273 1731 1389 1769; x_wconf 74' lang='lat' dir='ltr'>Virgini</span> <span class='ocrx_word' id='word_1_583' title='bbox 1403 1731 1552 1760; x_wconf 80' lang='lat' dir='ltr'>tributum.</span> <span class='ocrx_word' id='word_1_584' title='bbox 1562 1737 1596 1759; x_wconf 87' lang='lat'>11.</span> 
     </span>
     <span class='ocr_line' id='line_1_92' title="bbox 857 1781 1160 1810; baseline -0.023 0"><span class='ocrx_word' id='word_1_585' title='bbox 857 1786 923 1810; x_wconf 75' lang='lat'>977.</span> <span class='ocrx_word' id='word_1_586' title='bbox 940 1791 965 1807; x_wconf 65' lang='grc' dir='ltr'>Α.</span> <span class='ocrx_word' id='word_1_587' title='bbox 984 1784 1029 1806; x_wconf 83' lang='lat'>111.</span> <span class='ocrx_word' id='word_1_588' title='bbox 1044 1781 1124 1805; x_wconf 86' lang='lat'>1000.</span> <span class='ocrx_word' id='word_1_589' title='bbox 1135 1787 1160 1804; x_wconf 88' lang='lat' dir='ltr'>c.</span> 
     </span>
    </p>

    <p class='ocr_par' dir='ltr' id='par_1_29' title="bbox 857 1817 1599 1999">
     <span class='ocr_line' id='line_1_93' title="bbox 896 1817 1599 1859; baseline -0.006 -7"><span class='ocrx_word' id='word_1_590' title='bbox 896 1826 1024 1854; x_wconf 60' lang='lat' dir='ltr'>Demere</span> <span class='ocrx_word' id='word_1_591' title='bbox 1036 1827 1096 1849; x_wconf 86' lang='lat' dir='ltr'>sunt</span> <span class='ocrx_word' id='word_1_592' title='bbox 1113 1820 1196 1859; x_wconf 62' lang='lat' dir='ltr'>spinae</span> <span class='ocrx_word' id='word_1_593' title='bbox 1208 1842 1215 1855; x_wconf 89' lang='lat'><em>‚</em></span> <span class='ocrx_word' id='word_1_594' title='bbox 1232 1817 1378 1857; x_wconf 80' lang='lat' dir='ltr'>quomodo.</span> <span class='ocrx_word' id='word_1_595' title='bbox 1391 1825 1450 1847; x_wconf 68' lang='lat' dir='ltr'>VII.</span> <span class='ocrx_word' id='word_1_596' title='bbox 1466 1823 1530 1849; x_wconf 81' lang='lat'>533.</span> <span class='ocrx_word' id='word_1_597' title='bbox 1548 1820 1599 1848; x_wconf 86' lang='lat' dir='ltr'>De-</span> 
     </span>
     <span class='ocr_line' id='line_1_94' title="bbox 857 1863 1599 1898; baseline -0.009 0"><span class='ocrx_word' id='word_1_598' title='bbox 857 1869 925 1898; x_wconf 77' lang='lat' dir='ltr'>liciae</span> <span class='ocrx_word' id='word_1_599' title='bbox 940 1868 994 1896; x_wconf 77' lang='lat' dir='ltr'>sera</span> <span class='ocrx_word' id='word_1_600' title='bbox 1009 1864 1237 1894; x_wconf 81' lang='lat' dir='ltr'>intractabilis.11.</span> <span class='ocrx_word' id='word_1_601' title='bbox 1254 1868 1316 1892; x_wconf 81' lang='lat'>928.</span> <span class='ocrx_word' id='word_1_602' title='bbox 1330 1874 1355 1891; x_wconf 73' lang='lat' dir='ltr'>A.</span> <span class='ocrx_word' id='word_1_603' title='bbox 1371 1864 1447 1892; x_wconf 89' lang='lat' dir='ltr'>Onus</span> <span class='ocrx_word' id='word_1_604' title='bbox 1462 1871 1523 1892; x_wconf 87' lang='lat' dir='ltr'>sunt</span> <span class='ocrx_word' id='word_1_605' title='bbox 1538 1863 1599 1892; x_wconf 87' lang='lat' dir='ltr'>ani-</span> 
     </span>
     <span class='ocr_line' id='line_1_95' title="bbox 858 1907 1599 1947; baseline -0.008 -4"><span class='ocrx_word' id='word_1_606' title='bbox 858 1925 917 1943; x_wconf 63' lang='lat' dir='ltr'>mae.</span> <span class='ocrx_word' id='word_1_607' title='bbox 933 1920 977 1942; x_wconf 81' lang='grc' dir='ltr'>ΙΧ.</span> <span class='ocrx_word' id='word_1_608' title='bbox 993 1915 1055 1940; x_wconf 85' lang='lat'>155.</span> <span class='ocrx_word' id='word_1_609' title='bbox 1073 1920 1095 1937; x_wconf 76' lang='grc' dir='ltr'>Β.</span> <span class='ocrx_word' id='word_1_610' title='bbox 1114 1908 1225 1937; x_wconf 56' lang='lat' dir='ltr'>Deliciae</span> <span class='ocrx_word' id='word_1_611' title='bbox 1243 1915 1268 1936; x_wconf 86' lang='lat' dir='ltr'>ct</span> <span class='ocrx_word' id='word_1_612' title='bbox 1286 1907 1480 1936; x_wconf 78' lang='lat' dir='ltr'>sollicitudines</span> <span class='ocrx_word' id='word_1_613' title='bbox 1495 1907 1599 1947; x_wconf 76' lang='lat' dir='ltr'>duplex</span> 
     </span>
     <span class='ocr_line' id='line_1_96' title="bbox 859 1952 1476 1999; baseline -0.013 -12"><span class='ocrx_word' id='word_1_614' title='bbox 859 1958 950 1999; x_wconf 82' lang='lat' dir='ltr'>pestis,</span> <span class='ocrx_word' id='word_1_615' title='bbox 965 1967 1022 1995; x_wconf 79' lang='lat' dir='ltr'>quae</span> <span class='ocrx_word' id='word_1_616' title='bbox 1035 1955 1153 1983; x_wconf 88' lang='lat' dir='ltr'>animam</span> <span class='ocrx_word' id='word_1_617' title='bbox 1168 1952 1282 1981; x_wconf 81' lang='lat' dir='ltr'>invadit.</span> <span class='ocrx_word' id='word_1_618' title='bbox 1300 1959 1356 1981; x_wconf 80' lang='lat' dir='ltr'>vn.</span> <span class='ocrx_word' id='word_1_619' title='bbox 1372 1956 1434 1980; x_wconf 82' lang='grc'>532.</span> <span class='ocrx_word' id='word_1_620' title='bbox 1449 1963 1476 1980; x_wconf 89' lang='lat' dir='ltr'>D.</span> 
     </span>
    </p>

    <p class='ocr_par' dir='ltr' id='par_1_30' title="bbox 858 1994 1600 2218">
     <span class='ocr_line' id='line_1_97' title="bbox 898 1994 1599 2031; baseline -0.01 -1"><span class='ocrx_word' id='word_1_621' title='bbox 898 2001 1007 2031; x_wconf 77' lang='lat' dir='ltr'>Deliciae</span> <span class='ocrx_word' id='word_1_622' title='bbox 1022 2010 1072 2028; x_wconf 89' lang='lat' dir='ltr'>non</span> <span class='ocrx_word' id='word_1_623' title='bbox 1088 2005 1149 2027; x_wconf 86' lang='lat' dir='ltr'>sunt</span> <span class='ocrx_word' id='word_1_624' title='bbox 1162 1997 1262 2025; x_wconf 84' lang='lat' dir='ltr'>crimen</span> <span class='ocrx_word' id='word_1_625' title='bbox 1273 2018 1280 2031; x_wconf 75' lang='lat'><strong><em>⁷</em></strong></span> <span class='ocrx_word' id='word_1_626' title='bbox 1292 1995 1338 2024; x_wconf 86' lang='lat' dir='ltr'>sed</span> <span class='ocrx_word' id='word_1_627' title='bbox 1353 1995 1386 2024; x_wconf 87' lang='lat' dir='ltr'>ad</span> <span class='ocrx_word' id='word_1_628' title='bbox 1402 1996 1467 2023; x_wconf 69' lang='lat' dir='ltr'>vitia</span> <span class='ocrx_word' id='word_1_629' title='bbox 1484 1994 1599 2024; x_wconf 88' lang='lat' dir='ltr'>ducunt.</span> 
     </span>
     <span class='ocr_line' id='line_1_98' title="bbox 858 2040 1596 2078; baseline -0.014 -2"><span class='ocrx_word' id='word_1_630' title='bbox 858 2055 892 2076; x_wconf 87' lang='lat'>11.</span> <span class='ocrx_word' id='word_1_631' title='bbox 914 2050 978 2075; x_wconf 83' lang='lat'>185.</span> <span class='ocrx_word' id='word_1_632' title='bbox 998 2055 1021 2072; x_wconf 83' lang='lat' dir='ltr'>B.</span> <span class='ocrx_word' id='word_1_633' title='bbox 1044 2042 1211 2071; x_wconf 78' lang='lat' dir='ltr'>Deliciarum</span> <span class='ocrx_word' id='word_1_634' title='bbox 1236 2040 1310 2068; x_wconf 87' lang='lat' dir='ltr'>locus</span> <span class='ocrx_word' id='word_1_635' title='bbox 1331 2050 1448 2078; x_wconf 76' lang='lat' dir='ltr'>praeceps</span> <span class='ocrx_word' id='word_1_636' title='bbox 1471 2046 1520 2069; x_wconf 83' lang='lat' dir='ltr'>est.</span> <span class='ocrx_word' id='word_1_637' title='bbox 1550 2047 1596 2070; x_wconf 82' lang='lat' dir='ltr'>lx,</span> 
     </span>
     <span class='ocr_line' id='line_1_99' title="bbox 860 2083 1600 2120; baseline -0.011 0"><span class='ocrx_word' id='word_1_638' title='bbox 860 2096 924 2120; x_wconf 86' lang='lat'>153.</span> <span class='ocrx_word' id='word_1_639' title='bbox 942 2100 971 2118; x_wconf 87' lang='lat' dir='ltr'>D.</span> <span class='ocrx_word' id='word_1_640' title='bbox 988 2087 1101 2116; x_wconf 84' lang='lat' dir='ltr'>Deliciis</span> <span class='ocrx_word' id='word_1_641' title='bbox 1111 2093 1135 2114; x_wconf 88' lang='lat' dir='ltr'>et</span> <span class='ocrx_word' id='word_1_642' title='bbox 1151 2085 1204 2113; x_wconf 83' lang='lat' dir='ltr'>otio</span> <span class='ocrx_word' id='word_1_643' title='bbox 1220 2083 1289 2112; x_wconf 87' lang='lat' dir='ltr'>nibil</span> <span class='ocrx_word' id='word_1_644' title='bbox 1298 2083 1432 2111; x_wconf 85' lang='lat' dir='ltr'>inutilius.</span> <span class='ocrx_word' id='word_1_645' title='bbox 1448 2090 1492 2111; x_wconf 82' lang='lat' dir='ltr'>lx.</span> <span class='ocrx_word' id='word_1_646' title='bbox 1507 2088 1600 2112; x_wconf 85' lang='lat'>301.13.</span> 
     </span>
     <span class='ocr_line' id='line_1_100' title="bbox 858 2127 1598 2171; baseline -0.012 -8"><span class='ocrx_word' id='word_1_647' title='bbox 858 2134 966 2164; x_wconf 61' lang='lat' dir='ltr'>Deliciae</span> <span class='ocrx_word' id='word_1_648' title='bbox 980 2129 1211 2171; x_wconf 62' lang='lat' dir='ltr'>perniciosissimae</span> <span class='ocrx_word' id='word_1_649' title='bbox 1222 2134 1294 2156; x_wconf 87' lang='lat' dir='ltr'>sunt.</span> <span class='ocrx_word' id='word_1_650' title='bbox 1310 2134 1329 2155; x_wconf 92' lang='lat'>1.</span> <span class='ocrx_word' id='word_1_651' title='bbox 1344 2132 1408 2157; x_wconf 81' lang='lat'>880.</span> <span class='ocrx_word' id='word_1_652' title='bbox 1425 2137 1452 2155; x_wconf 69' lang='lat' dir='ltr'>A.</span> <span class='ocrx_word' id='word_1_653' title='bbox 1462 2127 1521 2155; x_wconf 81' lang='lat' dir='ltr'>Non</span> <span class='ocrx_word' id='word_1_654' title='bbox 1534 2127 1598 2167; x_wconf 84' lang='lat' dir='ltr'>ipsae</span> 
     </span>
     <span class='ocr_line' id='line_1_101' title="bbox 859 2173 1468 2218; baseline -0.015 -11"><span class='ocrx_word' id='word_1_655' title='bbox 859 2176 1019 2218; x_wconf 79' lang='lat' dir='ltr'>spectandae,</span> <span class='ocrx_word' id='word_1_656' title='bbox 1037 2174 1082 2202; x_wconf 83' lang='lat' dir='ltr'>sed</span> <span class='ocrx_word' id='word_1_657' title='bbox 1099 2173 1186 2201; x_wconf 78' lang='lat' dir='ltr'>exitus</span> <span class='ocrx_word' id='word_1_658' title='bbox 1201 2182 1301 2201; x_wconf 84' lang='lat' dir='ltr'>earum.</span> <span class='ocrx_word' id='word_1_659' title='bbox 1317 2178 1350 2199; x_wconf 82' lang='lat' dir='ltr'>X.</span> <span class='ocrx_word' id='word_1_660' title='bbox 1366 2175 1430 2199; x_wconf 91' lang='lat'>601.</span> <span class='ocrx_word' id='word_1_661' title='bbox 1445 2181 1468 2199; x_wconf 67' lang='grc' dir='ltr'>Β.</span> 
     </span>
    </p>

    <p class='ocr_par' dir='ltr' id='par_1_31' title="bbox 856 2216 1601 2613">
     <span class='ocr_line' id='line_1_102' title="bbox 898 2216 1601 2252; baseline -0.01 -2"><span class='ocrx_word' id='word_1_662' title='bbox 898 2221 1063 2252; x_wconf 84' lang='lat' dir='ltr'>Deliciarum</span> <span class='ocrx_word' id='word_1_663' title='bbox 1076 2218 1184 2246; x_wconf 80' lang='lat' dir='ltr'>damna.</span> <span class='ocrx_word' id='word_1_664' title='bbox 1202 2223 1260 2244; x_wconf 81' lang='lat' dir='ltr'>Vll.</span> <span class='ocrx_word' id='word_1_665' title='bbox 1279 2220 1344 2243; x_wconf 88' lang='lat'>533.</span> <span class='ocrx_word' id='word_1_666' title='bbox 1361 2226 1387 2242; x_wconf 77' lang='lat' dir='ltr'>A.</span> <span class='ocrx_word' id='word_1_667' title='bbox 1402 2222 1448 2243; x_wconf 82' lang='lat' dir='ltr'>XI.</span> <span class='ocrx_word' id='word_1_668' title='bbox 1463 2219 1539 2245; x_wconf 69' lang='lat'>674⁶.</span> <span class='ocrx_word' id='word_1_669' title='bbox 1556 2216 1601 2245; x_wconf 85' lang='lat' dir='ltr'>Ex</span> 
     </span>
     <span class='ocr_line' id='line_1_103' title="bbox 857 2260 1601 2302; baseline -0.011 -6"><span class='ocrx_word' id='word_1_670' title='bbox 857 2267 960 2296; x_wconf 85' lang='lat' dir='ltr'>deliciis</span> <span class='ocrx_word' id='word_1_671' title='bbox 975 2274 1034 2302; x_wconf 87' lang='lat' dir='ltr'>quae</span> <span class='ocrx_word' id='word_1_672' title='bbox 1057 2262 1128 2291; x_wconf 84' lang='lat' dir='ltr'>mala</span> <span class='ocrx_word' id='word_1_673' title='bbox 1152 2260 1281 2289; x_wconf 82' lang='lat' dir='ltr'>oriantur.</span> <span class='ocrx_word' id='word_1_674' title='bbox 1299 2266 1344 2288; x_wconf 83' lang='lat' dir='ltr'>lx.</span> <span class='ocrx_word' id='word_1_675' title='bbox 1359 2263 1423 2287; x_wconf 79' lang='lat'>155.</span> <span class='ocrx_word' id='word_1_676' title='bbox 1449 2270 1476 2287; x_wconf 73' lang='grc' dir='ltr'>Ε.</span> <span class='ocrx_word' id='word_1_677' title='bbox 1491 2260 1601 2289; x_wconf 76' lang='grc' dir='ltr'>ΒοΙῐςίεε</span> 
     </span>
     <span class='ocr_line' id='line_1_104' title="bbox 857 2304 1597 2340; baseline -0.009 0"><span class='ocrx_word' id='word_1_678' title='bbox 857 2311 958 2340; x_wconf 84' lang='lat' dir='ltr'>laedunt</span> <span class='ocrx_word' id='word_1_679' title='bbox 977 2315 1001 2336; x_wconf 82' lang='lat' dir='ltr'>ct</span> <span class='ocrx_word' id='word_1_680' title='bbox 1015 2312 1148 2336; x_wconf 61' lang='lat' dir='ltr'>excaecant</span> <span class='ocrx_word' id='word_1_681' title='bbox 1165 2304 1292 2333; x_wconf 77' lang='lat' dir='ltr'>animam.</span> <span class='ocrx_word' id='word_1_682' title='bbox 1310 2310 1330 2332; x_wconf 91' lang='lat'>1.</span> <span class='ocrx_word' id='word_1_683' title='bbox 1346 2307 1409 2331; x_wconf 89' lang='lat'>398.</span> <span class='ocrx_word' id='word_1_684' title='bbox 1424 2313 1449 2330; x_wconf 83' lang='grc' dir='ltr'>Β.</span> <span class='ocrx_word' id='word_1_685' title='bbox 1463 2308 1597 2334; x_wconf 71' lang='grc' dir='ltr'>Χ.437.Β,</span> 
     </span>
     <span class='ocr_line' id='line_1_105' title="bbox 856 2346 1599 2389; baseline -0.011 -5"><span class='ocrx_word' id='word_1_686' title='bbox 856 2351 1029 2384; x_wconf 85' lang='lat' dir='ltr'>Incommoda</span> <span class='ocrx_word' id='word_1_687' title='bbox 1039 2349 1148 2389; x_wconf 86' lang='lat' dir='ltr'>pariunt</span> <span class='ocrx_word' id='word_1_688' title='bbox 1162 2348 1268 2376; x_wconf 80' lang='lat' dir='ltr'>animae.</span> <span class='ocrx_word' id='word_1_689' title='bbox 1279 2354 1300 2375; x_wconf 94' lang='grc' dir='ltr'>Ι.</span> <span class='ocrx_word' id='word_1_690' title='bbox 1314 2351 1378 2376; x_wconf 87' lang='lat'>398.</span> <span class='ocrx_word' id='word_1_691' title='bbox 1388 2358 1412 2375; x_wconf 80' lang='lat' dir='ltr'>B.</span> <span class='ocrx_word' id='word_1_692' title='bbox 1423 2346 1464 2374; x_wconf 84' lang='lat' dir='ltr'>Ad</span> <span class='ocrx_word' id='word_1_693' title='bbox 1479 2347 1599 2376; x_wconf 77' lang='lat' dir='ltr'>numinis</span> 
     </span>
     <span class='ocr_line' id='line_1_106' title="bbox 858 2389 1599 2430; baseline -0.012 -3"><span class='ocrx_word' id='word_1_694' title='bbox 858 2397 1020 2427; x_wconf 84' lang='lat' dir='ltr'>oblivionem</span> <span class='ocrx_word' id='word_1_695' title='bbox 1032 2389 1183 2422; x_wconf 78' lang='lat' dir='ltr'>deducunt.</span> <span class='ocrx_word' id='word_1_696' title='bbox 1200 2398 1222 2419; x_wconf 91' lang='lat'>1.</span> <span class='ocrx_word' id='word_1_697' title='bbox 1239 2396 1302 2419; x_wconf 87' lang='lat'>881.</span> <span class='ocrx_word' id='word_1_698' title='bbox 1320 2401 1344 2421; x_wconf 80' lang='lat' dir='ltr'>n,</span> <span class='ocrx_word' id='word_1_699' title='bbox 1358 2391 1389 2419; x_wconf 88' lang='lat' dir='ltr'>In</span> <span class='ocrx_word' id='word_1_700' title='bbox 1404 2397 1542 2430; x_wconf 86' lang='lat' dir='ltr'>peccatum</span> <span class='ocrx_word' id='word_1_701' title='bbox 1558 2391 1599 2419; x_wconf 83' lang='lat' dir='ltr'>in-</span> 
     </span>
     <span class='ocr_line' id='line_1_107' title="bbox 858 2435 1599 2473; baseline -0.009 -3"><span class='ocrx_word' id='word_1_702' title='bbox 858 2441 970 2470; x_wconf 82' lang='lat' dir='ltr'>ducunt.</span> <span class='ocrx_word' id='word_1_703' title='bbox 983 2447 1015 2468; x_wconf 86' lang='lat'>11.</span> <span class='ocrx_word' id='word_1_704' title='bbox 1026 2442 1090 2467; x_wconf 82' lang='grc'>926.</span> <span class='ocrx_word' id='word_1_705' title='bbox 1110 2448 1134 2465; x_wconf 87' lang='grc' dir='ltr'>Λ.</span> <span class='ocrx_word' id='word_1_706' title='bbox 1153 2442 1198 2464; x_wconf 78' lang='lat' dir='ltr'>IX.</span> <span class='ocrx_word' id='word_1_707' title='bbox 1215 2439 1278 2463; x_wconf 86' lang='grc'>361.</span> <span class='ocrx_word' id='word_1_708' title='bbox 1294 2445 1319 2462; x_wconf 80' lang='lat'>13.</span> <span class='ocrx_word' id='word_1_709' title='bbox 1332 2435 1390 2462; x_wconf 69' lang='lat' dir='ltr'>Non</span> <span class='ocrx_word' id='word_1_710' title='bbox 1406 2441 1516 2473; x_wconf 86' lang='lat' dir='ltr'>possunt</span> <span class='ocrx_word' id='word_1_711' title='bbox 1538 2445 1599 2463; x_wconf 89' lang='lat' dir='ltr'>cum</span> 
     </span>
     <span class='ocr_line' id='line_1_108' title="bbox 859 2477 1600 2516; baseline -0.013 -1"><span class='ocrx_word' id='word_1_712' title='bbox 859 2485 1000 2514; x_wconf 85' lang='lat' dir='ltr'>sobrietate</span> <span class='ocrx_word' id='word_1_713' title='bbox 1025 2480 1175 2511; x_wconf 82' lang='lat' dir='ltr'>consistere.</span> <span class='ocrx_word' id='word_1_714' title='bbox 1196 2486 1242 2508; x_wconf 80' lang='lat' dir='ltr'>XI.</span> <span class='ocrx_word' id='word_1_715' title='bbox 1269 2477 1346 2507; x_wconf 65' lang='lat'>673⁶.</span> <span class='ocrx_word' id='word_1_716' title='bbox 1368 2489 1396 2509; x_wconf 81' lang='lat' dir='ltr'>D.</span> <span class='ocrx_word' id='word_1_717' title='bbox 1422 2488 1505 2516; x_wconf 83' lang='lat' dir='ltr'>neque</span> <span class='ocrx_word' id='word_1_718' title='bbox 1540 2489 1600 2507; x_wconf 88' lang='lat' dir='ltr'>cum</span> 
     </span>
     <span class='ocr_line' id='line_1_109' title="bbox 859 2522 1601 2559; baseline -0.012 0"><span class='ocrx_word' id='word_1_719' title='bbox 859 2528 1032 2559; x_wconf 84' lang='lat' dir='ltr'>confessione.</span> <span class='ocrx_word' id='word_1_720' title='bbox 1056 2531 1115 2554; x_wconf 71' lang='grc' dir='ltr'>ΠΙ.</span> <span class='ocrx_word' id='word_1_721' title='bbox 1145 2528 1208 2553; x_wconf 77' lang='grc'>169,</span> <span class='ocrx_word' id='word_1_722' title='bbox 1227 2522 1392 2550; x_wconf 85' lang='lat' dir='ltr'>Deliciarum</span> <span class='ocrx_word' id='word_1_723' title='bbox 1416 2522 1519 2550; x_wconf 80' lang='lat' dir='ltr'>fructus</span> <span class='ocrx_word' id='word_1_724' title='bbox 1539 2532 1601 2551; x_wconf 84' lang='lat' dir='ltr'>cor-</span> 
     </span>
     <span class='ocr_line' id='line_1_110' title="bbox 860 2566 1598 2613; baseline -0.011 -11"><span class='ocrx_word' id='word_1_725' title='bbox 860 2573 949 2613; x_wconf 83' lang='lat' dir='ltr'>ruptio</span> <span class='ocrx_word' id='word_1_726' title='bbox 964 2579 1011 2600; x_wconf 90' lang='lat' dir='ltr'>est.</span> <span class='ocrx_word' id='word_1_727' title='bbox 1027 2577 1060 2599; x_wconf 77' lang='lat' dir='ltr'>X.</span> <span class='ocrx_word' id='word_1_728' title='bbox 1082 2573 1146 2597; x_wconf 76' lang='lat'>447.</span> <span class='ocrx_word' id='word_1_729' title='bbox 1162 2578 1187 2597; x_wconf 86' lang='lat' dir='ltr'>B.</span> <span class='ocrx_word' id='word_1_730' title='bbox 1201 2566 1311 2595; x_wconf 78' lang='lat' dir='ltr'>Deliciae</span> <span class='ocrx_word' id='word_1_731' title='bbox 1324 2566 1406 2604; x_wconf 87' lang='lat' dir='ltr'>hujus</span> <span class='ocrx_word' id='word_1_732' title='bbox 1417 2566 1479 2594; x_wconf 81' lang='lat' dir='ltr'>vitae</span> <span class='ocrx_word' id='word_1_733' title='bbox 1494 2577 1508 2594; x_wconf 87' lang='lat' dir='ltr'>a</span> <span class='ocrx_word' id='word_1_734' title='bbox 1522 2567 1598 2595; x_wconf 80' lang='lat' dir='ltr'>futu-</span> 
     </span>
    </p>
   </div>
   <div class='ocr_carea' id='block_1_6' title="bbox 862 2610 1599 2680">
    <p class='ocr_par' dir='ltr' id='par_1_32' title="bbox 862 2610 1599 2680">
     <span class='ocr_line' id='line_1_111' title="bbox 862 2610 1599 2679; baseline -0.005 -36"><span class='ocrx_word' id='word_1_735' title='bbox 862 2618 898 2645; x_wconf 79' lang='lat' dir='ltr'>ris</span> <span class='ocrx_word' id='word_1_736' title='bbox 909 2616 1026 2656; x_wconf 84' lang='lat' dir='ltr'>privant.</span> <span class='ocrx_word' id='word_1_737' title='bbox 1044 2621 1065 2643; x_wconf 84' lang='lat'>1.</span> <span class='ocrx_word' id='word_1_738' title='bbox 1083 2617 1147 2641; x_wconf 77' lang='lat'>913.</span> <span class='ocrx_word' id='word_1_739' title='bbox 1166 2622 1190 2639; x_wconf 82' lang='lat' dir='ltr'>n.</span> <span class='ocrx_word' id='word_1_740' title='bbox 1208 2610 1301 2640; x_wconf 80' lang='lat' dir='ltr'>Vitam</span> <span class='ocrx_word' id='word_1_741' title='bbox 1322 2610 1452 2679; x_wconf 56' lang='lat' dir='ltr'>sexcenbtis</span> <span class='ocrx_word' id='word_1_742' title='bbox 1467 2611 1599 2640; x_wconf 85' lang='lat' dir='ltr'>mortibus</span> 
     </span>
     <span class='ocr_line' id='line_1_112' title="bbox 1395 2653 1441 2680; baseline 0.043 -2"><span class='ocrx_word' id='word_1_743' title='bbox 1395 2653 1405 2678; x_wconf 92' lang='lat'>1</span> <span class='ocrx_word' id='word_1_744' title='bbox 1438 2676 1441 2680; x_wconf 68' lang='grc'>,</span> 
     </span>
    </p>
   </div>
  </div>
 </body>
</html>
