1884 2922
997 235 1016 278 ii

282 310 362 339 Ίίιιιι
392 320 456 349 qna*
473 310 602 347 {genuina
630 314 725 337 essent
747 308 775 335 in
800 315 858 336 tam
884 309 1026 336 immensa
1054 307 1200 345 liutai-,ine
1234 307 1413 345 scriptorum
1435 305 1636 344 chrysostomi
1661 316 1767 334 nonu-n

247 368 304 396 pra¹
323 370 352 387 se
378 359 545 390 lemntium,
572 366 637 395 quae
664 363 796 394 suspecta
827 362 880 384 aut
916 362 1016 393 aperte
1043 354 1249 392 supposititia,
1272 364 1360 382 nemo
1393 353 1572 382 examinavit
1598 359 1680 382 tanta
1703 363 1770 381 cuni

245 406 377 434 ‹lorti-ina
400 412 428 433 et
454 415 552 433 rerum
575 403 835 432 ecclesiasticarum
870 403 1010 437 scientia,
1038 413 1126 431 nemo
1153 402 1190 431 ad
1218 402 1272 431 hoc
1297 402 1443 440 judicium
1469 401 1571 430 attulit
1590 412 1710 430 sensum
1738 412 1772 429 ex

244 459 385 490 perpetuo
405 463 462 480 usu
476 451 503 480 S.
517 452 611 480 Patris
627 450 731 480 melius
746 450 904 479 subactum
926 457 954 479 et
981 450 1168 480 subtiliorem
1189 462 1280 489 quam
1306 450 1553 483 Montfauconus;
1579 449 1653 479 adeo
1682 457 1716 479 ut
1736 461 1773 478 ne

241 511 332 528 unam
363 499 486 537 quidum
520 498 680 527 Homiliatn
715 499 877 537 genuinam
902 497 1105 537 Chrysostomi
1133 499 1210 528 iuter
1236 498 1335 527 Dubia
1366 498 1518 533 retulerit,
1554 497 1668 526 nedum
1697 497 1774 526 inter

242 547 347 585 Spnria
362 548 409 583 Af).

280 611 373 640 Porro
389 611 419 639 in
431 610 608 640 deliniendis
625 610 810 648 temporibus
825 617 854 639 et
869 610 949 647 locis,
969 611 1080 650 quibus
1095 612 1163 641 libri
1180 613 1304 651 quique,
1328 613 1458 651 epistola‘
1473 620 1502 641 et
1517 612 1649 641 homilia?
1662 612 1776 649 scriptae

242 667 293 689 aut
306 660 506 698 pronuntiatae
515 660 650 693 suerunt,
660 666 688 687 et
699 660 729 687 in
740 660 812 688 serie
824 660 988 688 multarum
998 659 1206 689 constituenda
1218 667 1270 689 aut
1279 660 1486 699 chronologica
1496 667 1548 688 aut
1556 670 1620 698 qua?
1632 670 1666 688 ex
1675 669 1775 687 rerum

244 715 435 737 tractatarum
454 708 649 737 continuitate
663 707 800 746 pendeat.
816 708 855 736 ita
870 714 1002 736 versatus
1014 714 1068 741 est,
1097 714 1131 736 ut
1145 707 1285 736 doctrinae
1298 717 1423 746 magnae,
1454 707 1690 746 prudentissimae
1703 717 1776 734 cau-

245 757 332 785 tionis
352 764 381 786 et
394 757 542 786 acuminis
556 755 645 785 seticis
669 757 828 794 specimina
840 756 953 794 ubique
964 755 1116 784 luculenta
1127 762 1299 793 appareant.
1318 755 1455 793 Denique
1464 755 1561 783 verbis
1571 753 1773 792 Chrysostomi

242 805 437 834 emendandis
454 813 482 834 et
505 804 701 841 inveniendae,
725 812 873 843 quantum
889 810 996 843 posset,
1022 804 1158 842 genuinae
1174 804 1275 832 sormae
1295 804 1480 839 orationum,
1505 803 1616 842 quibus
1638 801 1667 830 S.
1692 801 1778 830 Pater

240 856 321 880 aurei
337 855 639 892 oriseognomentum
656 854 779 881 meritus
793 859 846 887 est,
860 860 922 881 tam
935 851 1081 880 industrie
1093 852 1248 890 providere
1258 858 1407 889 coeperant
1416 850 1613 887 Benedictini,
1627 856 1662 879 ut
1674 856 1778 888 praeter

241 908 421 939 apparatum
437 902 593 930 Frontonis
608 900 709 929 Ducaei
725 907 753 929 et
766 900 881 935 Savilii,
901 899 1037 938 amplum
1053 898 1150 928 hercle
1164 907 1192 927 et
1204 899 1370 937 copiosum,
1388 899 1441 938 ipsi
1454 898 1521 938 plus
1534 908 1626 937 quam
1636 903 1780 926 trecentos

242 948 355 978 codices
367 949 540 978 evolverent
553 956 581 977 et
596 960 665 977 cuin
683 948 768 977 editis
781 947 958 977 conferrent.
972 947 1057 982 (Vide
1070 947 1185 975 Prfesat.
1205 947 1220 983 §
1234 946 1278 985 3.)

281 1013 387 1042 Tantis
400 1013 520 1042 dotibus
531 1014 707 1042 instructam
733 1013 896 1042 editionem
921 1012 1051 1041 dubium
1069 1023 1128 1041 non
1152 1019 1215 1041 erat
1234 1013 1307 1050 quin
1324 1013 1376 1051 qui
1401 1012 1618 1050 delepetendis
1641 1012 1781 1051 operibus

248 1060 278 1088 S.
297 1061 498 1100 Chrysostomi
513 1061 634 1090 consilia
651 1061 776 1095 inibant,
789 1060 945 1089 Savilianae
964 1062 1104 1093 omnibus
1119 1065 1264 1103 suffragiis
1277 1071 1371 1093 essent
1385 1064 1546 1102 praelaturi.
1564 1064 1723 1093 Decretum
1738 1071 1781 1092 est

244 1110 334 1149 igitur
357 1118 391 1139 ut
404 1110 612 1139 Montfauconi
623 1121 696 1149 opus
709 1111 859 1149 integrum
872 1111 1003 1140 maxima
1019 1123 1090 1140 cura
1103 1113 1180 1151 typis
1192 1119 1386 1151 repeteretur,
1410 1113 1547 1141 correctis
1570 1111 1722 1140 erroribus
1739 1118 1781 1150 ty-

249 1158 432 1197 pograpliicis
455 1165 484 1187 et
500 1158 576 1194 aliis,
598 1158 689 1187 sicubi
711 1157 1016 1196 deprehenderentur,
1035 1159 1219 1198 negligentia*
1243 1159 1384 1197 lapsibus,
1410 1159 1518 1187 additis
1540 1165 1640 1187 autem
1657 1159 1692 1187 iis
1716 1169 1781 1197 qua‘

245 1207 320 1235 Bene
332 1207 428 1234 limini
439 1207 494 1244 ipsi
507 1207 651 1244 recepturi
667 1205 753 1235 fuisse
768 1205 952 1241 viderentur,
968 1207 991 1235 si
1010 1207 1071 1244 jam
1086 1214 1151 1235 tum
1167 1207 1328 1235 novissent.
1341 1205 1399 1234 Sed
1414 1206 1443 1233 in
1460 1205 1648 1244 exsequendo
1663 1206 1781 1244 incepto

242 1258 331 1283 tantm
346 1254 564 1292 amplitudinis,
578 1253 644 1282 licet
653 1253 818 1282 commodis
828 1253 856 1281 S.
868 1253 998 1282 Ecclesiae
1010 1254 1146 1292 gnaviter
1156 1252 1334 1281 inserviendi
1344 1253 1530 1291 propositum
1540 1252 1672 1281 librarios
1685 1263 1783 1291 prom-

243 1312 286 1331 tos
302 1302 476 1331 reddidisset
488 1301 524 1330 ad
545 1308 664 1330 sumtus
693 1301 741 1330 vel
756 1302 900 1330 maximos
913 1300 985 1330 huic
1006 1301 1087 1339 operi
1099 1299 1327 1338 impendendos,
1350 1299 1407 1328 hoc
1425 1306 1525 1328 tamen
1541 1299 1781 1338 prospiciendum

240 1359 303 1379 erat
315 1357 349 1379 ut
363 1357 461 1379 totum
480 1357 577 1388 posset
588 1349 713 1383 absolvi,
729 1359 788 1378 neu
802 1349 1008 1378 deficientibus
1029 1348 1191 1387 aliquando
1202 1347 1316 1377 viribus
1338 1347 1395 1376 tela
1415 1358 1480 1376 orsa
1494 1354 1563 1376 ante
1587 1348 1747 1376 terminum
1766 1358 1783 1376 e

243 1399 381 1427 manibus
397 1405 468 1427 esset
488 1398 675 1426 dimittenda.
694 1397 767 1434 Qnae
787 1408 830 1426 res
845 1408 882 1426 ne
897 1398 1059 1435 ingrueret,
1075 1396 1131 1425 hoc
1147 1406 1209 1425 uno
1230 1394 1322 1423 modo
1340 1395 1498 1424 videbatur
1513 1405 1597 1433 posse
1615 1395 1730 1424 caveri:
1748 1401 1782 1424 ut

240 1447 389 1474 alacritate
397 1445 546 1474 editorum
558 1452 770 1484 provocaretur
782 1452 933 1474 enitorum
944 1444 1087 1473 alacritas.
1101 1442 1180 1472 Nam
1192 1454 1268 1481 opus
1279 1454 1332 1481 per
1343 1443 1469 1482 longum
1478 1450 1595 1481 tempus
1603 1449 1781 1478 extractum,

244 1501 276 1522 ut
290 1494 395 1522 editori
406 1494 533 1532 speciem
546 1493 645 1522 induit
658 1493 823 1531 languoris,
836 1494 876 1521 ita
891 1499 1035 1521 emtor-em
1053 1491 1150 1520 reddit
1163 1490 1343 1529 languidum
1358 1498 1385 1519 et
1401 1490 1577 1519 dilatorem:
1594 1502 1699 1520 verum
1712 1490 1782 1520 ubi-

244 1552 374 1580 cumque
390 1552 453 1580 spes
470 1548 513 1571 est
522 1541 586 1570 fore
598 1548 631 1570 ut
642 1541 720 1570 intra
731 1551 841 1580 pancos
854 1550 947 1570 annos
963 1539 1137 1579 amplissimi
1153 1540 1249 1578 operis
1264 1549 1335 1568 usus
1351 1538 1517 1577 praeheatur
1534 1538 1617 1568 nulla
1644 1550 1678 1568 ex
1698 1546 1782 1577 parte

279 1715 314 1746 (*)
335 1714 374 1738 Ab
388 1713 467 1738 altera
481 1717 557 1747 parte
572 1713 627 1737 viro
638 1712 849 1747 praestantissimo
861 1712 983 1737 accidisse
995 1711 1114 1742 videtur,
1131 1717 1159 1736 nt
1173 1710 1296 1736 Homiliis
1310 1710 1470 1745 quibusdam
1481 1710 1557 1745 justat·
1576 1711 1719 1746 suspicioni
1735 1712 1784 1736 ob-

246 1757 331 1781 noxiis
352 1756 465 1781 nimium
485 1756 509 1780 in
525 1755 637 1781 modum
651 1756 808 1790 pepercerit.
822 1755 906 1781 Velut
921 1755 947 1780 in
962 1755 1085 1781 Hominis
1099 1756 1131 1779 de
1151 1755 1254 1779 Lazaro
1270 1764 1291 1780 s.
1307 1757 1333 1779 in
1351 1754 1440 1778 Terra»
1452 1761 1557 1783 motum,
1568 1763 1634 1789 quas
1646 1764 1672 1780 se
1688 1755 1784 1788 hiulcaA

243 1800 357 1823 antehac
372 1801 530 1823 instaurasse
544 1798 606 1824 dicit
619 1799 730 1831 (Praesat.
747 1799 760 1832 S
778 1799 838 1830 IV),
854 1798 1031 1832 fragmentum
1045 1799 1110 1824 illud
1124 1807 1180 1833 pag.
1197 1797 1250 1832 955
1263 1807 1320 1833 sqq.
1336 1807 1407 1823 novoe
1421 1798 1546 1823 editionis
1558 1798 1614 1824 sine
1626 1798 1710 1823 dubio
1720 1808 1786 1833 pan-

246 1851 295 1867 nus
308 1847 348 1868 est
361 1851 392 1867 ex
406 1842 573 1877 superiorum
591 1842 766 1867 homiliarum
788 1841 851 1866 locis
864 1848 1000 1874 consutus,
1015 1847 1041 1867 et
1058 1851 1148 1868 versus
1163 1842 1242 1867 finem
1263 1841 1406 1876 praesertim
1421 1841 1519 1875 spuriis
1533 1841 1625 1866 multis
1640 1841 1785 1877 interpola-

245 1891 302 1915 tus;
316 1885 395 1919 cujus
413 1885 451 1910 rei
465 1884 624 1910 documenta
638 1893 721 1919 panca
742 1893 773 1910 ex
791 1884 880 1910 multis
897 1884 951 1909 haec
971 1890 1051 1910 sunto
1069 1897 1073 1910 z
1088 1895 1115 1920 p.
1130 1885 1191 1921 786,
1213 1886 1244 1916 E,
1259 1886 1345 1910 Paulo
1361 1884 1452 1910 tribuit
1467 1893 1525 1919 quae
1539 1884 1572 1910 de
1586 1885 1668 1909 Petro
1683 1885 1783 1914 valent,

244 1928 391 1962 cujusmodi
402 1928 625 1963 permutationem
636 1928 734 1954 horum
743 1928 924 1962 apostolorum
935 1928 1006 1962 apud
1018 1929 1237 1963 Clirysostnmum
1250 1940 1303 1955 uon
1316 1929 1415 1955 offendi
1428 1930 1519 1964 quovis
1528 1930 1636 1964 pignore
1648 1929 1786 1957 contendi.

246 1981 313 1997 mus.
323 1971 383 2006 Pag.
396 1970 457 2006 785,
474 1971 505 2003 C,
518 1972 555 2002 D,
569 1976 694 2006 repetens
706 1971 928 1996 discrimeninter
935 1971 1014 1996 λαὲεῖν
1026 1977 1052 1998 et
1066 1973 1204 2004 ἀπολαέεῖν,
1219 1973 1293 2009 quod
1304 1974 1510 2007 Chrysostomus
1523 1980 1679 2008 exposuerat
1689 1983 1714 2008 p.
1732 1977 1780 2008 74¹

246 2024 315 2049 sqq„
326 2014 441 2050 plurima
457 2015 546 2049 inepta
560 2014 808 2047 intermiscet.Quae
823 2014 1028 2049 Chrysostomns
1042 2026 1101 2050 pag.
1113 2026 1173 2053 720,
1187 2018 1217 2048 E,
1229 2018 1299 2044 serio
1311 2017 1430 2051 dixerat,
1446 2017 1537 2046 εἱκύνες
1555 2018 1675 2049 ἀπέλειχον
1687 2017 1783 2050 (Laza-

248 2061 327 2091 rum)
398 2060 469 2088 οὕτως
481 2058 507 2086 ἦν
520 2059 681 2088 ἐξησθενηκὼς,
692 2060 722 2087 ὡς
736 2056 795 2092 μηδὲ
806 2059 857 2086 τοὺς
865 2059 933 2086 κύνας
948 2059 1093 2087 &acccc-Bw:
1105 2059 1230 2092 δύνασθαι,
1243 2061 1278 2087 ita
1287 2061 1387 2087 distant
1399 2070 1412 2086 a
1429 2060 1489 2086 lusu
1503 2061 1630 2094 anonymi
1646 2069 1703 2095 pag.
1720 2070 1782 2095 779,

253 2102 284 2134 Ε,
299 2105 337 2127 τοῦ
353 2102 470 2136 ἀνθρώπου
482 2102 501 2126 οἱ
513 2103 576 2130 κύνες
591 2102 848 2136 φιλανθρωπότεροι
862 2102 945 2132 {lsi-[pv
961 2102 1030 2127 αὐτοῦ
1045 2103 1075 2128 τὰ
1090 2106 1215 2138 τραύματα
1226 2104 1266 2129 καὶ
1277 2103 1394 2131 σηπεδόνα
1406 2104 1537 2138 περιῄρουν,
1551 2110 1580 2129 ut
1595 2113 1679 2129 unum
1694 2104 1783 2129 virum

249 2149 396 2178 ntrumque
409 2145 498 2170 locum
519 2144 651 2179 scripsisse
667 2153 747 2169 nemo
760 2144 809 2169 sibi
824 2143 990 2178 persuadeat.
1005 2145 1033 2169 P.
1047 2145 1108 2181 780,
1123 2147 1155 2179 C,
1170 2148 1253 2181 longa}
1267 2146 1371 2181 periodi
1384 2147 1479 2172 seriem
1496 2147 1635 2181 abrumpit
1651 2154 1676 2172 et
1691 2147 1784 2173 inter-

248 2188 346 2218 turbat,
357 2188 436 2223 plane
448 2188 566 2213 diversus
579 2197 594 2213 a
609 2196 684 2213 more
699 2187 895 2222 Chrysostomi,
909 2188 1018 2222 quando
1028 2190 1071 2215 hic
1084 2191 1111 2216 in
1128 2200 1222 2226 magna
1233 2190 1428 2216 sententiarum
1447 2189 1614 2216 affluentium
1627 2191 1701 2225 copia
1715 2187 1782 2217 initii

247 2232 346 2257 oblitus
362 2233 411 2258 alia
428 2242 458 2258 ex
470 2232 527 2257 aliis
539 2233 612 2257 serit.
633 2231 694 2266 Pag.
711 2231 772 2266 738,
787 2232 817 2260 C,
832 2232 902 2256 πάλιν
918 2232 956 2257 ἐὰν
969 2230 1019 2265 ἴδῃς
1091 2233 1272 2268 superioribus
1285 2242 1415 2268 perquam
1428 2233 1543 2259 absurde
1567 2234 1781 2269 subjunguntur.

250 2275 361 2301 Omittit
381 2275 449 2300 lianc
471 2275 622 2301 orationem
643 2276 721 2299 etiam
741 2274 884 2309 catalogus
900 2277 1083 2308 Augustanus
1099 2288 1112 2300 «
1129 2277 1174 2302 sed
1192 2282 1292 2307 tamen,
1312 2288 1324 2300 υ
1340 2277 1427 2311 inquit
1442 2277 1564 2307 Savitius,
1580 2278 1685 2311 «γνησία
1701 2283 1741 2304 est
1754 2289 1780 2307 ».

248 2320 358 2344 sortasse
378 2319 412 2344 ob
433 2319 521 2344 Photii
540 2321 578 2354 (p.
603 2319 665 2350 856)
682 2318 866 2344 testimonium
885 2318 919 2343 ita
932 2318 1063 2352 judicans.
1084 2319 1181 2355 Neque
1195 2320 1303 2354 majoris
1315 2320 1395 2355 pretii
1408 2325 1471 2346 sunt
1485 2321 1670 2355 supplementa
1684 2321 1782 2356 spuriae

250 2363 376 2388 Homiliae
396 2362 429 2387 de
447 2363 592 2391 Abraham,
606 2363 683 2398 cnjus
702 2362 810 2387 initium
825 2371 856 2387 ex
872 2361 999 2388 Vaticana
1012 2363 1127 2389 Homilia
1142 2363 1245 2389 decima
1260 2370 1379 2390 sumtum
1392 2373 1446 2389 esse
1459 2364 1639 2397 cognovimus.
1656 2365 1693 2389 De
1707 2365 1780 2390 novis

254 2408 446 2442 supplementis
460 2407 518 2432 vide
531 2407 601 2432 dicta
610 2407 661 2433 vol.
680 2415 761 2441 ¹2,p.
775 2405 835 2441 457.
860 2406 977 2432 Homilia
999 2406 1033 2432 de
1056 2406 1136 2432 Petro
1158 2414 1183 2432 et
1206 2408 1277 2437 Elia,
1297 2408 1396 2433 volum.
1422 2416 1437 2433 ⁴2
1459 2416 1486 2441 p.
1509 2407 1580 2442 730,
1608 2407 1672 2433 item
1691 2409 1781 2442 spuria

253 2459 305 2483 est,
344 2451 416 2486 quod
436 2451 587 2476 evidentius
611 2456 722 2485 apparet
744 2460 775 2476 ex
798 2451 926 2477 Vaticana
949 2451 1045 2484 prima,
1059 2460 1111 2485 qna
1132 2460 1194 2477 usus
1210 2456 1249 2476 est
1268 2451 1337 2476 illius
1355 2451 1479 2485 scriptor.
1498 2451 1654 2476 Orationem
1674 2450 1709 2476 de
1731 2452 1779 2477 Ca-

250 2495 338 2525 ritate,
353 2494 404 2519 vol.
418 2496 443 2524 6,
459 2503 486 2528 p.
502 2493 564 2527 ¹187,
577 2495 690 2519 maxima
703 2498 779 2527 parte
792 2494 1001 2519 consarcinatam
1012 2503 1067 2519 esse
1080 2503 1111 2519 ex
1125 2495 1186 2520 locis
1207 2495 1472 2520 Commentariorum
1494 2495 1521 2519 in
1538 2494 1668 2528 Epistolas
1687 2494 1778 2525 Pauli,

248 2539 280 2563 ad
300 2539 407 2571 Eclogas
420 2537 626 2562 observavimus.
649 2536 747 2570 Spuria
770 2537 834 2562 item
851 2541 890 2561 est
909 2536 990 2562 Hom.
1013 2537 1046 2563 ‹le
1059 2537 1231 2568 Paenitentia,
1249 2538 1302 2563 vol.
1329 2537 1368 2566 ιδ,
1390 2547 1416 2572 p.
1443 2547 1500 2572 ¹97·
1523 2538 1580 2562 Alia
1603 2538 1699 2572 passim
1718 2537 1778 2563 bre-

248 2584 316 2609 viter
332 2582 547 2618 significavimus,
567 2582 592 2607 ia
611 2582 796 2607 voluminibus
825 2587 884 2616 post
910 2581 1064 2608 incendium
1084 2581 1216 2616 repetitis,
1237 2588 1262 2606 ιιι
1277 2582 1310 2606 tle
1334 2582 1398 2606 Non
1419 2581 1676 2606 anathematizandis
1699 2583 1777 2613 vivis,

249 2628 298 2653 voli
322 2636 342 2656 ι,
354 2636 379 2661 p.
392 2627 452 2661 691.
