<?xml version="1.0" encoding="UTF-8"?>
<!DOCTYPE html PUBLIC "-//W3C//DTD XHTML 1.0 Transitional//EN"
    "http://www.w3.org/TR/xhtml1/DTD/xhtml1-transitional.dtd">
<html xmlns="http://www.w3.org/1999/xhtml" xml:lang="en" lang="en">
 <head>
  <title>
</title>
<meta http-equiv="Content-Type" content="text/html;charset=utf-8" />
  <meta name='ocr-system' content='tesseract 3.04.00' />
  <meta name='ocr-capabilities' content='ocr_page ocr_carea ocr_par ocr_line ocrx_word'/>
</head>
<body>
  <div class='ocr_page' id='page_1' title='image "./operaomniaquaeex13johnuoft_0215.png"; bbox 0 0 1910 2907; ppageno 0'>
   <div class='ocr_carea' id='block_1_1' title="bbox 10 261 895 2514">
    <p class='ocr_par' dir='ltr' id='par_1_1' title="bbox 10 261 895 2514">
     <span class='ocr_line' id='line_1_1' title="bbox 156 261 892 300; baseline -0.001 -11"><span class='ocrx_word' id='word_1_1' title='bbox 156 261 213 297; x_wconf 90' lang='lat' dir='ltr'>dii,</span> <span class='ocrx_word' id='word_1_2' title='bbox 228 261 324 299; x_wconf 87' lang='lat' dir='ltr'>inquit,</span> <span class='ocrx_word' id='word_1_3' title='bbox 341 261 488 300; x_wconf 78' lang='lat' dir='ltr'>presbyteri</span> <span class='ocrx_word' id='word_1_4' title='bbox 503 261 630 295; x_wconf 77' lang='lat' dir='ltr'>famulus,</span> <span class='ocrx_word' id='word_1_5' title='bbox 647 261 849 299; x_wconf 75' lang='lat' dir='ltr'>quinquaginta,</span> <span class='ocrx_word' id='word_1_6' title='bbox 864 267 892 288; x_wconf 91' lang='lat' dir='ltr'>ut</span> 
     </span>
     <span class='ocr_line' id='line_1_2' title="bbox 156 307 895 344; baseline 0 -9"><span class='ocrx_word' id='word_1_7' title='bbox 156 308 246 343; x_wconf 86' lang='lat' dir='ltr'>aiunt,</span> <span class='ocrx_word' id='word_1_8' title='bbox 264 307 351 336; x_wconf 85' lang='lat' dir='ltr'>aureis</span> <span class='ocrx_word' id='word_1_9' title='bbox 365 308 523 344; x_wconf 84' lang='lat' dir='ltr'>conductus,</span> <span class='ocrx_word' id='word_1_10' title='bbox 543 315 571 337; x_wconf 83' lang='lat' dir='ltr'>ut</span> <span class='ocrx_word' id='word_1_11' title='bbox 586 309 614 337; x_wconf 76' lang='grc'>5.</span> <span class='ocrx_word' id='word_1_12' title='bbox 630 309 758 337; x_wconf 86' lang='lat' dir='ltr'>Joannem</span> <span class='ocrx_word' id='word_1_13' title='bbox 773 308 836 336; x_wconf 88' lang='lat' dir='ltr'>dolo</span> <span class='ocrx_word' id='word_1_14' title='bbox 853 307 895 335; x_wconf 86' lang='lat' dir='ltr'>in·-</span> 
     </span>
     <span class='ocr_line' id='line_1_3' title="bbox 155 353 894 393; baseline 0.003 -13"><span class='ocrx_word' id='word_1_15' title='bbox 155 353 296 388; x_wconf 83' lang='lat' dir='ltr'>terliceret,</span> <span class='ocrx_word' id='word_1_16' title='bbox 314 364 374 382; x_wconf 84' lang='lat' dir='ltr'>eum</span> <span class='ocrx_word' id='word_1_17' title='bbox 387 354 566 393; x_wconf 82' lang='lat' dir='ltr'>deprehensns</span> <span class='ocrx_word' id='word_1_18' title='bbox 581 362 647 383; x_wconf 79' lang='lat' dir='ltr'>esset</span> <span class='ocrx_word' id='word_1_19' title='bbox 664 362 715 383; x_wconf 81' lang='lat' dir='ltr'>tres</span> <span class='ocrx_word' id='word_1_20' title='bbox 730 354 833 391; x_wconf 73' lang='lat' dir='ltr'>gladios</span> <span class='ocrx_word' id='word_1_21' title='bbox 844 354 894 382; x_wconf 85' lang='lat' dir='ltr'>ha—</span> 
     </span>
     <span class='ocr_line' id='line_1_4' title="bbox 154 398 894 440; baseline 0.001 -13"><span class='ocrx_word' id='word_1_22' title='bbox 154 398 225 435; x_wconf 84' lang='lat' dir='ltr'>bere,</span> <span class='ocrx_word' id='word_1_23' title='bbox 235 407 335 439; x_wconf 81' lang='lat' dir='ltr'>septem</span> <span class='ocrx_word' id='word_1_24' title='bbox 343 411 377 429; x_wconf 71' lang='lat' dir='ltr'>ex</span> <span class='ocrx_word' id='word_1_25' title='bbox 388 401 421 429; x_wconf 88' lang='lat' dir='ltr'>iis</span> <span class='ocrx_word' id='word_1_26' title='bbox 432 401 476 438; x_wconf 89' lang='lat' dir='ltr'>qui</span> <span class='ocrx_word' id='word_1_27' title='bbox 488 401 822 440; x_wconf 85' lang='lat' dir='ltr'>ipsumapprehenderant,</span> <span class='ocrx_word' id='word_1_28' title='bbox 831 411 894 439; x_wconf 92' lang='lat' dir='ltr'>per-</span> 
     </span>
     <span class='ocr_line' id='line_1_5' title="bbox 18 445 891 485; baseline 0.002 -13"><span class='ocrx_word' id='word_1_29' title='bbox 18 448 103 469; x_wconf 73' lang='lat' dir='ltr'>Pattad.</span> <span class='ocrx_word' id='word_1_30' title='bbox 119 455 141 476; x_wconf 87' lang='lat' dir='ltr'>p.</span> <span class='ocrx_word' id='word_1_31' title='bbox 156 445 238 473; x_wconf 89' lang='lat' dir='ltr'>cussit</span> <span class='ocrx_word' id='word_1_32' title='bbox 261 458 267 473; x_wconf 92' lang='lat'>:</span> <span class='ocrx_word' id='word_1_33' title='bbox 289 457 403 484; x_wconf 84' lang='lat' dir='ltr'>quorum</span> <span class='ocrx_word' id='word_1_34' title='bbox 423 454 537 485; x_wconf 82' lang='lat' dir='ltr'>quatuor</span> <span class='ocrx_word' id='word_1_35' title='bbox 555 447 680 475; x_wconf 89' lang='lat' dir='ltr'>continuo</span> <span class='ocrx_word' id='word_1_36' title='bbox 701 446 799 485; x_wconf 88' lang='lat' dir='ltr'>sepulti</span> <span class='ocrx_word' id='word_1_37' title='bbox 820 453 891 482; x_wconf 88' lang='lat' dir='ltr'>suut,</span> 
     </span>
     <span class='ocr_line' id='line_1_6' title="bbox 13 486 893 532; baseline 0 -12"><span class='ocrx_word' id='word_1_38' title='bbox 13 486 57 509; x_wconf 40' lang='lat'>‘97&#39;</span> <span class='ocrx_word' id='word_1_39' title='bbox 156 498 208 520; x_wconf 79' lang='lat' dir='ltr'>tres</span> <span class='ocrx_word' id='word_1_40' title='bbox 229 503 292 521; x_wconf 82' lang='lat' dir='ltr'>vero</span> <span class='ocrx_word' id='word_1_41' title='bbox 315 493 361 520; x_wconf 83' lang='lat' dir='ltr'>alii</span> <span class='ocrx_word' id='word_1_42' title='bbox 381 499 442 532; x_wconf 85' lang='lat' dir='ltr'>post</span> <span class='ocrx_word' id='word_1_43' title='bbox 464 493 622 521; x_wconf 77' lang='lat' dir='ltr'>diuturnam</span> <span class='ocrx_word' id='word_1_44' title='bbox 643 492 805 520; x_wconf 83' lang='lat' dir='ltr'>curationem</span> <span class='ocrx_word' id='word_1_45' title='bbox 826 492 893 520; x_wconf 71' lang='lat' dir='ltr'>salvi</span> 
     </span>
     <span class='ocr_line' id='line_1_7' title="bbox 155 549 271 567; baseline 0.009 -1"><span class='ocrx_word' id='word_1_46' title='bbox 155 549 271 567; x_wconf 74' lang='lat' dir='ltr'>evasere.</span> 
     </span>
     <span class='ocr_line' id='line_1_8' title="bbox 12 584 892 624; baseline 0 -12"><span class='ocrx_word' id='word_1_47' title='bbox 12 601 145 623; x_wconf 71' lang='lat' dir='ltr'>¹tet»sJo³n-</span> <span class='ocrx_word' id='word_1_48' title='bbox 194 584 244 613; x_wconf 86' lang='lat' dir='ltr'>His</span> <span class='ocrx_word' id='word_1_49' title='bbox 260 585 423 624; x_wconf 74' lang='lat' dir='ltr'><strong>conspectis,</strong></span> <span class='ocrx_word' id='word_1_50' title='bbox 438 585 484 623; x_wconf 85' lang='lat' dir='ltr'>qui</span> <span class='ocrx_word' id='word_1_51' title='bbox 504 585 676 613; x_wconf 75' lang='lat' dir='ltr'>ferventiores</span> <span class='ocrx_word' id='word_1_52' title='bbox 694 591 768 613; x_wconf 86' lang='lat' dir='ltr'>erant</span> <span class='ocrx_word' id='word_1_53' title='bbox 786 595 819 612; x_wconf 76' lang='lat' dir='ltr'>ex</span> <span class='ocrx_word' id='word_1_54' title='bbox 835 584 892 623; x_wconf 86' lang='lat' dir='ltr'>ple-</span> 
     </span>
     <span class='ocr_line' id='line_1_9' title="bbox 18 629 892 670; baseline 0 -12"><span class='ocrx_word' id='word_1_55' title='bbox 18 634 25 654; x_wconf 81' lang='grc' dir='ltr'>ἰ</span> <span class='ocrx_word' id='word_1_56' title='bbox 56 634 142 654; x_wconf 73' lang='lat' dir='ltr'>addicta</span> <span class='ocrx_word' id='word_1_57' title='bbox 155 629 198 665; x_wconf 84' lang='lat' dir='ltr'>be,</span> <span class='ocrx_word' id='word_1_58' title='bbox 215 632 345 660; x_wconf 71' lang='lat' dir='ltr'>,Ioannem</span> <span class='ocrx_word' id='word_1_59' title='bbox 365 631 498 659; x_wconf 83' lang='lat' dir='ltr'>custodire</span> <span class='ocrx_word' id='word_1_60' title='bbox 514 638 663 670; x_wconf 85' lang='lat' dir='ltr'>coeperunt,</span> <span class='ocrx_word' id='word_1_61' title='bbox 678 637 757 659; x_wconf 85' lang='lat' dir='ltr'>noctu</span> <span class='ocrx_word' id='word_1_62' title='bbox 772 637 797 659; x_wconf 86' lang='lat' dir='ltr'>et</span> <span class='ocrx_word' id='word_1_63' title='bbox 812 630 892 658; x_wconf 86' lang='lat' dir='ltr'>inter-</span> 
     </span>
     <span class='ocr_line' id='line_1_10' title="bbox 13 672 893 716; baseline 0 -11"><span class='ocrx_word' id='word_1_64' title='bbox 13 672 79 716; x_wconf 48' lang='lat'>,332¹</span> <span class='ocrx_word' id='word_1_65' title='bbox 103 673 144 685; x_wconf 65' lang='grc' dir='ltr'>ω’</span> <span class='ocrx_word' id='word_1_66' title='bbox 154 676 202 704; x_wconf 89' lang='lat' dir='ltr'>diu</span> <span class='ocrx_word' id='word_1_67' title='bbox 222 677 331 705; x_wconf 79' lang='lat' dir='ltr'>alternis</span> <span class='ocrx_word' id='word_1_68' title='bbox 352 677 458 705; x_wconf 80' lang='lat' dir='ltr'>vicibus</span> <span class='ocrx_word' id='word_1_69' title='bbox 481 677 643 716; x_wconf 78' lang='lat' dir='ltr'>episcopales</span> <span class='ocrx_word' id='word_1_70' title='bbox 665 677 734 705; x_wconf 78' lang='lat' dir='ltr'>aedes</span> <span class='ocrx_word' id='word_1_71' title='bbox 755 677 893 705; x_wconf 64' lang='lat' dir='ltr'>circuinsin</span> 
     </span>
     <span class='ocr_line' id='line_1_11' title="bbox 24 723 890 762; baseline 0 -11"><span class='ocrx_word' id='word_1_72' title='bbox 24 732 74 752; x_wconf 75' lang='lat'>⁵02.</span> <span class='ocrx_word' id='word_1_73' title='bbox 86 731 102 752; x_wconf 90' lang='lat' dir='ltr'>l.</span> <span class='ocrx_word' id='word_1_74' title='bbox 117 730 140 752; x_wconf 92' lang='lat'>8.</span> <span class='ocrx_word' id='word_1_75' title='bbox 153 723 253 753; x_wconf 89' lang='lat' dir='ltr'>dentes.</span> <span class='ocrx_word' id='word_1_76' title='bbox 273 724 336 752; x_wconf 79' lang='lat' dir='ltr'>Haec</span> <span class='ocrx_word' id='word_1_77' title='bbox 356 734 409 753; x_wconf 92' lang='lat' dir='ltr'>non</span> <span class='ocrx_word' id='word_1_78' title='bbox 428 735 503 762; x_wconf 63' lang='lat' dir='ltr'>{equo</span> <span class='ocrx_word' id='word_1_79' title='bbox 524 725 613 752; x_wconf 86' lang='lat' dir='ltr'>animo</span> <span class='ocrx_word' id='word_1_80' title='bbox 633 724 744 752; x_wconf 83' lang='lat' dir='ltr'>serentes</span> <span class='ocrx_word' id='word_1_81' title='bbox 762 723 890 762; x_wconf 80' lang='lat' dir='ltr'>episcopi,</span> 
     </span>
     <span class='ocr_line' id='line_1_12' title="bbox 13 769 892 809; baseline -0.003 -9"><span class='ocrx_word' id='word_1_82' title='bbox 13 769 68 784; x_wconf 77' lang='lat'>‘²²&#39;</span> <span class='ocrx_word' id='word_1_83' title='bbox 153 771 200 809; x_wconf 88' lang='lat' dir='ltr'>qui</span> <span class='ocrx_word' id='word_1_84' title='bbox 223 778 314 800; x_wconf 87' lang='lat' dir='ltr'>contra</span> <span class='ocrx_word' id='word_1_85' title='bbox 339 772 468 800; x_wconf 87' lang='lat' dir='ltr'>Joannem</span> <span class='ocrx_word' id='word_1_86' title='bbox 490 777 677 804; x_wconf 75' lang='lat' dir='ltr'>convenerant,</span> <span class='ocrx_word' id='word_1_87' title='bbox 704 769 892 798; x_wconf 84' lang='lat' dir='ltr'>ecclesiasticas</span> 
     </span>
     <span class='ocr_line' id='line_1_13' title="bbox 151 816 892 855; baseline -0.001 -10"><span class='ocrx_word' id='word_1_88' title='bbox 151 816 223 855; x_wconf 83' lang='lat' dir='ltr'>leges</span> <span class='ocrx_word' id='word_1_89' title='bbox 241 817 340 846; x_wconf 84' lang='lat' dir='ltr'>calcari</span> <span class='ocrx_word' id='word_1_90' title='bbox 361 824 563 855; x_wconf 78' lang='lat' dir='ltr'><strong>conquerentes,</strong></span> <span class='ocrx_word' id='word_1_91' title='bbox 589 816 622 844; x_wconf 90' lang='lat' dir='ltr'>de</span> <span class='ocrx_word' id='word_1_92' title='bbox 642 817 689 844; x_wconf 88' lang='lat' dir='ltr'>illo</span> <span class='ocrx_word' id='word_1_93' title='bbox 714 826 823 855; x_wconf 85' lang='lat' dir='ltr'>prorsus</span> <span class='ocrx_word' id='word_1_94' title='bbox 844 816 892 853; x_wconf 64' lang='lat' dir='ltr'>eii»</span> 
     </span>
     <span class='ocr_line' id='line_1_14' title="bbox 27 863 891 900; baseline -0.007 -3"><span class='ocrx_word' id='word_1_95' title='bbox 27 867 139 896; x_wconf 57' lang='lat' dir='ltr'>Cl&#39;Wsost.</span> <span class='ocrx_word' id='word_1_96' title='bbox 153 864 247 892; x_wconf 80' lang='lat' dir='ltr'>ciendo</span> <span class='ocrx_word' id='word_1_97' title='bbox 269 863 464 892; x_wconf 86' lang='lat' dir='ltr'>deliberabant.</span> <span class='ocrx_word' id='word_1_98' title='bbox 490 863 591 897; x_wconf 87' lang='lat' dir='ltr'>Quinto</span> <span class='ocrx_word' id='word_1_99' title='bbox 611 869 700 890; x_wconf 85' lang='lat' dir='ltr'>autem</span> <span class='ocrx_word' id='word_1_100' title='bbox 718 869 775 900; x_wconf 82' lang='lat' dir='ltr'>post</span> <span class='ocrx_word' id='word_1_101' title='bbox 798 863 891 891; x_wconf 89' lang='lat' dir='ltr'>Pente-</span> 
     </span>
     <span class='ocr_line' id='line_1_15' title="bbox 10 899 891 945; baseline 0 -7"><span class='ocrx_word' id='word_1_102' title='bbox 10 900 73 927; x_wconf 46' lang='lat' dir='ltr'>³¹¹5⁵L</span> <span class='ocrx_word' id='word_1_103' title='bbox 87 899 138 923; x_wconf 79' lang='lat'><strong>¹²⁵·</strong></span> <span class='ocrx_word' id='word_1_104' title='bbox 151 917 239 939; x_wconf 85' lang='lat' dir='ltr'>costen</span> <span class='ocrx_word' id='word_1_105' title='bbox 262 909 316 945; x_wconf 79' lang='lat' dir='ltr'>die,</span> <span class='ocrx_word' id='word_1_106' title='bbox 344 910 468 943; x_wconf 80' lang='lat' dir='ltr'>Aeacius,</span> <span class='ocrx_word' id='word_1_107' title='bbox 491 909 662 943; x_wconf 77' lang='lat' dir='ltr'>Severianus,</span> <span class='ocrx_word' id='word_1_108' title='bbox 685 908 831 937; x_wconf 75' lang='lat' dir='ltr'>Antiochus</span> <span class='ocrx_word' id='word_1_109' title='bbox 852 917 891 938; x_wconf 83' lang='lat' dir='ltr'>at—</span> 
     </span>
     <span class='ocr_line' id='line_1_16' title="bbox 150 953 891 995; baseline -0.001 -12"><span class='ocrx_word' id='word_1_110' title='bbox 150 966 203 994; x_wconf 84' lang='lat' dir='ltr'>que</span> <span class='ocrx_word' id='word_1_111' title='bbox 223 956 340 995; x_wconf 81' lang='lat' dir='ltr'>Cyrinus</span> <span class='ocrx_word' id='word_1_112' title='bbox 368 955 556 993; x_wconf 70' lang='lat' dir='ltr'>Imperatorem</span> <span class='ocrx_word' id='word_1_113' title='bbox 580 953 695 988; x_wconf 78' lang='lat' dir='ltr'>adeunt,</span> <span class='ocrx_word' id='word_1_114' title='bbox 720 953 891 982; x_wconf 84' lang='lat' dir='ltr'>adulatoriis-</span> 
     </span>
     <span class='ocr_line' id='line_1_17' title="bbox 149 1000 888 1040; baseline -0.001 -10"><span class='ocrx_word' id='word_1_115' title='bbox 149 1013 201 1040; x_wconf 91' lang='lat' dir='ltr'>que</span> <span class='ocrx_word' id='word_1_116' title='bbox 214 1012 244 1030; x_wconf 82' lang='lat' dir='ltr'>ac</span> <span class='ocrx_word' id='word_1_117' title='bbox 259 1001 353 1030; x_wconf 84' lang='lat' dir='ltr'>fucatis</span> <span class='ocrx_word' id='word_1_118' title='bbox 364 1000 509 1040; x_wconf 77' lang='lat' dir='ltr'>praemissis</span> <span class='ocrx_word' id='word_1_119' title='bbox 524 1000 623 1035; x_wconf 72' lang='lat' dir='ltr'>verbis,</span> <span class='ocrx_word' id='word_1_120' title='bbox 637 1007 743 1038; x_wconf 83' lang='lat' dir='ltr'>rogant,</span> <span class='ocrx_word' id='word_1_121' title='bbox 760 1001 888 1029; x_wconf 83' lang='lat' dir='ltr'>Joannem</span> 
     </span>
     <span class='ocr_line' id='line_1_18' title="bbox 148 1046 889 1087; baseline -0.001 -11"><span class='ocrx_word' id='word_1_122' title='bbox 148 1048 280 1087; x_wconf 83' lang='lat' dir='ltr'>episeopis</span> <span class='ocrx_word' id='word_1_123' title='bbox 306 1047 522 1086; x_wconf 69' lang='lat' dir='ltr'>presbyterisque</span> <span class='ocrx_word' id='word_1_124' title='bbox 544 1057 669 1085; x_wconf 84' lang='lat' dir='ltr'>perosum</span> <span class='ocrx_word' id='word_1_125' title='bbox 698 1046 757 1085; x_wconf 84' lang='lat' dir='ltr'>ejici</span> <span class='ocrx_word' id='word_1_126' title='bbox 779 1046 889 1085; x_wconf 85' lang='lat' dir='ltr'>jubeat,</span> 
     </span>
     <span class='ocr_line' id='line_1_19' title="bbox 149 1092 889 1133; baseline -0.004 -10"><span class='ocrx_word' id='word_1_127' title='bbox 149 1095 221 1133; x_wconf 88' lang='lat' dir='ltr'>quod</span> <span class='ocrx_word' id='word_1_128' title='bbox 239 1095 296 1133; x_wconf 82' lang='lat' dir='ltr'>jam</span> <span class='ocrx_word' id='word_1_129' title='bbox 314 1094 438 1122; x_wconf 79' lang='lat' dir='ltr'>dixerant</span> <span class='ocrx_word' id='word_1_130' title='bbox 460 1093 612 1128; x_wconf 79' lang='lat' dir='ltr'>efferentes,</span> <span class='ocrx_word' id='word_1_131' title='bbox 632 1102 736 1130; x_wconf 83' lang='lat' dir='ltr'>nempe,</span> <span class='ocrx_word' id='word_1_132' title='bbox 759 1092 784 1120; x_wconf 92' lang='lat' dir='ltr'>in</span> <span class='ocrx_word' id='word_1_133' title='bbox 808 1100 889 1132; x_wconf 83' lang='lat' dir='ltr'>caput</span> 
     </span>
     <span class='ocr_line' id='line_1_20' title="bbox 149 1138 887 1177; baseline 0 -9"><span class='ocrx_word' id='word_1_134' title='bbox 149 1151 228 1169; x_wconf 89' lang='lat' dir='ltr'>suum</span> <span class='ocrx_word' id='word_1_135' title='bbox 243 1140 299 1168; x_wconf 85' lang='lat' dir='ltr'>fore</span> <span class='ocrx_word' id='word_1_136' title='bbox 311 1139 422 1169; x_wconf 70' lang='lat' dir='ltr'>,loannis</span> <span class='ocrx_word' id='word_1_137' title='bbox 434 1138 636 1177; x_wconf 81' lang='lat' dir='ltr'>depositionem,</span> <span class='ocrx_word' id='word_1_138' title='bbox 651 1138 673 1166; x_wconf 90' lang='lat' dir='ltr'>si</span> <span class='ocrx_word' id='word_1_139' title='bbox 687 1149 780 1177; x_wconf 82' lang='lat' dir='ltr'>nempe</span> <span class='ocrx_word' id='word_1_140' title='bbox 791 1139 887 1177; x_wconf 80' lang='lat' dir='ltr'>injusta</span> 
     </span>
     <span class='ocr_line' id='line_1_21' title="bbox 148 1184 888 1225; baseline -0.001 -10"><span class='ocrx_word' id='word_1_141' title='bbox 148 1193 226 1217; x_wconf 80' lang='lat' dir='ltr'>esset,</span> <span class='ocrx_word' id='word_1_142' title='bbox 242 1186 290 1214; x_wconf 78' lang='lat' dir='ltr'>llis</span> <span class='ocrx_word' id='word_1_143' title='bbox 301 1196 335 1214; x_wconf 81' lang='lat' dir='ltr'>ex</span> <span class='ocrx_word' id='word_1_144' title='bbox 351 1185 476 1213; x_wconf 78' lang='lat' dir='ltr'>facilitate</span> <span class='ocrx_word' id='word_1_145' title='bbox 489 1185 568 1212; x_wconf 84' lang='lat' dir='ltr'>nimia</span> <span class='ocrx_word' id='word_1_146' title='bbox 584 1184 666 1212; x_wconf 85' lang='lat' dir='ltr'>fidem</span> <span class='ocrx_word' id='word_1_147' title='bbox 681 1184 780 1213; x_wconf 86' lang='lat' dir='ltr'>habens</span> <span class='ocrx_word' id='word_1_148' title='bbox 795 1185 888 1225; x_wconf 78' lang='lat' dir='ltr'>liupe—</span> 
     </span>
     <span class='ocr_line' id='line_1_22' title="bbox 147 1230 888 1270; baseline -0.001 -9"><span class='ocrx_word' id='word_1_149' title='bbox 147 1239 230 1268; x_wconf 82' lang='lat' dir='ltr'>rator,</span> <span class='ocrx_word' id='word_1_150' title='bbox 248 1233 361 1260; x_wconf 76' lang='lat' dir='ltr'>instante</span> <span class='ocrx_word' id='word_1_151' title='bbox 377 1241 481 1270; x_wconf 88' lang='lat' dir='ltr'>quoque</span> <span class='ocrx_word' id='word_1_152' title='bbox 500 1230 624 1259; x_wconf 69' lang='lat' dir='ltr'>Eudoxia</span> <span class='ocrx_word' id='word_1_153' title='bbox 646 1234 777 1269; x_wconf 78' lang='lat' dir='ltr'>Angusta,</span> <span class='ocrx_word' id='word_1_154' title='bbox 800 1233 888 1260; x_wconf 87' lang='lat' dir='ltr'>Patri-</span> 
     </span>
     <span class='ocr_line' id='line_1_23' title="bbox 148 1277 886 1315; baseline -0.001 -8"><span class='ocrx_word' id='word_1_155' title='bbox 148 1279 220 1307; x_wconf 89' lang='lat' dir='ltr'>cium</span> <span class='ocrx_word' id='word_1_156' title='bbox 236 1279 378 1307; x_wconf 74' lang='lat' dir='ltr'>Notarium</span> <span class='ocrx_word' id='word_1_157' title='bbox 393 1277 476 1313; x_wconf 71' lang='lat' dir='ltr'>misit,</span> <span class='ocrx_word' id='word_1_158' title='bbox 493 1277 538 1315; x_wconf 89' lang='lat' dir='ltr'>qui</span> <span class='ocrx_word' id='word_1_159' title='bbox 555 1277 612 1304; x_wconf 71' lang='lat' dir='ltr'>haec</span> <span class='ocrx_word' id='word_1_160' title='bbox 624 1277 719 1305; x_wconf 87' lang='lat' dir='ltr'>Joanni</span> <span class='ocrx_word' id='word_1_161' title='bbox 736 1277 886 1315; x_wconf 76' lang='lat' dir='ltr'>nuntiaret,</span> 
     </span>
     <span class='ocr_line' id='line_1_24' title="bbox 147 1322 886 1363; baseline -0.003 -10"><span class='ocrx_word' id='word_1_162' title='bbox 147 1336 243 1363; x_wconf 84' lang='lat' dir='ltr'>nempe</span> <span class='ocrx_word' id='word_1_163' title='bbox 258 1325 397 1358; x_wconf 75' lang='lat' dir='ltr'>Acacium,</span> <span class='ocrx_word' id='word_1_164' title='bbox 415 1323 591 1358; x_wconf 80' lang='lat' dir='ltr'>Antiochum,</span> <span class='ocrx_word' id='word_1_165' title='bbox 603 1322 776 1351; x_wconf 71' lang='lat' dir='ltr'>Severianum</span> <span class='ocrx_word' id='word_1_166' title='bbox 793 1330 817 1351; x_wconf 89' lang='lat' dir='ltr'>et</span> <span class='ocrx_word' id='word_1_167' title='bbox 832 1324 886 1362; x_wconf 82' lang='lat' dir='ltr'>Cy-</span> 
     </span>
     <span class='ocr_line' id='line_1_25' title="bbox 147 1369 885 1409; baseline 0 -11"><span class='ocrx_word' id='word_1_168' title='bbox 147 1371 236 1399; x_wconf 88' lang='lat' dir='ltr'>rinum</span> <span class='ocrx_word' id='word_1_169' title='bbox 251 1370 443 1409; x_wconf 81' lang='lat' dir='ltr'>depositionem</span> <span class='ocrx_word' id='word_1_170' title='bbox 455 1369 539 1408; x_wconf 83' lang='lat' dir='ltr'>ipsius</span> <span class='ocrx_word' id='word_1_171' title='bbox 550 1369 659 1398; x_wconf 72' lang='lat' dir='ltr'>,loannis</span> <span class='ocrx_word' id='word_1_172' title='bbox 673 1369 698 1396; x_wconf 90' lang='lat' dir='ltr'>in</span> <span class='ocrx_word' id='word_1_173' title='bbox 713 1377 791 1407; x_wconf 76' lang='lat' dir='ltr'>caput</span> <span class='ocrx_word' id='word_1_174' title='bbox 807 1380 885 1398; x_wconf 88' lang='lat' dir='ltr'>suum</span> 
     </span>
     <span class='ocr_line' id='line_1_26' title="bbox 146 1415 885 1456; baseline -0.001 -11"><span class='ocrx_word' id='word_1_175' title='bbox 146 1416 288 1456; x_wconf 84' lang='lat' dir='ltr'>conjecisse</span> <span class='ocrx_word' id='word_1_176' title='bbox 296 1428 302 1447; x_wconf 87' lang='lat'>:</span> <span class='ocrx_word' id='word_1_177' title='bbox 310 1423 473 1454; x_wconf 80' lang='lat' dir='ltr'>quapropter</span> <span class='ocrx_word' id='word_1_178' title='bbox 485 1426 512 1443; x_wconf 88' lang='lat' dir='ltr'>se</span> <span class='ocrx_word' id='word_1_179' title='bbox 521 1416 576 1443; x_wconf 88' lang='lat' dir='ltr'>Deo</span> <span class='ocrx_word' id='word_1_180' title='bbox 585 1415 781 1451; x_wconf 81' lang='lat' dir='ltr'>commendans,</span> <span class='ocrx_word' id='word_1_181' title='bbox 794 1415 885 1444; x_wconf 80' lang='lat' dir='ltr'>Eccle-</span> 
     </span>
     <span class='ocr_line' id='line_1_27' title="bbox 145 1461 885 1500; baseline 0 -10"><span class='ocrx_word' id='word_1_182' title='bbox 145 1462 183 1490; x_wconf 87' lang='lat' dir='ltr'>sia</span> <span class='ocrx_word' id='word_1_183' title='bbox 200 1462 346 1490; x_wconf 77' lang='lat' dir='ltr'>excederet.</span> <span class='ocrx_word' id='word_1_184' title='bbox 360 1462 434 1490; x_wconf 85' lang='lat' dir='ltr'>Tum</span> <span class='ocrx_word' id='word_1_185' title='bbox 448 1463 562 1491; x_wconf 77' lang='lat' dir='ltr'>,Ioannes</span> <span class='ocrx_word' id='word_1_186' title='bbox 573 1461 704 1500; x_wconf 78' lang='lat' dir='ltr'>episcopis</span> <span class='ocrx_word' id='word_1_187' title='bbox 714 1462 758 1499; x_wconf 93' lang='lat' dir='ltr'>qui</span> <span class='ocrx_word' id='word_1_188' title='bbox 775 1462 885 1490; x_wconf 86' lang='lat' dir='ltr'>aderant</span> 
     </span>
     <span class='ocr_line' id='line_1_28' title="bbox 145 1507 883 1547; baseline 0 -11"><span class='ocrx_word' id='word_1_189' title='bbox 145 1508 217 1537; x_wconf 76' lang='lat' dir='ltr'>dixit</span> <span class='ocrx_word' id='word_1_190' title='bbox 231 1521 237 1536; x_wconf 91' lang='lat'>:</span> <span class='ocrx_word' id='word_1_191' title='bbox 249 1508 346 1538; x_wconf 78' lang='lat' dir='ltr'>Venite</span> <span class='ocrx_word' id='word_1_192' title='bbox 359 1518 511 1547; x_wconf 80' lang='lat' dir='ltr'>precemur,</span> <span class='ocrx_word' id='word_1_193' title='bbox 525 1514 549 1535; x_wconf 89' lang='lat' dir='ltr'>et</span> <span class='ocrx_word' id='word_1_194' title='bbox 564 1507 658 1545; x_wconf 79' lang='lat' dir='ltr'>angelo</span> <span class='ocrx_word' id='word_1_195' title='bbox 671 1507 796 1535; x_wconf 62' lang='lat' dir='ltr'>Ecclesiae</span> <span class='ocrx_word' id='word_1_196' title='bbox 808 1508 883 1536; x_wconf 78' lang='lat' dir='ltr'>vale-</span> 
     </span>
     <span class='ocr_line' id='line_1_29' title="bbox 144 1553 884 1592; baseline 0.001 -10"><span class='ocrx_word' id='word_1_197' title='bbox 144 1553 279 1588; x_wconf 86' lang='lat' dir='ltr'>dicamus;</span> <span class='ocrx_word' id='word_1_198' title='bbox 299 1554 377 1582; x_wconf 64' lang='lat' dir='ltr'>laetus</span> <span class='ocrx_word' id='word_1_199' title='bbox 396 1553 505 1592; x_wconf 84' lang='lat' dir='ltr'>quidem</span> <span class='ocrx_word' id='word_1_200' title='bbox 520 1553 555 1581; x_wconf 83' lang='lat' dir='ltr'>ob</span> <span class='ocrx_word' id='word_1_201' title='bbox 570 1564 717 1587; x_wconf 79' lang='lat' dir='ltr'>aerumnas,</span> <span class='ocrx_word' id='word_1_202' title='bbox 732 1554 777 1582; x_wconf 88' lang='lat' dir='ltr'>scd</span> <span class='ocrx_word' id='word_1_203' title='bbox 792 1553 884 1583; x_wconf 86' lang='lat' dir='ltr'>dolens</span> 
     </span>
     <span class='ocr_line' id='line_1_30' title="bbox 144 1598 884 1639; baseline 0 -11"><span class='ocrx_word' id='word_1_204' title='bbox 144 1600 178 1628; x_wconf 88' lang='lat' dir='ltr'>de</span> <span class='ocrx_word' id='word_1_205' title='bbox 193 1600 286 1639; x_wconf 87' lang='lat' dir='ltr'>populi</span> <span class='ocrx_word' id='word_1_206' title='bbox 304 1610 424 1628; x_wconf 82' lang='lat' dir='ltr'>moerore.</span> <span class='ocrx_word' id='word_1_207' title='bbox 439 1600 519 1628; x_wconf 89' lang='lat' dir='ltr'>Tune</span> <span class='ocrx_word' id='word_1_208' title='bbox 535 1609 597 1628; x_wconf 86' lang='lat' dir='ltr'>vero</span> <span class='ocrx_word' id='word_1_209' title='bbox 618 1598 727 1637; x_wconf 87' lang='lat' dir='ltr'>quidam</span> <span class='ocrx_word' id='word_1_210' title='bbox 743 1610 775 1627; x_wconf 78' lang='lat' dir='ltr'>ex</span> <span class='ocrx_word' id='word_1_211' title='bbox 792 1610 884 1638; x_wconf 75' lang='lat' dir='ltr'>proce-</span> 
     </span>
     <span class='ocr_line' id='line_1_31' title="bbox 145 1645 882 1684; baseline 0.001 -11"><span class='ocrx_word' id='word_1_212' title='bbox 145 1646 236 1682; x_wconf 81' lang='lat' dir='ltr'>ribus,</span> <span class='ocrx_word' id='word_1_213' title='bbox 258 1645 300 1674; x_wconf 88' lang='lat' dir='ltr'>vir</span> <span class='ocrx_word' id='word_1_214' title='bbox 321 1645 438 1684; x_wconf 82' lang='lat' dir='ltr'>probus,</span> <span class='ocrx_word' id='word_1_215' title='bbox 457 1647 585 1675; x_wconf 83' lang='lat' dir='ltr'>Joannem</span> <span class='ocrx_word' id='word_1_216' title='bbox 601 1645 705 1674; x_wconf 86' lang='lat' dir='ltr'>monuit</span> <span class='ocrx_word' id='word_1_217' title='bbox 726 1657 732 1672; x_wconf 84' lang='lat'>:</span> <span class='ocrx_word' id='word_1_218' title='bbox 750 1647 882 1681; x_wconf 83' lang='lat' dir='ltr'>Lucium,</span> 
     </span>
     <span class='ocr_line' id='line_1_32' title="bbox 144 1692 883 1731; baseline 0 -11"><span class='ocrx_word' id='word_1_219' title='bbox 144 1692 271 1721; x_wconf 82' lang='lat' dir='ltr'>audacem</span> <span class='ocrx_word' id='word_1_220' title='bbox 285 1693 382 1729; x_wconf 84' lang='lat' dir='ltr'>virum,</span> <span class='ocrx_word' id='word_1_221' title='bbox 398 1703 458 1720; x_wconf 88' lang='lat' dir='ltr'>cum</span> <span class='ocrx_word' id='word_1_222' title='bbox 474 1692 606 1720; x_wconf 89' lang='lat' dir='ltr'>militibus</span> <span class='ocrx_word' id='word_1_223' title='bbox 618 1692 644 1720; x_wconf 86' lang='lat' dir='ltr'>in</span> <span class='ocrx_word' id='word_1_224' title='bbox 657 1699 764 1731; x_wconf 89' lang='lat' dir='ltr'>promtu</span> <span class='ocrx_word' id='word_1_225' title='bbox 777 1703 844 1730; x_wconf 82' lang='lat' dir='ltr'>esse,</span> <span class='ocrx_word' id='word_1_226' title='bbox 855 1700 883 1721; x_wconf 91' lang='lat' dir='ltr'>ut</span> 
     </span>
     <span class='ocr_line' id='line_1_33' title="bbox 144 1738 884 1778; baseline 0.001 -11"><span class='ocrx_word' id='word_1_227' title='bbox 144 1739 166 1766; x_wconf 85' lang='lat' dir='ltr'>si</span> <span class='ocrx_word' id='word_1_228' title='bbox 182 1739 374 1767; x_wconf 81' lang='lat' dir='ltr'>contradiceret</span> <span class='ocrx_word' id='word_1_229' title='bbox 391 1738 432 1767; x_wconf 86' lang='lat' dir='ltr'>vel</span> <span class='ocrx_word' id='word_1_230' title='bbox 450 1738 585 1774; x_wconf 79' lang='lat' dir='ltr'>differret,</span> <span class='ocrx_word' id='word_1_231' title='bbox 604 1738 649 1766; x_wconf 85' lang='lat' dir='ltr'>ille</span> <span class='ocrx_word' id='word_1_232' title='bbox 664 1739 752 1778; x_wconf 87' lang='lat' dir='ltr'>ipsum</span> <span class='ocrx_word' id='word_1_233' title='bbox 768 1739 884 1768; x_wconf 88' lang='lat' dir='ltr'>traheret</span> 
     </span>
     <span class='ocr_line' id='line_1_34' title="bbox 145 1784 882 1825; baseline 0.001 -13"><span class='ocrx_word' id='word_1_234' title='bbox 145 1791 224 1822; x_wconf 86' lang='lat' dir='ltr'>atque</span> <span class='ocrx_word' id='word_1_235' title='bbox 237 1785 394 1824; x_wconf 85' lang='lat' dir='ltr'>expelleret;</span> <span class='ocrx_word' id='word_1_236' title='bbox 409 1795 438 1812; x_wconf 90' lang='lat' dir='ltr'>ac</span> <span class='ocrx_word' id='word_1_237' title='bbox 453 1784 607 1825; x_wconf 18' lang='lat' dir='ltr'>periculum*</span> <span class='ocrx_word' id='word_1_238' title='bbox 617 1795 689 1821; x_wconf 83' lang='lat' dir='ltr'>esse,</span> <span class='ocrx_word' id='word_1_239' title='bbox 705 1795 737 1812; x_wconf 92' lang='lat' dir='ltr'>ne</span> <span class='ocrx_word' id='word_1_240' title='bbox 750 1792 882 1814; x_wconf 85' lang='lat' dir='ltr'>commota</span> 
     </span>
     <span class='ocr_line' id='line_1_35' title="bbox 145 1830 883 1869; baseline 0.004 -12"><span class='ocrx_word' id='word_1_241' title='bbox 145 1831 219 1869; x_wconf 84' lang='lat' dir='ltr'>plebs</span> <span class='ocrx_word' id='word_1_242' title='bbox 233 1841 294 1859; x_wconf 88' lang='lat' dir='ltr'>cum</span> <span class='ocrx_word' id='word_1_243' title='bbox 308 1830 440 1859; x_wconf 84' lang='lat' dir='ltr'>militibus</span> <span class='ocrx_word' id='word_1_244' title='bbox 456 1840 574 1869; x_wconf 83' lang='lat' dir='ltr'>pugnam</span> <span class='ocrx_word' id='word_1_245' title='bbox 597 1832 783 1859; x_wconf 88' lang='lat' dir='ltr'>committeret.</span> <span class='ocrx_word' id='word_1_246' title='bbox 804 1831 883 1860; x_wconf 88' lang='lat' dir='ltr'>Tunc</span> 
     </span>
     <span class='ocr_line' id='line_1_36' title="bbox 144 1876 883 1916; baseline 0 -10"><span class='ocrx_word' id='word_1_247' title='bbox 144 1878 259 1906; x_wconf 85' lang='lat' dir='ltr'>Joannes</span> <span class='ocrx_word' id='word_1_248' title='bbox 273 1887 333 1905; x_wconf 90' lang='lat' dir='ltr'>cum</span> <span class='ocrx_word' id='word_1_249' title='bbox 347 1876 475 1915; x_wconf 79' lang='lat' dir='ltr'>lacrymis</span> <span class='ocrx_word' id='word_1_250' title='bbox 489 1876 592 1914; x_wconf 76' lang='lat' dir='ltr'>aliquot</span> <span class='ocrx_word' id='word_1_251' title='bbox 609 1887 643 1905; x_wconf 84' lang='lat' dir='ltr'>ex</span> <span class='ocrx_word' id='word_1_252' title='bbox 660 1877 789 1916; x_wconf 80' lang='lat' dir='ltr'>episcopis</span> <span class='ocrx_word' id='word_1_253' title='bbox 808 1888 883 1906; x_wconf 77' lang='lat' dir='ltr'>oscu-</span> 
     </span>
     <span class='ocr_line' id='line_1_37' title="bbox 143 1922 882 1961; baseline 0.003 -11"><span class='ocrx_word' id='word_1_254' title='bbox 143 1923 224 1958; x_wconf 81' lang='lat' dir='ltr'>latus,</span> <span class='ocrx_word' id='word_1_255' title='bbox 237 1922 354 1960; x_wconf 89' lang='lat' dir='ltr'>reliquos</span> <span class='ocrx_word' id='word_1_256' title='bbox 368 1923 437 1950; x_wconf 89' lang='lat' dir='ltr'>enim</span> <span class='ocrx_word' id='word_1_257' title='bbox 454 1922 567 1950; x_wconf 84' lang='lat' dir='ltr'>osculari</span> <span class='ocrx_word' id='word_1_258' title='bbox 583 1932 634 1950; x_wconf 89' lang='lat' dir='ltr'>non</span> <span class='ocrx_word' id='word_1_259' title='bbox 652 1923 821 1961; x_wconf 86' lang='lat' dir='ltr'>permittebat</span> <span class='ocrx_word' id='word_1_260' title='bbox 833 1923 882 1952; x_wconf 91' lang='lat' dir='ltr'>do-</span> 
     </span>
     <span class='ocr_line' id='line_1_38' title="bbox 143 1967 880 2005; baseline 0 -8"><span class='ocrx_word' id='word_1_261' title='bbox 143 1968 196 2005; x_wconf 87' lang='lat' dir='ltr'>lor,</span> <span class='ocrx_word' id='word_1_262' title='bbox 216 1968 317 1997; x_wconf 81' lang='lat' dir='ltr'>caeteris</span> <span class='ocrx_word' id='word_1_263' title='bbox 330 1968 401 1996; x_wconf 87' lang='lat' dir='ltr'>intus</span> <span class='ocrx_word' id='word_1_264' title='bbox 421 1967 447 1996; x_wconf 88' lang='lat' dir='ltr'>in</span> <span class='ocrx_word' id='word_1_265' title='bbox 463 1968 578 1996; x_wconf 81' lang='lat' dir='ltr'>sacrario</span> <span class='ocrx_word' id='word_1_266' title='bbox 593 1967 722 1996; x_wconf 81' lang='lat' dir='ltr'>valedixit</span> <span class='ocrx_word' id='word_1_267' title='bbox 739 1979 745 1996; x_wconf 76' lang='grc' dir='ltr'><strong><em>ε</em></strong></span> <span class='ocrx_word' id='word_1_268' title='bbox 763 1970 880 2005; x_wconf 70' lang='lat' dir='ltr'>Manem,</span> 
     </span>
     <span class='ocr_line' id='line_1_39' title="bbox 143 2012 880 2053; baseline 0 -10"><span class='ocrx_word' id='word_1_269' title='bbox 143 2015 276 2053; x_wconf 87' lang='lat' dir='ltr'>inquiens,</span> <span class='ocrx_word' id='word_1_270' title='bbox 292 2014 338 2042; x_wconf 83' lang='lat' dir='ltr'>hic</span> <span class='ocrx_word' id='word_1_271' title='bbox 352 2013 474 2048; x_wconf 81' lang='lat' dir='ltr'>interim,</span> <span class='ocrx_word' id='word_1_272' title='bbox 488 2020 516 2041; x_wconf 95' lang='grc' dir='ltr'>ιιι</span> <span class='ocrx_word' id='word_1_273' title='bbox 532 2012 666 2041; x_wconf 86' lang='lat' dir='ltr'>modicum</span> <span class='ocrx_word' id='word_1_274' title='bbox 681 2014 823 2051; x_wconf 82' lang='lat' dir='ltr'>quiescam.</span> <span class='ocrx_word' id='word_1_275' title='bbox 840 2015 880 2043; x_wconf 83' lang='lat' dir='ltr'>In·</span> 
     </span>
     <span class='ocr_line' id='line_1_40' title="bbox 144 2059 882 2099; baseline 0 -10"><span class='ocrx_word' id='word_1_276' title='bbox 144 2071 248 2099; x_wconf 81' lang='lat' dir='ltr'>gressus</span> <span class='ocrx_word' id='word_1_277' title='bbox 263 2067 352 2088; x_wconf 88' lang='lat' dir='ltr'>autem</span> <span class='ocrx_word' id='word_1_278' title='bbox 367 2059 393 2088; x_wconf 90' lang='lat' dir='ltr'>in</span> <span class='ocrx_word' id='word_1_279' title='bbox 408 2059 609 2099; x_wconf 85' lang='lat' dir='ltr'>baptisterium,</span> <span class='ocrx_word' id='word_1_280' title='bbox 626 2059 817 2098; x_wconf 79' lang='lat' dir='ltr'>Olympiadem</span> <span class='ocrx_word' id='word_1_281' title='bbox 836 2072 882 2089; x_wconf 73' lang='lat' dir='ltr'>vo-</span> 
     </span>
     <span class='ocr_line' id='line_1_41' title="bbox 144 2105 881 2145; baseline 0 -10"><span class='ocrx_word' id='word_1_282' title='bbox 144 2114 196 2143; x_wconf 80' lang='lat' dir='ltr'>cat,</span> <span class='ocrx_word' id='word_1_283' title='bbox 212 2118 270 2145; x_wconf 80' lang='lat' dir='ltr'>quae</span> <span class='ocrx_word' id='word_1_284' title='bbox 293 2107 327 2134; x_wconf 86' lang='lat' dir='ltr'>ab</span> <span class='ocrx_word' id='word_1_285' title='bbox 347 2107 466 2135; x_wconf 86' lang='lat' dir='ltr'>Ecclesia</span> <span class='ocrx_word' id='word_1_286' title='bbox 491 2116 542 2134; x_wconf 88' lang='lat' dir='ltr'>non</span> <span class='ocrx_word' id='word_1_287' title='bbox 562 2105 727 2140; x_wconf 82' lang='lat' dir='ltr'>discedebat,</span> <span class='ocrx_word' id='word_1_288' title='bbox 749 2106 881 2144; x_wconf 80' lang='lat' dir='ltr'>etiamque</span> 
     </span>
     <span class='ocr_line' id='line_1_42' title="bbox 143 2151 881 2188; baseline 0.001 -7"><span class='ocrx_word' id='word_1_289' title='bbox 143 2153 300 2181; x_wconf 85' lang='lat' dir='ltr'>Pentadiam</span> <span class='ocrx_word' id='word_1_290' title='bbox 311 2159 335 2180; x_wconf 90' lang='lat' dir='ltr'>et</span> <span class='ocrx_word' id='word_1_291' title='bbox 346 2152 469 2180; x_wconf 87' lang='lat' dir='ltr'>Proclam</span> <span class='ocrx_word' id='word_1_292' title='bbox 482 2151 652 2188; x_wconf 81' lang='lat' dir='ltr'>diaconissas,</span> <span class='ocrx_word' id='word_1_293' title='bbox 662 2152 793 2181; x_wconf 77' lang='lat' dir='ltr'>Silvinam</span> <span class='ocrx_word' id='word_1_294' title='bbox 802 2154 881 2182; x_wconf 86' lang='lat' dir='ltr'>etiam</span> 
     </span>
     <span class='ocr_line' id='line_1_43' title="bbox 143 2197 880 2236; baseline 0.001 -10"><span class='ocrx_word' id='word_1_295' title='bbox 143 2199 174 2228; x_wconf 76' lang='lat' dir='ltr'>B.</span> <span class='ocrx_word' id='word_1_296' title='bbox 188 2198 309 2227; x_wconf 80' lang='lat' dir='ltr'>Nebridii</span> <span class='ocrx_word' id='word_1_297' title='bbox 324 2209 444 2234; x_wconf 75' lang='lat' dir='ltr'>uxorem,</span> <span class='ocrx_word' id='word_1_298' title='bbox 463 2209 521 2236; x_wconf 75' lang='lat' dir='ltr'>quae</span> <span class='ocrx_word' id='word_1_299' title='bbox 536 2197 694 2226; x_wconf 79' lang='lat' dir='ltr'>viduitatem</span> <span class='ocrx_word' id='word_1_300' title='bbox 710 2209 784 2226; x_wconf 87' lang='lat' dir='ltr'>suam</span> <span class='ocrx_word' id='word_1_301' title='bbox 801 2199 880 2227; x_wconf 82' lang='lat' dir='ltr'>hone-</span> 
     </span>
     <span class='ocr_line' id='line_1_44' title="bbox 142 2244 880 2283; baseline 0.001 -11"><span class='ocrx_word' id='word_1_302' title='bbox 142 2251 208 2272; x_wconf 89' lang='lat' dir='ltr'>state</span> <span class='ocrx_word' id='word_1_303' title='bbox 219 2255 249 2272; x_wconf 87' lang='lat' dir='ltr'>ae</span> <span class='ocrx_word' id='word_1_304' title='bbox 259 2244 386 2272; x_wconf 84' lang='lat' dir='ltr'>modestia</span> <span class='ocrx_word' id='word_1_305' title='bbox 401 2244 543 2272; x_wconf 77' lang='lat' dir='ltr'>decorabat</span> <span class='ocrx_word' id='word_1_306' title='bbox 555 2256 563 2281; x_wconf 78' lang='lat'><em>3</em></span> <span class='ocrx_word' id='word_1_307' title='bbox 577 2244 699 2282; x_wconf 83' lang='lat' dir='ltr'>ipsasque</span> <span class='ocrx_word' id='word_1_308' title='bbox 710 2245 747 2272; x_wconf 91' lang='lat' dir='ltr'>sic</span> <span class='ocrx_word' id='word_1_309' title='bbox 759 2245 880 2283; x_wconf 84' lang='lat' dir='ltr'>alloquu-</span> 
     </span>
     <span class='ocr_line' id='line_1_45' title="bbox 142 2289 880 2325; baseline 0.004 -8"><span class='ocrx_word' id='word_1_310' title='bbox 142 2297 184 2318; x_wconf 85' lang='lat' dir='ltr'>tus</span> <span class='ocrx_word' id='word_1_311' title='bbox 205 2297 243 2319; x_wconf 85' lang='lat' dir='ltr'>est</span> <span class='ocrx_word' id='word_1_312' title='bbox 263 2303 270 2318; x_wconf 71' lang='grc' dir='ltr'>ε</span> <span class='ocrx_word' id='word_1_313' title='bbox 285 2291 395 2324; x_wconf 74' lang='lat' dir='ltr'>Venite,</span> <span class='ocrx_word' id='word_1_314' title='bbox 410 2302 425 2318; x_wconf 90' lang='lat' dir='ltr'>o</span> <span class='ocrx_word' id='word_1_315' title='bbox 444 2290 520 2325; x_wconf 62' lang='lat' dir='ltr'>silice,</span> <span class='ocrx_word' id='word_1_316' title='bbox 536 2289 627 2318; x_wconf 85' lang='lat' dir='ltr'>audite</span> <span class='ocrx_word' id='word_1_317' title='bbox 643 2301 694 2318; x_wconf 87' lang='lat' dir='ltr'>mc.</span> <span class='ocrx_word' id='word_1_318' title='bbox 712 2292 778 2325; x_wconf 67' lang='lat' dir='ltr'>Qum</span> <span class='ocrx_word' id='word_1_319' title='bbox 789 2291 823 2319; x_wconf 88' lang='lat' dir='ltr'>ad</span> <span class='ocrx_word' id='word_1_320' title='bbox 839 2302 880 2320; x_wconf 89' lang='lat' dir='ltr'>me</span> 
     </span>
     <span class='ocr_line' id='line_1_46' title="bbox 141 2336 879 2373; baseline 0.001 -9"><span class='ocrx_word' id='word_1_321' title='bbox 141 2337 266 2371; x_wconf 81' lang='lat' dir='ltr'>attinent,</span> <span class='ocrx_word' id='word_1_322' title='bbox 285 2336 364 2364; x_wconf 87' lang='lat' dir='ltr'>finem</span> <span class='ocrx_word' id='word_1_323' title='bbox 385 2344 414 2364; x_wconf 91' lang='lat' dir='ltr'>ut</span> <span class='ocrx_word' id='word_1_324' title='bbox 434 2336 514 2364; x_wconf 87' lang='lat' dir='ltr'>video</span> <span class='ocrx_word' id='word_1_325' title='bbox 534 2336 647 2373; x_wconf 78' lang='lat' dir='ltr'>habent3</span> <span class='ocrx_word' id='word_1_326' title='bbox 665 2347 773 2364; x_wconf 82' lang='lat' dir='ltr'>cursum</span> <span class='ocrx_word' id='word_1_327' title='bbox 789 2347 879 2365; x_wconf 79' lang='lat' dir='ltr'>meniu</span> 
     </span>
     <span class='ocr_line' id='line_1_47' title="bbox 141 2382 879 2420; baseline -0.001 -10"><span class='ocrx_word' id='word_1_328' title='bbox 141 2383 340 2418; x_wconf 84' lang='lat' dir='ltr'>consummavi,</span> <span class='ocrx_word' id='word_1_329' title='bbox 359 2390 382 2410; x_wconf 90' lang='lat' dir='ltr'>et</span> <span class='ocrx_word' id='word_1_330' title='bbox 398 2383 465 2410; x_wconf 87' lang='lat' dir='ltr'>forte</span> <span class='ocrx_word' id='word_1_331' title='bbox 481 2382 584 2410; x_wconf 82' lang='lat' dir='ltr'>vultum</span> <span class='ocrx_word' id='word_1_332' title='bbox 601 2393 688 2410; x_wconf 78' lang='lat' dir='ltr'>meum</span> <span class='ocrx_word' id='word_1_333' title='bbox 701 2393 751 2410; x_wconf 86' lang='lat' dir='ltr'>non</span> <span class='ocrx_word' id='word_1_334' title='bbox 764 2382 879 2420; x_wconf 83' lang='lat' dir='ltr'>amplius</span> 
     </span>
     <span class='ocr_line' id='line_1_48' title="bbox 140 2428 877 2465; baseline -0.003 -7"><span class='ocrx_word' id='word_1_335' title='bbox 140 2428 276 2458; x_wconf 73' lang='lat' dir='ltr'>videbitis.</span> <span class='ocrx_word' id='word_1_336' title='bbox 296 2428 352 2456; x_wconf 72' lang='lat' dir='ltr'>Hoc</span> <span class='ocrx_word' id='word_1_337' title='bbox 373 2438 455 2456; x_wconf 89' lang='lat' dir='ltr'>unum</span> <span class='ocrx_word' id='word_1_338' title='bbox 473 2435 512 2456; x_wconf 81' lang='lat' dir='ltr'>cst</span> <span class='ocrx_word' id='word_1_339' title='bbox 532 2428 604 2465; x_wconf 89' lang='lat' dir='ltr'>quod</span> <span class='ocrx_word' id='word_1_340' title='bbox 627 2438 706 2465; x_wconf 83' lang='lat' dir='ltr'>rogo,</span> <span class='ocrx_word' id='word_1_341' title='bbox 722 2438 753 2455; x_wconf 82' lang='lat' dir='ltr'>ne</span> <span class='ocrx_word' id='word_1_342' title='bbox 770 2439 784 2455; x_wconf 85' lang='lat' dir='ltr'>a</span> <span class='ocrx_word' id='word_1_343' title='bbox 801 2428 877 2456; x_wconf 84' lang='lat' dir='ltr'>solita</span> 
     </span>
     <span class='ocr_line' id='line_1_49' title="bbox 141 2473 877 2514; baseline -0.004 -10"><span class='ocrx_word' id='word_1_344' title='bbox 141 2486 202 2514; x_wconf 73' lang='lat' dir='ltr'>erga</span> <span class='ocrx_word' id='word_1_345' title='bbox 217 2474 365 2504; x_wconf 72' lang='lat' dir='ltr'>Ecclesiam</span> <span class='ocrx_word' id='word_1_346' title='bbox 382 2473 566 2502; x_wconf 74' lang='lat' dir='ltr'>benevolentia</span> <span class='ocrx_word' id='word_1_347' title='bbox 586 2484 633 2502; x_wconf 69' lang='lat' dir='ltr'>vos</span> <span class='ocrx_word' id='word_1_348' title='bbox 653 2473 788 2509; x_wconf 75' lang='lat' dir='ltr'>avellatis,</span> <span class='ocrx_word' id='word_1_349' title='bbox 808 2481 833 2502; x_wconf 86' lang='lat' dir='ltr'>et</span> <span class='ocrx_word' id='word_1_350' title='bbox 849 2481 877 2501; x_wconf 91' lang='lat' dir='ltr'>ut</span> 
     </span>
    </p>
   </div>
   <div class='ocr_carea' id='block_1_2' title="bbox 0 590 18 2760">
    <p class='ocr_par' dir='ltr' id='par_1_2' title="bbox 0 590 18 2760">
     <span class='ocr_line' id='line_1_50' title="bbox 0 590 18 2760; baseline 0 0"><span class='ocrx_word' id='word_1_351' title='bbox 0 590 18 2760; x_wconf 95' lang='lat' dir='ltr'>       </span> 
     </span>
    </p>
   </div>
   <div class='ocr_carea' id='block_1_3' title="bbox 137 2520 876 2651">
    <p class='ocr_par' dir='ltr' id='par_1_3' title="bbox 137 2520 876 2651">
     <span class='ocr_line' id='line_1_51' title="bbox 139 2520 876 2559; baseline -0.003 -9"><span class='ocrx_word' id='word_1_352' title='bbox 139 2522 172 2558; x_wconf 85' lang='lat' dir='ltr'>ei,</span> <span class='ocrx_word' id='word_1_353' title='bbox 184 2521 231 2559; x_wconf 90' lang='lat' dir='ltr'>qui</span> <span class='ocrx_word' id='word_1_354' title='bbox 245 2521 355 2556; x_wconf 74' lang='lat' dir='ltr'>invitus,</span> <span class='ocrx_word' id='word_1_355' title='bbox 366 2531 412 2548; x_wconf 85' lang='lat' dir='ltr'>nee</span> <span class='ocrx_word' id='word_1_356' title='bbox 422 2520 552 2553; x_wconf 80' lang='lat' dir='ltr'>ambiens,</span> <span class='ocrx_word' id='word_1_357' title='bbox 564 2531 596 2548; x_wconf 81' lang='lat' dir='ltr'>ex</span> <span class='ocrx_word' id='word_1_358' title='bbox 608 2531 733 2548; x_wconf 87' lang='lat' dir='ltr'>consensu</span> <span class='ocrx_word' id='word_1_359' title='bbox 746 2521 876 2556; x_wconf 82' lang='lat' dir='ltr'>omnium,</span> 
     </span>
     <span class='ocr_line' id='line_1_52' title="bbox 137 2566 876 2601; baseline 0.001 -7"><span class='ocrx_word' id='word_1_360' title='bbox 137 2567 165 2596; x_wconf 90' lang='lat' dir='ltr'>in</span> <span class='ocrx_word' id='word_1_361' title='bbox 178 2567 246 2595; x_wconf 83' lang='lat' dir='ltr'>banc</span> <span class='ocrx_word' id='word_1_362' title='bbox 261 2566 350 2595; x_wconf 85' lang='lat' dir='ltr'>sedem</span> <span class='ocrx_word' id='word_1_363' title='bbox 365 2566 503 2594; x_wconf 79' lang='lat' dir='ltr'>ordinatus</span> <span class='ocrx_word' id='word_1_364' title='bbox 522 2573 546 2594; x_wconf 88' lang='lat' dir='ltr'>et</span> <span class='ocrx_word' id='word_1_365' title='bbox 563 2566 686 2595; x_wconf 84' lang='lat' dir='ltr'>inductus</span> <span class='ocrx_word' id='word_1_366' title='bbox 704 2567 793 2601; x_wconf 82' lang='lat' dir='ltr'>fuerit,</span> <span class='ocrx_word' id='word_1_367' title='bbox 810 2574 876 2595; x_wconf 85' lang='lat' dir='ltr'>tam-</span> 
     </span>
     <span class='ocr_line' id='line_1_53' title="bbox 138 2613 872 2651; baseline 0.003 -11"><span class='ocrx_word' id='word_1_368' title='bbox 138 2624 217 2650; x_wconf 79' lang='lat' dir='ltr'>quam</span> <span class='ocrx_word' id='word_1_369' title='bbox 242 2613 308 2641; x_wconf 89' lang='lat' dir='ltr'>mihi</span> <span class='ocrx_word' id='word_1_370' title='bbox 330 2613 425 2643; x_wconf 77' lang='lat' dir='ltr'>Joanni</span> <span class='ocrx_word' id='word_1_371' title='bbox 451 2619 530 2651; x_wconf 85' lang='lat' dir='ltr'>caput</span> <span class='ocrx_word' id='word_1_372' title='bbox 555 2620 673 2641; x_wconf 73' lang='lat' dir='ltr'>vestrum</span> <span class='ocrx_word' id='word_1_373' title='bbox 697 2614 872 2643; x_wconf 76' lang='lat' dir='ltr'>submittatis.</span> 
     </span>
    </p>
   </div>
   <div class='ocr_carea' id='block_1_4' title="bbox 707 199 952 221">
    <p class='ocr_par' dir='ltr' id='par_1_4' title="bbox 707 199 952 221">
     <span class='ocr_line' id='line_1_54' title="bbox 707 199 952 221; baseline 0 0"><span class='ocrx_word' id='word_1_374' title='bbox 707 199 796 221; x_wconf 67' lang='lat' dir='ltr'>NUNC</span> <span class='ocrx_word' id='word_1_375' title='bbox 823 199 952 221; x_wconf 72' lang='lat' dir='ltr'>l‘tttMtJM</span> 
     </span>
    </p>
   </div>
   <div class='ocr_carea' id='block_1_5' title="bbox 950 193 1691 348">
    <p class='ocr_par' dir='ltr' id='par_1_5' title="bbox 950 193 1691 348">
     <span class='ocr_line' id='line_1_55' title="bbox 1624 193 1687 226; baseline 0 0"><span class='ocrx_word' id='word_1_376' title='bbox 1624 193 1687 226; x_wconf 69' lang='lat'>18⁶3</span> 
     </span>
     <span class='ocr_line' id='line_1_56' title="bbox 950 262 1688 304; baseline 0.005 -14"><span class='ocrx_word' id='word_1_377' title='bbox 950 262 1009 290; x_wconf 86' lang='lat' dir='ltr'>Non</span> <span class='ocrx_word' id='word_1_378' title='bbox 1031 269 1114 301; x_wconf 85' lang='lat' dir='ltr'>potest</span> <span class='ocrx_word' id='word_1_379' title='bbox 1129 263 1199 291; x_wconf 87' lang='lat' dir='ltr'>cuim</span> <span class='ocrx_word' id='word_1_380' title='bbox 1216 262 1333 292; x_wconf 77' lang='lat' dir='ltr'>Ecclesia</span> <span class='ocrx_word' id='word_1_381' title='bbox 1349 274 1404 292; x_wconf 79' lang='lat' dir='ltr'>esse</span> <span class='ocrx_word' id='word_1_382' title='bbox 1421 263 1476 292; x_wconf 76' lang='lat' dir='ltr'>sinc</span> <span class='ocrx_word' id='word_1_383' title='bbox 1491 265 1625 304; x_wconf 84' lang='lat' dir='ltr'>episcopo.</span> <span class='ocrx_word' id='word_1_384' title='bbox 1648 267 1688 295; x_wconf 76' lang='lat' dir='ltr'>Ita</span> 
     </span>
     <span class='ocr_line' id='line_1_57' title="bbox 950 308 1691 348; baseline 0.009 -13"><span class='ocrx_word' id='word_1_385' title='bbox 950 308 1159 338; x_wconf 79' lang='lat' dir='ltr'>misericordiam</span> <span class='ocrx_word' id='word_1_386' title='bbox 1179 310 1376 348; x_wconf 85' lang='lat' dir='ltr'>consequemini</span> <span class='ocrx_word' id='word_1_387' title='bbox 1394 322 1399 337; x_wconf 92' lang='lat'>:</span> <span class='ocrx_word' id='word_1_388' title='bbox 1417 318 1442 338; x_wconf 87' lang='lat' dir='ltr'>et</span> <span class='ocrx_word' id='word_1_389' title='bbox 1461 322 1590 340; x_wconf 77' lang='lat' dir='ltr'>memores</span> <span class='ocrx_word' id='word_1_390' title='bbox 1609 320 1691 342; x_wconf 80' lang='lat' dir='ltr'>estote</span> 
     </span>
    </p>
   </div>
   <div class='ocr_carea' id='block_1_6' title="bbox 981 199 1176 223">
    <p class='ocr_par' dir='ltr' id='par_1_6' title="bbox 981 199 1176 223">
     <span class='ocr_line' id='line_1_58' title="bbox 981 199 1176 223; baseline 0.01 -2"><span class='ocrx_word' id='word_1_391' title='bbox 981 199 1158 222; x_wconf 53' lang='lat' dir='ltr'>ADOttNA&#39;ttt</span> <span class='ocrx_word' id='word_1_392' title='bbox 1169 216 1176 223; x_wconf 86' lang='lat'>.</span> 
     </span>
    </p>
   </div>
   <div class='ocr_carea' id='block_1_7' title="bbox 945 355 1734 813">
    <p class='ocr_par' dir='ltr' id='par_1_7' title="bbox 945 355 1734 813">
     <span class='ocr_line' id='line_1_59' title="bbox 950 355 1689 398; baseline 0.007 -16"><span class='ocrx_word' id='word_1_393' title='bbox 950 355 1000 382; x_wconf 90' lang='lat' dir='ltr'>mei</span> <span class='ocrx_word' id='word_1_394' title='bbox 1014 356 1040 383; x_wconf 95' lang='lat' dir='ltr'>in</span> <span class='ocrx_word' id='word_1_395' title='bbox 1054 356 1218 385; x_wconf 86' lang='lat' dir='ltr'>orationibus</span> <span class='ocrx_word' id='word_1_396' title='bbox 1232 357 1335 385; x_wconf 74' lang='lat' dir='ltr'>vestris.</span> <span class='ocrx_word' id='word_1_397' title='bbox 1351 357 1409 385; x_wconf 77' lang='lat' dir='ltr'>Illae</span> <span class='ocrx_word' id='word_1_398' title='bbox 1418 368 1480 385; x_wconf 80' lang='lat' dir='ltr'>vero</span> <span class='ocrx_word' id='word_1_399' title='bbox 1494 357 1620 397; x_wconf 65' lang='lat' dir='ltr'>lacrymis</span> <span class='ocrx_word' id='word_1_400' title='bbox 1631 370 1689 398; x_wconf 86' lang='lat' dir='ltr'>per-</span> 
     </span>
     <span class='ocr_line' id='line_1_60' title="bbox 949 400 1690 442; baseline 0.008 -15"><span class='ocrx_word' id='word_1_401' title='bbox 949 400 1024 435; x_wconf 65' lang='lat' dir='ltr'>susae,</span> <span class='ocrx_word' id='word_1_402' title='bbox 1043 401 1078 430; x_wconf 85' lang='lat' dir='ltr'>ad</span> <span class='ocrx_word' id='word_1_403' title='bbox 1097 403 1153 441; x_wconf 85' lang='lat' dir='ltr'>ejus</span> <span class='ocrx_word' id='word_1_404' title='bbox 1173 402 1252 442; x_wconf 75' lang='lat' dir='ltr'>pedes</span> <span class='ocrx_word' id='word_1_405' title='bbox 1271 403 1496 432; x_wconf 80' lang='lat' dir='ltr'>advolvebantur.</span> <span class='ocrx_word' id='word_1_406' title='bbox 1515 404 1592 432; x_wconf 79' lang='lat' dir='ltr'>Tunc</span> <span class='ocrx_word' id='word_1_407' title='bbox 1605 406 1690 434; x_wconf 84' lang='lat' dir='ltr'>Joan-</span> 
     </span>
     <span class='ocr_line' id='line_1_61' title="bbox 948 447 1688 488; baseline 0.007 -14"><span class='ocrx_word' id='word_1_408' title='bbox 948 456 993 474; x_wconf 87' lang='lat' dir='ltr'>nes</span> <span class='ocrx_word' id='word_1_409' title='bbox 1007 447 1128 482; x_wconf 88' lang='lat' dir='ltr'>innuens,</span> <span class='ocrx_word' id='word_1_410' title='bbox 1141 447 1247 476; x_wconf 84' lang='lat' dir='ltr'>cuidam</span> <span class='ocrx_word' id='word_1_411' title='bbox 1261 459 1274 476; x_wconf 88' lang='lat' dir='ltr'>e</span> <span class='ocrx_word' id='word_1_412' title='bbox 1287 448 1443 476; x_wconf 77' lang='lat' dir='ltr'>venerandis</span> <span class='ocrx_word' id='word_1_413' title='bbox 1456 449 1621 488; x_wconf 75' lang='lat' dir='ltr'>presbyteris</span> <span class='ocrx_word' id='word_1_414' title='bbox 1635 451 1688 479; x_wconf 84' lang='lat' dir='ltr'>ait:</span> 
     </span>
     <span class='ocr_line' id='line_1_62' title="bbox 949 493 1689 534; baseline 0.008 -15"><span class='ocrx_word' id='word_1_415' title='bbox 949 493 1052 522; x_wconf 64' lang='lat' dir='ltr'>Amore</span> <span class='ocrx_word' id='word_1_416' title='bbox 1062 504 1105 521; x_wconf 85' lang='lat' dir='ltr'>eas</span> <span class='ocrx_word' id='word_1_417' title='bbox 1118 494 1190 529; x_wconf 86' lang='lat' dir='ltr'>hinc,</span> <span class='ocrx_word' id='word_1_418' title='bbox 1203 505 1234 522; x_wconf 89' lang='lat' dir='ltr'>ne</span> <span class='ocrx_word' id='word_1_419' title='bbox 1245 495 1375 533; x_wconf 84' lang='lat' dir='ltr'>populum</span> <span class='ocrx_word' id='word_1_420' title='bbox 1388 495 1553 534; x_wconf 82' lang='lat' dir='ltr'>perturbent.</span> <span class='ocrx_word' id='word_1_421' title='bbox 1565 496 1613 525; x_wconf 88' lang='lat' dir='ltr'>Ille</span> <span class='ocrx_word' id='word_1_422' title='bbox 1626 507 1689 526; x_wconf 84' lang='lat' dir='ltr'>vero</span> 
     </span>
     <span class='ocr_line' id='line_1_63' title="bbox 948 540 1686 582; baseline 0.009 -17"><span class='ocrx_word' id='word_1_423' title='bbox 948 548 995 575; x_wconf 79' lang='lat' dir='ltr'>per</span> <span class='ocrx_word' id='word_1_424' title='bbox 1011 546 1114 577; x_wconf 82' lang='lat' dir='ltr'>partem</span> <span class='ocrx_word' id='word_1_425' title='bbox 1136 540 1299 568; x_wconf 84' lang='lat' dir='ltr'>Orientalem</span> <span class='ocrx_word' id='word_1_426' title='bbox 1324 551 1446 579; x_wconf 82' lang='lat' dir='ltr'>egressus</span> <span class='ocrx_word' id='word_1_427' title='bbox 1471 549 1522 578; x_wconf 86' lang='lat' dir='ltr'>est;</span> <span class='ocrx_word' id='word_1_428' title='bbox 1544 550 1686 582; x_wconf 81' lang='lat' dir='ltr'>postquam</span> 
     </span>
     <span class='ocr_line' id='line_1_64' title="bbox 945 583 1687 626; baseline 0.011 -16"><span class='ocrx_word' id='word_1_429' title='bbox 945 583 1059 621; x_wconf 75' lang='lat' dir='ltr'>jusserat</span> <span class='ocrx_word' id='word_1_430' title='bbox 1080 596 1178 623; x_wconf 89' lang='lat' dir='ltr'>equum</span> <span class='ocrx_word' id='word_1_431' title='bbox 1203 597 1280 614; x_wconf 88' lang='lat' dir='ltr'>suum</span> <span class='ocrx_word' id='word_1_432' title='bbox 1303 586 1336 615; x_wconf 86' lang='lat' dir='ltr'>ad</span> <span class='ocrx_word' id='word_1_433' title='bbox 1359 594 1461 626; x_wconf 85' lang='lat' dir='ltr'>partem</span> <span class='ocrx_word' id='word_1_434' title='bbox 1487 589 1687 618; x_wconf 82' lang='lat' dir='ltr'>Occidentalem</span> 
     </span>
     <span class='ocr_line' id='line_1_65' title="bbox 947 629 1734 674; baseline 0.005 -17"><span class='ocrx_word' id='word_1_435' title='bbox 947 629 1054 665; x_wconf 80' lang='lat' dir='ltr'>adduci,</span> <span class='ocrx_word' id='word_1_436' title='bbox 1065 638 1093 658; x_wconf 89' lang='lat' dir='ltr'>ut</span> <span class='ocrx_word' id='word_1_437' title='bbox 1108 632 1223 670; x_wconf 84' lang='lat' dir='ltr'>populus</span> <span class='ocrx_word' id='word_1_438' title='bbox 1235 643 1265 660; x_wconf 90' lang='lat' dir='ltr'>eo</span> <span class='ocrx_word' id='word_1_439' title='bbox 1278 643 1305 660; x_wconf 84' lang='lat' dir='ltr'>se</span> <span class='ocrx_word' id='word_1_440' title='bbox 1317 633 1445 661; x_wconf 86' lang='lat' dir='ltr'>conferret</span> <span class='ocrx_word' id='word_1_441' title='bbox 1460 647 1464 662; x_wconf 94' lang='lat'>:</span> <span class='ocrx_word' id='word_1_442' title='bbox 1485 634 1574 672; x_wconf 79' lang='lat' dir='ltr'>sieque</span> <span class='ocrx_word' id='word_1_443' title='bbox 1586 635 1633 663; x_wconf 88' lang='lat' dir='ltr'>illo</span> <span class='ocrx_word' id='word_1_444' title='bbox 1645 635 1688 674; x_wconf 87' lang='lat' dir='ltr'>pic</span> <span class='ocrx_word' id='word_1_445' title='bbox 1699 643 1734 661; x_wconf 80' lang='lat'>155</span> 
     </span>
     <span class='ocr_line' id='line_1_66' title="bbox 946 674 1686 718; baseline 0.011 -16"><span class='ocrx_word' id='word_1_446' title='bbox 946 674 1053 712; x_wconf 84' lang='lat' dir='ltr'>deluso,</span> <span class='ocrx_word' id='word_1_447' title='bbox 1069 677 1202 715; x_wconf 79' lang='lat' dir='ltr'>profectus</span> <span class='ocrx_word' id='word_1_448' title='bbox 1219 684 1270 712; x_wconf 86' lang='lat' dir='ltr'>est,</span> <span class='ocrx_word' id='word_1_449' title='bbox 1286 685 1313 706; x_wconf 82' lang='lat' dir='ltr'>et</span> <span class='ocrx_word' id='word_1_450' title='bbox 1328 689 1354 706; x_wconf 81' lang='lat' dir='ltr'>se</span> <span class='ocrx_word' id='word_1_451' title='bbox 1370 679 1501 707; x_wconf 85' lang='lat' dir='ltr'>militibus</span> <span class='ocrx_word' id='word_1_452' title='bbox 1514 680 1644 718; x_wconf 83' lang='lat' dir='ltr'>tradidit,</span> <span class='ocrx_word' id='word_1_453' title='bbox 1658 682 1686 711; x_wconf 88' lang='lat' dir='ltr'>id</span> 
     </span>
     <span class='ocr_line' id='line_1_67' title="bbox 948 725 1685 766; baseline 0.011 -17"><span class='ocrx_word' id='word_1_454' title='bbox 948 725 1131 751; x_wconf 85' lang='lat' dir='ltr'>tantummodo</span> <span class='ocrx_word' id='word_1_455' title='bbox 1144 731 1261 761; x_wconf 85' lang='lat' dir='ltr'>questus,</span> <span class='ocrx_word' id='word_1_456' title='bbox 1273 726 1342 762; x_wconf 89' lang='lat' dir='ltr'>quod</span> <span class='ocrx_word' id='word_1_457' title='bbox 1355 734 1444 754; x_wconf 84' lang='lat' dir='ltr'>eontra</span> <span class='ocrx_word' id='word_1_458' title='bbox 1456 727 1524 764; x_wconf 69' lang='lat' dir='ltr'>leges</span> <span class='ocrx_word' id='word_1_459' title='bbox 1535 728 1685 766; x_wconf 83' lang='lat' dir='ltr'>ejiceretur,</span> 
     </span>
     <span class='ocr_line' id='line_1_68' title="bbox 946 767 1685 813; baseline 0.011 -18"><span class='ocrx_word' id='word_1_460' title='bbox 946 767 1073 806; x_wconf 82' lang='lat' dir='ltr'>denegata</span> <span class='ocrx_word' id='word_1_461' title='bbox 1094 769 1145 797; x_wconf 84' lang='lat' dir='ltr'>sibi</span> <span class='ocrx_word' id='word_1_462' title='bbox 1165 770 1290 798; x_wconf 82' lang='lat' dir='ltr'>facultate</span> <span class='ocrx_word' id='word_1_463' title='bbox 1306 782 1412 799; x_wconf 72' lang='lat' dir='ltr'>causam</span> <span class='ocrx_word' id='word_1_464' title='bbox 1436 772 1544 801; x_wconf 88' lang='lat' dir='ltr'>dicendi</span> <span class='ocrx_word' id='word_1_465' title='bbox 1572 774 1604 802; x_wconf 89' lang='lat' dir='ltr'>ad</span> <span class='ocrx_word' id='word_1_466' title='bbox 1621 775 1685 813; x_wconf 81' lang='lat' dir='ltr'>legi-</span> 
     </span>
    </p>
   </div>
   <div class='ocr_carea' id='block_1_8' title="bbox 946 732 1842 854">
    <p class='ocr_par' dir='ltr' id='par_1_8' title="bbox 946 732 1842 854">
     <span class='ocr_line' id='line_1_69' title="bbox 1745 732 1842 753; baseline 0 0"><span class='ocrx_word' id='word_1_467' title='bbox 1745 732 1842 753; x_wconf 77' lang='lat' dir='ltr'>Jonnnes</span> 
     </span>
     <span class='ocr_line' id='line_1_70' title="bbox 1700 764 1808 784; baseline 0.009 -1"><span class='ocrx_word' id='word_1_468' title='bbox 1700 764 1808 784; x_wconf 79' lang='lat' dir='ltr'>militibus</span> 
     </span>
     <span class='ocr_line' id='line_1_71' title="bbox 960 795 1839 818; baseline 0.007 -9"><span class='ocrx_word' id='word_1_469' title='bbox 960 814 964 818; x_wconf 90' lang='lat'>.</span> <span class='ocrx_word' id='word_1_470' title='bbox 1698 802 1720 815; x_wconf 88' lang='lat' dir='ltr'>se</span> <span class='ocrx_word' id='word_1_471' title='bbox 1741 795 1806 815; x_wconf 75' lang='lat' dir='ltr'>tradit</span> <span class='ocrx_word' id='word_1_472' title='bbox 1818 796 1839 815; x_wconf 91' lang='lat' dir='ltr'>in</span> 
     </span>
     <span class='ocr_line' id='line_1_72' title="bbox 946 815 1800 854; baseline 0.009 -13"><span class='ocrx_word' id='word_1_473' title='bbox 946 815 1148 854; x_wconf 80' lang='lat' dir='ltr'>tuuosjudices,</span> <span class='ocrx_word' id='word_1_474' title='bbox 1168 816 1240 854; x_wconf 85' lang='lat' dir='ltr'>quod</span> <span class='ocrx_word' id='word_1_475' title='bbox 1255 824 1342 845; x_wconf 87' lang='lat' dir='ltr'>tamen</span> <span class='ocrx_word' id='word_1_476' title='bbox 1359 818 1501 846; x_wconf 84' lang='lat' dir='ltr'>homicidis</span> <span class='ocrx_word' id='word_1_477' title='bbox 1518 826 1542 847; x_wconf 89' lang='lat' dir='ltr'>et</span> <span class='ocrx_word' id='word_1_478' title='bbox 1556 819 1686 849; x_wconf 86' lang='lat' dir='ltr'>adulteris</span> <span class='ocrx_word' id='word_1_479' title='bbox 1698 826 1800 846; x_wconf 65' lang='lat' dir='ltr'>exsihnm</span> 
     </span>
    </p>
   </div>
   <div class='ocr_carea' id='block_1_9' title="bbox 946 857 1834 904">
    <p class='ocr_par' dir='ltr' id='par_1_9' title="bbox 946 857 1834 904">
     <span class='ocr_line' id='line_1_73' title="bbox 946 857 1834 904; baseline 0.009 -16"><span class='ocrx_word' id='word_1_480' title='bbox 946 861 1139 890; x_wconf 77' lang='lat' dir='ltr'>concedebatur</span> <span class='ocrx_word' id='word_1_481' title='bbox 1158 874 1164 888; x_wconf 73' lang='lat' dir='ltr'>x</span> <span class='ocrx_word' id='word_1_482' title='bbox 1179 873 1315 901; x_wconf 70' lang='lat' dir='ltr'>parvoque</span> <span class='ocrx_word' id='word_1_483' title='bbox 1330 863 1470 902; x_wconf 83' lang='lat' dir='ltr'>impositus</span> <span class='ocrx_word' id='word_1_484' title='bbox 1490 866 1612 904; x_wconf 76' lang='lat' dir='ltr'>navigio,</span> <span class='ocrx_word' id='word_1_485' title='bbox 1634 874 1685 895; x_wconf 88' lang='lat' dir='ltr'>sta-</span> <span class='ocrx_word' id='word_1_486' title='bbox 1698 857 1834 878; x_wconf 66' lang='lat' dir='ltr'>d¹¹‘⁶¹¹‘¹““¹&#39;</span> 
     </span>
    </p>
   </div>
   <div class='ocr_carea' id='block_1_10' title="bbox 945 899 1837 951">
    <p class='ocr_par' dir='ltr' id='par_1_10' title="bbox 945 899 1837 951">
     <span class='ocr_line' id='line_1_74' title="bbox 945 899 1837 951; baseline 0.009 -17"><span class='ocrx_word' id='word_1_487' title='bbox 945 906 994 934; x_wconf 87' lang='lat' dir='ltr'>tim</span> <span class='ocrx_word' id='word_1_488' title='bbox 1014 907 1039 935; x_wconf 91' lang='lat' dir='ltr'>in</span> <span class='ocrx_word' id='word_1_489' title='bbox 1058 907 1216 947; x_wconf 66' lang='lat' dir='ltr'>Bithyniam</span> <span class='ocrx_word' id='word_1_490' title='bbox 1234 916 1439 948; x_wconf 57' lang='lat' dir='ltr'>transport.¹1tur.</span> <span class='ocrx_word' id='word_1_491' title='bbox 1455 912 1628 941; x_wconf 73' lang='lat' dir='ltr'>Testiticatur</span> <span class='ocrx_word' id='word_1_492' title='bbox 1643 899 1805 951; x_wconf 65' lang='lat' dir='ltr'>illegs⁰⁷&#39;⁰&#39;¹¹‘</span> <span class='ocrx_word' id='word_1_493' title='bbox 1822 899 1837 920; x_wconf 62' lang='grc' dir='ltr'>ι’</span> 
     </span>
    </p>
   </div>
   <div class='ocr_carea' id='block_1_11' title="bbox 944 937 1836 999">
    <p class='ocr_par' dir='ltr' id='par_1_11' title="bbox 944 937 1836 999">
     <span class='ocr_line' id='line_1_75' title="bbox 1715 937 1805 951; baseline 0.011 -1"><span class='ocrx_word' id='word_1_494' title='bbox 1715 945 1720 950; x_wconf 81' lang='grc'><em>.</em></span> <span class='ocrx_word' id='word_1_495' title='bbox 1735 937 1753 949; x_wconf 69' lang='grc' dir='ltr'>Ε4</span> <span class='ocrx_word' id='word_1_496' title='bbox 1766 937 1805 951; x_wconf 81' lang='grc'>22.</span> 
     </span>
     <span class='ocr_line' id='line_1_76' title="bbox 944 954 1836 999; baseline 0.012 -19"><span class='ocrx_word' id='word_1_497' title='bbox 944 964 1002 989; x_wconf 74' lang='lat' dir='ltr'>eos,</span> <span class='ocrx_word' id='word_1_498' title='bbox 1018 954 1064 991; x_wconf 89' lang='lat' dir='ltr'>qui</span> <span class='ocrx_word' id='word_1_499' title='bbox 1085 966 1111 982; x_wconf 87' lang='lat' dir='ltr'>se</span> <span class='ocrx_word' id='word_1_500' title='bbox 1127 955 1152 983; x_wconf 89' lang='lat' dir='ltr'>in</span> <span class='ocrx_word' id='word_1_501' title='bbox 1169 955 1294 984; x_wconf 81' lang='lat' dir='ltr'>exsilium</span> <span class='ocrx_word' id='word_1_502' title='bbox 1307 956 1455 992; x_wconf 74' lang='lat' dir='ltr'>ducebant,</span> <span class='ocrx_word' id='word_1_503' title='bbox 1472 968 1563 986; x_wconf 85' lang='lat' dir='ltr'>curam</span> <span class='ocrx_word' id='word_1_504' title='bbox 1580 970 1685 988; x_wconf 74' lang='lat' dir='ltr'>omnem</span> <span class='ocrx_word' id='word_1_505' title='bbox 1713 971 1755 999; x_wconf 70' lang='lat' dir='ltr'>lip.</span> <span class='ocrx_word' id='word_1_506' title='bbox 1774 979 1799 992; x_wconf 72' lang='grc' dir='ltr'>ιο</span> <span class='ocrx_word' id='word_1_507' title='bbox 1821 977 1836 992; x_wconf 94' lang='lat' dir='ltr'>t.</span> 
     </span>
    </p>
   </div>
   <div class='ocr_carea' id='block_1_12' title="bbox 931 1000 1837 2654">
    <p class='ocr_par' dir='ltr' id='par_1_12' title="bbox 943 1000 1837 1127">
     <span class='ocr_line' id='line_1_77' title="bbox 944 1000 1823 1044; baseline 0.01 -17"><span class='ocrx_word' id='word_1_508' title='bbox 944 1006 968 1027; x_wconf 90' lang='lat' dir='ltr'>et</span> <span class='ocrx_word' id='word_1_509' title='bbox 978 1000 1096 1028; x_wconf 83' lang='lat' dir='ltr'>studium</span> <span class='ocrx_word' id='word_1_510' title='bbox 1109 1001 1276 1038; x_wconf 80' lang='lat' dir='ltr'>adhibuisse,</span> <span class='ocrx_word' id='word_1_511' title='bbox 1289 1004 1368 1031; x_wconf 86' lang='lat' dir='ltr'>etiam</span> <span class='ocrx_word' id='word_1_512' title='bbox 1381 1003 1533 1042; x_wconf 89' lang='lat' dir='ltr'>plusquam</span> <span class='ocrx_word' id='word_1_513' title='bbox 1547 1005 1602 1044; x_wconf 81' lang='lat' dir='ltr'>ipse</span> <span class='ocrx_word' id='word_1_514' title='bbox 1610 1007 1686 1035; x_wconf 75' lang='lat' dir='ltr'>vole-</span> <span class='ocrx_word' id='word_1_515' title='bbox 1697 1001 1719 1022; x_wconf 81' lang='lat'>3·</span> <span class='ocrx_word' id='word_1_516' title='bbox 1735 1010 1748 1029; x_wconf 79' lang='lat' dir='ltr'>P</span> <span class='ocrx_word' id='word_1_517' title='bbox 1769 1003 1823 1030; x_wconf 71' lang='lat'><em>59¹).</em></span> 
     </span>
     <span class='ocr_line' id='line_1_78' title="bbox 943 1045 1837 1086; baseline 0.011 -13"><span class='ocrx_word' id='word_1_518' title='bbox 943 1045 1005 1080; x_wconf 83' lang='lat' dir='ltr'>bat,</span> <span class='ocrx_word' id='word_1_519' title='bbox 1020 1054 1049 1075; x_wconf 92' lang='lat' dir='ltr'>ut</span> <span class='ocrx_word' id='word_1_520' title='bbox 1067 1047 1156 1086; x_wconf 86' lang='lat' dir='ltr'>ipsum</span> <span class='ocrx_word' id='word_1_521' title='bbox 1178 1056 1323 1077; x_wconf 73' lang='lat' dir='ltr'>recrearent</span> <span class='ocrx_word' id='word_1_522' title='bbox 1339 1061 1369 1077; x_wconf 84' lang='lat' dir='ltr'>ae</span> <span class='ocrx_word' id='word_1_523' title='bbox 1387 1051 1534 1079; x_wconf 77' lang='lat' dir='ltr'>reticerent.</span> <span class='ocrx_word' id='word_1_524' title='bbox 1551 1053 1686 1081; x_wconf 83' lang='lat' dir='ltr'>Profectus</span> <span class='ocrx_word' id='word_1_525' title='bbox 1700 1045 1769 1073; x_wconf 72' lang='lat' dir='ltr'>Epist.</span> <span class='ocrx_word' id='word_1_526' title='bbox 1784 1052 1837 1067; x_wconf 76' lang='lat'><strong>²²¹·</strong></span> 
     </span>
     <span class='ocr_line' id='line_1_79' title="bbox 944 1095 1686 1127; baseline 0.011 -8"><span class='ocrx_word' id='word_1_527' title='bbox 944 1099 982 1120; x_wconf 87' lang='lat' dir='ltr'>est</span> <span class='ocrx_word' id='word_1_528' title='bbox 996 1100 1085 1121; x_wconf 84' lang='lat' dir='ltr'>autem</span> <span class='ocrx_word' id='word_1_529' title='bbox 1103 1095 1142 1122; x_wconf 60' lang='grc' dir='ltr'>ΞΟ</span> <span class='ocrx_word' id='word_1_530' title='bbox 1158 1095 1232 1123; x_wconf 88' lang='lat' dir='ltr'>Juuii</span> <span class='ocrx_word' id='word_1_531' title='bbox 1249 1095 1310 1123; x_wconf 88' lang='lat' dir='ltr'>anni</span> <span class='ocrx_word' id='word_1_532' title='bbox 1326 1095 1383 1123; x_wconf 66' lang='lat'>404</span> <span class='ocrx_word' id='word_1_533' title='bbox 1401 1103 1445 1124; x_wconf 88' lang='lat' dir='ltr'>:et</span> <span class='ocrx_word' id='word_1_534' title='bbox 1462 1097 1578 1125; x_wconf 73' lang='lat' dir='ltr'>Niewam</span> <span class='ocrx_word' id='word_1_535' title='bbox 1595 1098 1620 1126; x_wconf 90' lang='lat' dir='ltr'>in</span> <span class='ocrx_word' id='word_1_536' title='bbox 1637 1099 1686 1127; x_wconf 77' lang='lat' dir='ltr'>Bi-</span> 
     </span>
    </p>

    <p class='ocr_par' dir='ltr' id='par_1_13' title="bbox 943 1139 1685 1181">
     <span class='ocr_line' id='line_1_80' title="bbox 943 1139 1685 1181; baseline 0.009 -15"><span class='ocrx_word' id='word_1_537' title='bbox 943 1139 1036 1178; x_wconf 82' lang='lat' dir='ltr'>thynia</span> <span class='ocrx_word' id='word_1_538' title='bbox 1052 1139 1183 1168; x_wconf 85' lang='lat' dir='ltr'>adductus</span> <span class='ocrx_word' id='word_1_539' title='bbox 1200 1148 1249 1177; x_wconf 86' lang='lat' dir='ltr'>est,</span> <span class='ocrx_word' id='word_1_540' title='bbox 1268 1142 1314 1169; x_wconf 87' lang='lat' dir='ltr'>ubi</span> <span class='ocrx_word' id='word_1_541' title='bbox 1331 1152 1414 1179; x_wconf 61' lang='lat' dir='ltr'>usque</span> <span class='ocrx_word' id='word_1_542' title='bbox 1429 1142 1464 1170; x_wconf 76' lang='lat' dir='ltr'>ad</span> <span class='ocrx_word' id='word_1_543' title='bbox 1483 1151 1606 1181; x_wconf 83' lang='lat' dir='ltr'>quartam</span> <span class='ocrx_word' id='word_1_544' title='bbox 1619 1145 1685 1173; x_wconf 80' lang='lat' dir='ltr'>Julii</span> 
     </span>
    </p>

    <p class='ocr_par' dir='ltr' id='par_1_14' title="bbox 942 1185 1837 1275">
     <span class='ocr_line' id='line_1_81' title="bbox 943 1185 1837 1228; baseline 0.008 -16"><span class='ocrx_word' id='word_1_545' title='bbox 943 1185 1048 1213; x_wconf 60' lang='lat' dir='ltr'>mansit.</span> <span class='ocrx_word' id='word_1_546' title='bbox 1068 1186 1136 1214; x_wconf 85' lang='lat' dir='ltr'>Cum</span> <span class='ocrx_word' id='word_1_547' title='bbox 1150 1186 1197 1214; x_wconf 85' lang='lat' dir='ltr'>illo</span> <span class='ocrx_word' id='word_1_548' title='bbox 1211 1194 1285 1215; x_wconf 82' lang='lat' dir='ltr'>erant</span> <span class='ocrx_word' id='word_1_549' title='bbox 1301 1188 1397 1215; x_wconf 65' lang='lat' dir='ltr'>Nicaeae</span> <span class='ocrx_word' id='word_1_550' title='bbox 1413 1188 1543 1228; x_wconf 67' lang='lat' dir='ltr'>Cyriacus</span> <span class='ocrx_word' id='word_1_551' title='bbox 1560 1190 1685 1218; x_wconf 66' lang='lat' dir='ltr'>Sinnatlae</span> <span class='ocrx_word' id='word_1_552' title='bbox 1718 1197 1801 1218; x_wconf 67' lang='lat' dir='ltr'>Paltad.</span> <span class='ocrx_word' id='word_1_553' title='bbox 1814 1205 1837 1226; x_wconf 79' lang='lat' dir='ltr'>p.</span> 
     </span>
     <span class='ocr_line' id='line_1_82' title="bbox 942 1228 1736 1275; baseline 0.009 -18"><span class='ocrx_word' id='word_1_554' title='bbox 942 1230 969 1257; x_wconf 91' lang='lat' dir='ltr'>in</span> <span class='ocrx_word' id='word_1_555' title='bbox 982 1230 1113 1270; x_wconf 76' lang='lat' dir='ltr'>Phrygia,</span> <span class='ocrx_word' id='word_1_556' title='bbox 1131 1238 1155 1259; x_wconf 90' lang='lat' dir='ltr'>et</span> <span class='ocrx_word' id='word_1_557' title='bbox 1170 1231 1300 1271; x_wconf 76' lang='lat' dir='ltr'>Eulysius</span> <span class='ocrx_word' id='word_1_558' title='bbox 1314 1234 1436 1270; x_wconf 66' lang='lat' dir='ltr'>Apameae</span> <span class='ocrx_word' id='word_1_559' title='bbox 1449 1234 1475 1261; x_wconf 90' lang='lat' dir='ltr'>iu</span> <span class='ocrx_word' id='word_1_560' title='bbox 1488 1235 1616 1274; x_wconf 66' lang='lat' dir='ltr'>Bithynia</span> <span class='ocrx_word' id='word_1_561' title='bbox 1629 1237 1684 1275; x_wconf 89' lang='lat' dir='ltr'>cpi-</span> <span class='ocrx_word' id='word_1_562' title='bbox 1695 1228 1736 1256; x_wconf 72' lang='lat'>93·</span> 
     </span>
    </p>

    <p class='ocr_par' dir='ltr' id='par_1_15' title="bbox 941 1276 1685 1320">
     <span class='ocr_line' id='line_1_83' title="bbox 941 1276 1685 1320; baseline 0.011 -17"><span class='ocrx_word' id='word_1_563' title='bbox 941 1276 1026 1314; x_wconf 85' lang='lat' dir='ltr'>scopi,</span> <span class='ocrx_word' id='word_1_564' title='bbox 1046 1277 1092 1314; x_wconf 87' lang='lat' dir='ltr'>qui</span> <span class='ocrx_word' id='word_1_565' title='bbox 1108 1287 1137 1304; x_wconf 88' lang='lat' dir='ltr'>eo</span> <span class='ocrx_word' id='word_1_566' title='bbox 1152 1277 1236 1305; x_wconf 72' lang='lat' dir='ltr'>vineti</span> <span class='ocrx_word' id='word_1_567' title='bbox 1252 1278 1360 1306; x_wconf 82' lang='lat' dir='ltr'>adducti</span> <span class='ocrx_word' id='word_1_568' title='bbox 1379 1286 1454 1307; x_wconf 81' lang='lat' dir='ltr'>erant</span> <span class='ocrx_word' id='word_1_569' title='bbox 1468 1292 1474 1313; x_wconf 80' lang='lat'>3</span> <span class='ocrx_word' id='word_1_570' title='bbox 1490 1281 1534 1308; x_wconf 83' lang='lat' dir='ltr'>sed</span> <span class='ocrx_word' id='word_1_571' title='bbox 1551 1289 1641 1320; x_wconf 83' lang='lat' dir='ltr'>postea</span> <span class='ocrx_word' id='word_1_572' title='bbox 1658 1290 1685 1311; x_wconf 89' lang='lat' dir='ltr'>ut</span> 
     </span>
    </p>

    <p class='ocr_par' dir='ltr' id='par_1_16' title="bbox 941 1321 1281 1360">
     <span class='ocr_line' id='line_1_84' title="bbox 941 1321 1281 1360; baseline 0.003 -11"><span class='ocrx_word' id='word_1_573' title='bbox 941 1321 1070 1360; x_wconf 84' lang='lat' dir='ltr'>inculpati</span> <span class='ocrx_word' id='word_1_574' title='bbox 1083 1321 1187 1350; x_wconf 80' lang='lat' dir='ltr'>dimissi</span> <span class='ocrx_word' id='word_1_575' title='bbox 1198 1322 1281 1353; x_wconf 80' lang='lat' dir='ltr'>suere,</span> 
     </span>
    </p>

    <p class='ocr_par' dir='ltr' id='par_1_17' title="bbox 937 1367 1836 1733">
     <span class='ocr_line' id='line_1_85' title="bbox 980 1367 1836 1405; baseline 0.012 -10"><span class='ocrx_word' id='word_1_576' title='bbox 980 1367 1098 1402; x_wconf 81' lang='lat' dir='ltr'>Quidam</span> <span class='ocrx_word' id='word_1_577' title='bbox 1120 1375 1208 1396; x_wconf 87' lang='lat' dir='ltr'>autem</span> <span class='ocrx_word' id='word_1_578' title='bbox 1224 1380 1257 1397; x_wconf 73' lang='lat' dir='ltr'>ex</span> <span class='ocrx_word' id='word_1_579' title='bbox 1273 1370 1383 1398; x_wconf 73' lang='lat' dir='ltr'>,loannis</span> <span class='ocrx_word' id='word_1_580' title='bbox 1412 1370 1528 1398; x_wconf 86' lang='lat' dir='ltr'>inimicis</span> <span class='ocrx_word' id='word_1_581' title='bbox 1539 1393 1545 1405; x_wconf 93' lang='lat'>,</span> <span class='ocrx_word' id='word_1_582' title='bbox 1563 1371 1685 1402; x_wconf 81' lang='lat' dir='ltr'>timentes</span> <span class='ocrx_word' id='word_1_583' title='bbox 1720 1383 1806 1405; x_wconf 63' lang='lat' dir='ltr'>Sozam.</span> <span class='ocrx_word' id='word_1_584' title='bbox 1819 1384 1836 1404; x_wconf 85' lang='lat'>1.</span> 
     </span>
     <span class='ocr_line' id='line_1_86' title="bbox 940 1414 1804 1458; baseline 0.008 -16"><span class='ocrx_word' id='word_1_585' title='bbox 940 1424 982 1448; x_wconf 81' lang='lat' dir='ltr'>ne,</span> <span class='ocrx_word' id='word_1_586' title='bbox 999 1414 1020 1442; x_wconf 83' lang='lat' dir='ltr'>si</span> <span class='ocrx_word' id='word_1_587' title='bbox 1036 1415 1150 1453; x_wconf 84' lang='lat' dir='ltr'>populus</span> <span class='ocrx_word' id='word_1_588' title='bbox 1171 1415 1216 1453; x_wconf 82' lang='lat' dir='ltr'>qui</span> <span class='ocrx_word' id='word_1_589' title='bbox 1232 1415 1256 1443; x_wconf 94' lang='lat' dir='ltr'>iu</span> <span class='ocrx_word' id='word_1_590' title='bbox 1269 1416 1377 1444; x_wconf 77' lang='lat' dir='ltr'>ecclesia</span> <span class='ocrx_word' id='word_1_591' title='bbox 1392 1424 1449 1445; x_wconf 84' lang='lat' dir='ltr'>erat</span> <span class='ocrx_word' id='word_1_592' title='bbox 1464 1417 1609 1446; x_wconf 75' lang='lat' dir='ltr'>discessum</span> <span class='ocrx_word' id='word_1_593' title='bbox 1627 1420 1684 1458; x_wconf 85' lang='lat' dir='ltr'>ejus</span> <span class='ocrx_word' id='word_1_594' title='bbox 1694 1414 1717 1436; x_wconf 56' lang='grc' dir='ltr'>θ’</span> <span class='ocrx_word' id='word_1_595' title='bbox 1731 1422 1750 1435; x_wconf 53' lang='grc' dir='ltr'>Ε·</span> <span class='ocrx_word' id='word_1_596' title='bbox 1765 1422 1804 1436; x_wconf 75' lang='lat'>²²·</span> 
     </span>
     <span class='ocr_line' id='line_1_87' title="bbox 939 1460 1684 1503; baseline 0.009 -16"><span class='ocrx_word' id='word_1_597' title='bbox 939 1468 1109 1495; x_wconf 67' lang='lat' dir='ltr'>agnosceret,</span> <span class='ocrx_word' id='word_1_598' title='bbox 1127 1461 1203 1488; x_wconf 81' lang='lat' dir='ltr'>illuni</span> <span class='ocrx_word' id='word_1_599' title='bbox 1219 1460 1406 1499; x_wconf 77' lang='lat' dir='ltr'>insequeretur</span> <span class='ocrx_word' id='word_1_600' title='bbox 1418 1473 1448 1490; x_wconf 78' lang='lat' dir='ltr'>ac</span> <span class='ocrx_word' id='word_1_601' title='bbox 1463 1463 1548 1491; x_wconf 82' lang='lat' dir='ltr'>redire</span> <span class='ocrx_word' id='word_1_602' title='bbox 1560 1473 1684 1503; x_wconf 72' lang='lat' dir='ltr'>cogeret,</span> 
     </span>
     <span class='ocr_line' id='line_1_88' title="bbox 937 1507 1684 1549; baseline 0.008 -14"><span class='ocrx_word' id='word_1_603' title='bbox 937 1507 1009 1535; x_wconf 82' lang='lat' dir='ltr'>fures</span> <span class='ocrx_word' id='word_1_604' title='bbox 1030 1507 1146 1535; x_wconf 59' lang='lat' dir='ltr'>ecclesi-v</span> <span class='ocrx_word' id='word_1_605' title='bbox 1178 1507 1355 1536; x_wconf 74' lang='lat' dir='ltr'>occluserunt.</span> <span class='ocrx_word' id='word_1_606' title='bbox 1384 1509 1428 1537; x_wconf 78' lang='lat' dir='ltr'>Ex</span> <span class='ocrx_word' id='word_1_607' title='bbox 1445 1509 1478 1538; x_wconf 75' lang='lat' dir='ltr'>iis</span> <span class='ocrx_word' id='word_1_608' title='bbox 1505 1520 1568 1538; x_wconf 72' lang='lat' dir='ltr'>vcro</span> <span class='ocrx_word' id='word_1_609' title='bbox 1590 1512 1634 1549; x_wconf 88' lang='lat' dir='ltr'>qui</span> <span class='ocrx_word' id='word_1_610' title='bbox 1657 1512 1684 1541; x_wconf 93' lang='lat' dir='ltr'>iu</span> 
     </span>
     <span class='ocr_line' id='line_1_89' title="bbox 938 1551 1682 1590; baseline 0.008 -11"><span class='ocrx_word' id='word_1_611' title='bbox 938 1551 1033 1590; x_wconf 82' lang='lat' dir='ltr'>plateis</span> <span class='ocrx_word' id='word_1_612' title='bbox 1047 1559 1132 1587; x_wconf 84' lang='lat' dir='ltr'>eraut,</span> <span class='ocrx_word' id='word_1_613' title='bbox 1148 1553 1193 1580; x_wconf 90' lang='lat' dir='ltr'>alii</span> <span class='ocrx_word' id='word_1_614' title='bbox 1207 1552 1240 1581; x_wconf 86' lang='lat' dir='ltr'>ad</span> <span class='ocrx_word' id='word_1_615' title='bbox 1251 1564 1323 1582; x_wconf 88' lang='lat' dir='ltr'>mare</span> <span class='ocrx_word' id='word_1_616' title='bbox 1340 1563 1512 1584; x_wconf 85' lang='lat' dir='ltr'>accurrerunt</span> <span class='ocrx_word' id='word_1_617' title='bbox 1525 1563 1553 1584; x_wconf 88' lang='lat' dir='ltr'>ut</span> <span class='ocrx_word' id='word_1_618' title='bbox 1565 1568 1625 1585; x_wconf 87' lang='lat' dir='ltr'>enm</span> <span class='ocrx_word' id='word_1_619' title='bbox 1637 1569 1682 1585; x_wconf 83' lang='lat' dir='ltr'>as-</span> 
     </span>
     <span class='ocr_line' id='line_1_90' title="bbox 937 1599 1680 1643; baseline 0.009 -18"><span class='ocrx_word' id='word_1_620' title='bbox 937 1605 1109 1635; x_wconf 80' lang='lat' dir='ltr'>sequerentur</span> <span class='ocrx_word' id='word_1_621' title='bbox 1121 1621 1129 1636; x_wconf 89' lang='lat'>,</span> <span class='ocrx_word' id='word_1_622' title='bbox 1146 1599 1191 1626; x_wconf 89' lang='lat' dir='ltr'>alii</span> <span class='ocrx_word' id='word_1_623' title='bbox 1208 1606 1277 1627; x_wconf 89' lang='lat' dir='ltr'>metu</span> <span class='ocrx_word' id='word_1_624' title='bbox 1296 1601 1433 1629; x_wconf 85' lang='lat' dir='ltr'>conterriti</span> <span class='ocrx_word' id='word_1_625' title='bbox 1454 1602 1546 1641; x_wconf 79' lang='lat' dir='ltr'>fugam</span> <span class='ocrx_word' id='word_1_626' title='bbox 1559 1604 1680 1643; x_wconf 80' lang='lat' dir='ltr'>arripue-</span> 
     </span>
     <span class='ocr_line' id='line_1_91' title="bbox 937 1645 1682 1687; baseline 0.009 -15"><span class='ocrx_word' id='word_1_627' title='bbox 937 1654 976 1678; x_wconf 80' lang='lat' dir='ltr'>re,</span> <span class='ocrx_word' id='word_1_628' title='bbox 992 1645 1164 1684; x_wconf 82' lang='lat' dir='ltr'>Imperatoris</span> <span class='ocrx_word' id='word_1_629' title='bbox 1179 1645 1246 1674; x_wconf 83' lang='lat' dir='ltr'>iram</span> <span class='ocrx_word' id='word_1_630' title='bbox 1259 1647 1339 1675; x_wconf 80' lang='lat' dir='ltr'>veriti</span> <span class='ocrx_word' id='word_1_631' title='bbox 1353 1660 1358 1674; x_wconf 87' lang='lat'>:</span> <span class='ocrx_word' id='word_1_632' title='bbox 1377 1647 1395 1675; x_wconf 94' lang='lat' dir='ltr'>ii</span> <span class='ocrx_word' id='word_1_633' title='bbox 1411 1659 1474 1676; x_wconf 75' lang='lat' dir='ltr'>vero</span> <span class='ocrx_word' id='word_1_634' title='bbox 1489 1649 1533 1687; x_wconf 89' lang='lat' dir='ltr'>qui</span> <span class='ocrx_word' id='word_1_635' title='bbox 1554 1649 1581 1678; x_wconf 93' lang='lat' dir='ltr'>in</span> <span class='ocrx_word' id='word_1_636' title='bbox 1600 1651 1682 1679; x_wconf 85' lang='lat' dir='ltr'>eccle-</span> 
     </span>
     <span class='ocr_line' id='line_1_92' title="bbox 937 1689 1518 1733; baseline 0.009 -15"><span class='ocrx_word' id='word_1_637' title='bbox 937 1689 975 1718; x_wconf 87' lang='lat' dir='ltr'>sia</span> <span class='ocrx_word' id='word_1_638' title='bbox 987 1698 1076 1728; x_wconf 82' lang='lat' dir='ltr'>erant,</span> <span class='ocrx_word' id='word_1_639' title='bbox 1093 1691 1120 1718; x_wconf 90' lang='lat' dir='ltr'>vi</span> <span class='ocrx_word' id='word_1_640' title='bbox 1136 1702 1231 1730; x_wconf 72' lang='lat' dir='ltr'>magna</span> <span class='ocrx_word' id='word_1_641' title='bbox 1248 1699 1338 1731; x_wconf 87' lang='lat' dir='ltr'>portas</span> <span class='ocrx_word' id='word_1_642' title='bbox 1350 1694 1518 1733; x_wconf 78' lang='lat' dir='ltr'>effregerunt.</span> 
     </span>
    </p>

    <p class='ocr_par' dir='ltr' id='par_1_18' title="bbox 931 1737 1834 2654">
     <span class='ocr_line' id='line_1_93' title="bbox 978 1737 1834 1780; baseline 0.009 -15"><span class='ocrx_word' id='word_1_643' title='bbox 978 1738 1050 1766; x_wconf 86' lang='lat' dir='ltr'>Inter</span> <span class='ocrx_word' id='word_1_644' title='bbox 1068 1737 1126 1765; x_wconf 73' lang='lat' dir='ltr'>lime</span> <span class='ocrx_word' id='word_1_645' title='bbox 1141 1737 1248 1766; x_wconf 83' lang='lat' dir='ltr'>flamma</span> <span class='ocrx_word' id='word_1_646' title='bbox 1269 1739 1294 1766; x_wconf 91' lang='lat' dir='ltr'>in</span> <span class='ocrx_word' id='word_1_647' title='bbox 1315 1739 1360 1767; x_wconf 80' lang='lat' dir='ltr'>illa</span> <span class='ocrx_word' id='word_1_648' title='bbox 1375 1738 1449 1776; x_wconf 87' lang='lat' dir='ltr'>sede,</span> <span class='ocrx_word' id='word_1_649' title='bbox 1463 1740 1489 1768; x_wconf 90' lang='lat' dir='ltr'>iu</span> <span class='ocrx_word' id='word_1_650' title='bbox 1509 1753 1561 1780; x_wconf 84' lang='lat' dir='ltr'>qua</span> <span class='ocrx_word' id='word_1_651' title='bbox 1580 1742 1680 1771; x_wconf 87' lang='lat' dir='ltr'>solebat</span> <span class='ocrx_word' id='word_1_652' title='bbox 1732 1751 1834 1774; x_wconf 60' lang='lat' dir='ltr'>Ecclesia»</span> 
     </span>
     <span class='ocr_line' id='line_1_94' title="bbox 940 1782 1828 1826; baseline 0.006 -13"><span class='ocrx_word' id='word_1_653' title='bbox 940 1784 1056 1813; x_wconf 84' lang='lat' dir='ltr'>Joannes</span> <span class='ocrx_word' id='word_1_654' title='bbox 1075 1782 1245 1821; x_wconf 85' lang='lat' dir='ltr'>concionari,</span> <span class='ocrx_word' id='word_1_655' title='bbox 1261 1784 1354 1813; x_wconf 82' lang='lat' dir='ltr'>emissa</span> <span class='ocrx_word' id='word_1_656' title='bbox 1370 1792 1425 1823; x_wconf 88' lang='lat' dir='ltr'>est,</span> <span class='ocrx_word' id='word_1_657' title='bbox 1444 1793 1469 1814; x_wconf 91' lang='lat' dir='ltr'>et</span> <span class='ocrx_word' id='word_1_658' title='bbox 1490 1798 1627 1826; x_wconf 75' lang='lat' dir='ltr'>progressa</span> <span class='ocrx_word' id='word_1_659' title='bbox 1644 1789 1680 1817; x_wconf 81' lang='lat' dir='ltr'>ad</span> <span class='ocrx_word' id='word_1_660' title='bbox 1691 1784 1828 1805; x_wconf 75' lang='lat' dir='ltr'>incendium.</span> 
     </span>
     <span class='ocr_line' id='line_1_95' title="bbox 936 1828 1819 1869; baseline 0.007 -11"><span class='ocrx_word' id='word_1_661' title='bbox 936 1836 1034 1858; x_wconf 87' lang='lat' dir='ltr'>tectum</span> <span class='ocrx_word' id='word_1_662' title='bbox 1051 1840 1134 1868; x_wconf 81' lang='lat' dir='ltr'>usque</span> <span class='ocrx_word' id='word_1_663' title='bbox 1149 1830 1269 1868; x_wconf 69' lang='lat' dir='ltr'>pervenit</span> <span class='ocrx_word' id='word_1_664' title='bbox 1282 1837 1416 1869; x_wconf 81' lang='lat' dir='ltr'>totamque</span> <span class='ocrx_word' id='word_1_665' title='bbox 1434 1832 1579 1861; x_wconf 73' lang='lat' dir='ltr'>combussit</span> <span class='ocrx_word' id='word_1_666' title='bbox 1597 1835 1679 1863; x_wconf 89' lang='lat' dir='ltr'>eccle·</span> <span class='ocrx_word' id='word_1_667' title='bbox 1706 1828 1791 1849; x_wconf 50' lang='lat' dir='ltr'>Imm·</span> <span class='ocrx_word' id='word_1_668' title='bbox 1806 1836 1819 1855; x_wconf 74' lang='grc' dir='ltr'>Ρ</span> 
     </span>
     <span class='ocr_line' id='line_1_96' title="bbox 936 1866 1781 1910; baseline 0.008 -7"><span class='ocrx_word' id='word_1_669' title='bbox 936 1875 1003 1904; x_wconf 87' lang='lat' dir='ltr'>siam</span> <span class='ocrx_word' id='word_1_670' title='bbox 1022 1887 1028 1902; x_wconf 90' lang='lat'>:</span> <span class='ocrx_word' id='word_1_671' title='bbox 1046 1876 1108 1904; x_wconf 87' lang='lat' dir='ltr'>inde</span> <span class='ocrx_word' id='word_1_672' title='bbox 1125 1887 1191 1905; x_wconf 60' lang='lat' dir='ltr'>vero</span> <span class='ocrx_word' id='word_1_673' title='bbox 1214 1875 1364 1904; x_wconf 84' lang='lat' dir='ltr'>transiliens</span> <span class='ocrx_word' id='word_1_674' title='bbox 1390 1877 1497 1906; x_wconf 83' lang='lat' dir='ltr'>flamma</span> <span class='ocrx_word' id='word_1_675' title='bbox 1522 1879 1589 1907; x_wconf 91' lang='lat' dir='ltr'>nihil</span> <span class='ocrx_word' id='word_1_676' title='bbox 1614 1882 1677 1910; x_wconf 86' lang='lat' dir='ltr'>mali</span> <span class='ocrx_word' id='word_1_677' title='bbox 1690 1866 1781 1887; x_wconf 30' lang='lat' dir='ltr'>wass-</span> 
     </span>
     <span class='ocr_line' id='line_1_97' title="bbox 936 1921 1678 1962; baseline 0.008 -13"><span class='ocrx_word' id='word_1_678' title='bbox 936 1921 1097 1961; x_wconf 83' lang='lat' dir='ltr'>interpositae</span> <span class='ocrx_word' id='word_1_679' title='bbox 1116 1922 1211 1962; x_wconf 89' lang='lat' dir='ltr'>populi</span> <span class='ocrx_word' id='word_1_680' title='bbox 1227 1922 1401 1950; x_wconf 87' lang='lat' dir='ltr'>multitudine</span> <span class='ocrx_word' id='word_1_681' title='bbox 1422 1923 1546 1962; x_wconf 88' lang='lat' dir='ltr'>inferens,</span> <span class='ocrx_word' id='word_1_682' title='bbox 1560 1925 1594 1953; x_wconf 85' lang='lat' dir='ltr'>ad</span> <span class='ocrx_word' id='word_1_683' title='bbox 1608 1927 1678 1955; x_wconf 70' lang='lat' dir='ltr'>mdes</span> 
     </span>
     <span class='ocr_line' id='line_1_98' title="bbox 936 1969 1678 2012; baseline 0.007 -14"><span class='ocrx_word' id='word_1_684' title='bbox 936 1977 1042 1998; x_wconf 86' lang='lat' dir='ltr'>senatus</span> <span class='ocrx_word' id='word_1_685' title='bbox 1057 1970 1183 1998; x_wconf 82' lang='lat' dir='ltr'>transiliit</span> <span class='ocrx_word' id='word_1_686' title='bbox 1194 1969 1288 1998; x_wconf 89' lang='lat' dir='ltr'>multis</span> <span class='ocrx_word' id='word_1_687' title='bbox 1304 1970 1574 2011; x_wconf 73' lang='lat' dir='ltr'>passibusdistantes5</span> <span class='ocrx_word' id='word_1_688' title='bbox 1591 1975 1678 2012; x_wconf 85' lang='lat' dir='ltr'>quod-</span> 
     </span>
     <span class='ocr_line' id='line_1_99' title="bbox 935 2015 1676 2054; baseline 0.009 -11"><span class='ocrx_word' id='word_1_689' title='bbox 935 2027 988 2054; x_wconf 88' lang='lat' dir='ltr'>que</span> <span class='ocrx_word' id='word_1_690' title='bbox 1010 2017 1109 2044; x_wconf 88' lang='lat' dir='ltr'>mirum</span> <span class='ocrx_word' id='word_1_691' title='bbox 1131 2015 1272 2050; x_wconf 66' lang='lat' dir='ltr'>videatur,</span> <span class='ocrx_word' id='word_1_692' title='bbox 1296 2015 1394 2044; x_wconf 58' lang='lat' dir='ltr'>aedium</span> <span class='ocrx_word' id='word_1_693' title='bbox 1415 2016 1524 2046; x_wconf 89' lang='lat' dir='ltr'>illarum</span> <span class='ocrx_word' id='word_1_694' title='bbox 1545 2029 1599 2048; x_wconf 90' lang='lat' dir='ltr'>non</span> <span class='ocrx_word' id='word_1_695' title='bbox 1619 2032 1676 2050; x_wconf 84' lang='lat' dir='ltr'>eam</span> 
     </span>
     <span class='ocr_line' id='line_1_100' title="bbox 935 2061 1674 2101; baseline 0.008 -12"><span class='ocrx_word' id='word_1_696' title='bbox 935 2069 1039 2101; x_wconf 74' lang='lat' dir='ltr'>partem</span> <span class='ocrx_word' id='word_1_697' title='bbox 1056 2073 1116 2100; x_wconf 65' lang='lat' dir='ltr'>quae</span> <span class='ocrx_word' id='word_1_698' title='bbox 1131 2061 1272 2090; x_wconf 69' lang='lat' dir='ltr'>ecelesiam</span> <span class='ocrx_word' id='word_1_699' title='bbox 1289 2062 1456 2100; x_wconf 76' lang='lat' dir='ltr'>respiciebat,</span> <span class='ocrx_word' id='word_1_700' title='bbox 1473 2064 1519 2092; x_wconf 85' lang='lat' dir='ltr'>sed</span> <span class='ocrx_word' id='word_1_701' title='bbox 1536 2065 1674 2095; x_wconf 74' lang='lat' dir='ltr'>adversam</span> 
     </span>
     <span class='ocr_line' id='line_1_101' title="bbox 937 2108 1675 2151; baseline 0.009 -15"><span class='ocrx_word' id='word_1_702' title='bbox 937 2116 1050 2148; x_wconf 85' lang='lat' dir='ltr'>partem,</span> <span class='ocrx_word' id='word_1_703' title='bbox 1065 2120 1122 2146; x_wconf 62' lang='lat' dir='ltr'>quas</span> <span class='ocrx_word' id='word_1_704' title='bbox 1138 2108 1243 2136; x_wconf 84' lang='lat' dir='ltr'>Palatio</span> <span class='ocrx_word' id='word_1_705' title='bbox 1259 2109 1394 2146; x_wconf 87' lang='lat' dir='ltr'>lmperiali</span> <span class='ocrx_word' id='word_1_706' title='bbox 1411 2111 1534 2148; x_wconf 77' lang='lat' dir='ltr'>proxima</span> <span class='ocrx_word' id='word_1_707' title='bbox 1549 2120 1616 2151; x_wconf 81' lang='lat' dir='ltr'>erat,</span> <span class='ocrx_word' id='word_1_708' title='bbox 1630 2115 1675 2143; x_wconf 90' lang='lat' dir='ltr'>in-</span> 
     </span>
     <span class='ocr_line' id='line_1_102' title="bbox 936 2154 1675 2196; baseline 0.009 -15"><span class='ocrx_word' id='word_1_709' title='bbox 936 2155 1017 2188; x_wconf 77' lang='lat' dir='ltr'>vasit,</span> <span class='ocrx_word' id='word_1_710' title='bbox 1031 2161 1110 2192; x_wconf 84' lang='lat' dir='ltr'>atque</span> <span class='ocrx_word' id='word_1_711' title='bbox 1119 2155 1156 2182; x_wconf 68' lang='lat' dir='ltr'>sit·</span> <span class='ocrx_word' id='word_1_712' title='bbox 1169 2154 1236 2182; x_wconf 64' lang='lat' dir='ltr'>mdes</span> <span class='ocrx_word' id='word_1_713' title='bbox 1247 2154 1304 2181; x_wconf 79' lang='lat' dir='ltr'>illas</span> <span class='ocrx_word' id='word_1_714' title='bbox 1316 2154 1342 2182; x_wconf 94' lang='lat' dir='ltr'>iu</span> <span class='ocrx_word' id='word_1_715' title='bbox 1358 2155 1472 2183; x_wconf 84' lang='lat' dir='ltr'>cinerem</span> <span class='ocrx_word' id='word_1_716' title='bbox 1487 2157 1598 2196; x_wconf 79' lang='lat' dir='ltr'>redegit,</span> <span class='ocrx_word' id='word_1_717' title='bbox 1615 2171 1675 2190; x_wconf 77' lang='lat' dir='ltr'>nec—</span> 
     </span>
     <span class='ocr_line' id='line_1_103' title="bbox 935 2200 1675 2243; baseline 0.005 -15"><span class='ocrx_word' id='word_1_718' title='bbox 935 2211 989 2229; x_wconf 89' lang='lat' dir='ltr'>non</span> <span class='ocrx_word' id='word_1_719' title='bbox 1006 2201 1146 2228; x_wconf 70' lang='lat' dir='ltr'>ecclcsiam</span> <span class='ocrx_word' id='word_1_720' title='bbox 1159 2207 1182 2228; x_wconf 86' lang='lat' dir='ltr'>et</span> <span class='ocrx_word' id='word_1_721' title='bbox 1199 2200 1292 2228; x_wconf 81' lang='lat' dir='ltr'>domos</span> <span class='ocrx_word' id='word_1_722' title='bbox 1308 2201 1515 2241; x_wconf 79' lang='lat' dir='ltr'>circumquaque</span> <span class='ocrx_word' id='word_1_723' title='bbox 1530 2205 1675 2243; x_wconf 72' lang='lat' dir='ltr'>p(›sitas‚ct</span> 
     </span>
     <span class='ocr_line' id='line_1_104' title="bbox 934 2246 1674 2290; baseline 0.009 -17"><span class='ocrx_word' id='word_1_724' title='bbox 934 2246 982 2274; x_wconf 80' lang='lat' dir='ltr'>suli</span> <span class='ocrx_word' id='word_1_725' title='bbox 997 2246 1117 2274; x_wconf 56' lang='lat' dir='ltr'>aediculae</span> <span class='ocrx_word' id='word_1_726' title='bbox 1132 2246 1267 2285; x_wconf 78' lang='lat' dir='ltr'>pepercit,</span> <span class='ocrx_word' id='word_1_727' title='bbox 1288 2246 1313 2274; x_wconf 88' lang='lat' dir='ltr'>in</span> <span class='ocrx_word' id='word_1_728' title='bbox 1327 2257 1378 2284; x_wconf 88' lang='lat' dir='ltr'>qua</span> <span class='ocrx_word' id='word_1_729' title='bbox 1394 2258 1467 2276; x_wconf 82' lang='lat' dir='ltr'>sacra</span> <span class='ocrx_word' id='word_1_730' title='bbox 1484 2260 1547 2278; x_wconf 61' lang='lat' dir='ltr'>vasa</span> <span class='ocrx_word' id='word_1_731' title='bbox 1560 2253 1674 2290; x_wconf 79' lang='lat' dir='ltr'>reposita</span> 
     </span>
     <span class='ocr_line' id='line_1_105' title="bbox 934 2292 1673 2336; baseline 0.012 -17"><span class='ocrx_word' id='word_1_732' title='bbox 934 2299 1017 2319; x_wconf 85' lang='lat' dir='ltr'>erant.</span> <span class='ocrx_word' id='word_1_733' title='bbox 1037 2293 1094 2320; x_wconf 78' lang='lat' dir='ltr'>Non</span> <span class='ocrx_word' id='word_1_734' title='bbox 1109 2303 1205 2320; x_wconf 86' lang='lat' dir='ltr'>aurum</span> <span class='ocrx_word' id='word_1_735' title='bbox 1220 2292 1349 2320; x_wconf 73' lang='lat' dir='ltr'>reveritus</span> <span class='ocrx_word' id='word_1_736' title='bbox 1363 2300 1402 2321; x_wconf 75' lang='lat' dir='ltr'>est</span> <span class='ocrx_word' id='word_1_737' title='bbox 1415 2294 1499 2332; x_wconf 72' lang='lat' dir='ltr'>ignis,</span> <span class='ocrx_word' id='word_1_738' title='bbox 1515 2307 1561 2324; x_wconf 75' lang='lat' dir='ltr'>nes¹</span> <span class='ocrx_word' id='word_1_739' title='bbox 1575 2309 1673 2336; x_wconf 76' lang='lat' dir='ltr'>argen-</span> 
     </span>
     <span class='ocr_line' id='line_1_106' title="bbox 934 2337 1674 2375; baseline 0.014 -11"><span class='ocrx_word' id='word_1_740' title='bbox 934 2344 1010 2373; x_wconf 89' lang='lat' dir='ltr'>tum,</span> <span class='ocrx_word' id='word_1_741' title='bbox 1027 2338 1113 2375; x_wconf 87' lang='lat' dir='ltr'>iuquit</span> <span class='ocrx_word' id='word_1_742' title='bbox 1128 2337 1280 2375; x_wconf 64' lang='lat' dir='ltr'>Palladius,</span> <span class='ocrx_word' id='word_1_743' title='bbox 1300 2339 1344 2366; x_wconf 84' lang='lat' dir='ltr'>sed</span> <span class='ocrx_word' id='word_1_744' title='bbox 1366 2346 1395 2367; x_wconf 93' lang='lat' dir='ltr'>ut</span> <span class='ocrx_word' id='word_1_745' title='bbox 1419 2351 1451 2367; x_wconf 83' lang='lat' dir='ltr'>ne</span> <span class='ocrx_word' id='word_1_746' title='bbox 1472 2341 1545 2371; x_wconf 79' lang='lat' dir='ltr'>locus</span> <span class='ocrx_word' id='word_1_747' title='bbox 1565 2344 1674 2374; x_wconf 80' lang='lat' dir='ltr'>daretur</span> 
     </span>
     <span class='ocr_line' id='line_1_107' title="bbox 933 2383 1672 2424; baseline 0.015 -14"><span class='ocrx_word' id='word_1_748' title='bbox 933 2383 1171 2411; x_wconf 74' lang='lat' dir='ltr'>calumniatoribus</span> <span class='ocrx_word' id='word_1_749' title='bbox 1180 2385 1297 2413; x_wconf 78' lang='lat' dir='ltr'>Joannis.</span> <span class='ocrx_word' id='word_1_750' title='bbox 1311 2385 1478 2424; x_wconf 75' lang='lat' dir='ltr'>Theophilus</span> <span class='ocrx_word' id='word_1_751' title='bbox 1487 2389 1557 2417; x_wconf 77' lang='lat' dir='ltr'>enini</span> <span class='ocrx_word' id='word_1_752' title='bbox 1567 2389 1672 2421; x_wconf 78' lang='lat' dir='ltr'>dicebat</span> 
     </span>
     <span class='ocr_line' id='line_1_108' title="bbox 933 2430 1672 2469; baseline 0.011 -12"><span class='ocrx_word' id='word_1_753' title='bbox 933 2430 1022 2469; x_wconf 68' lang='lat' dir='ltr'>ipsum</span> <span class='ocrx_word' id='word_1_754' title='bbox 1042 2430 1157 2458; x_wconf 65' lang='lat' dir='ltr'>ecclcsiae</span> <span class='ocrx_word' id='word_1_755' title='bbox 1177 2431 1288 2458; x_wconf 82' lang='lat' dir='ltr'>mobilia</span> <span class='ocrx_word' id='word_1_756' title='bbox 1314 2431 1477 2462; x_wconf 53' lang='lat' dir='ltr'>vendit-lissa</span> <span class='ocrx_word' id='word_1_757' title='bbox 1497 2436 1599 2464; x_wconf 66' lang='lat' dir='ltr'>Yerum</span> <span class='ocrx_word' id='word_1_758' title='bbox 1617 2448 1672 2466; x_wconf 81' lang='lat' dir='ltr'>rein</span> 
     </span>
     <span class='ocr_line' id='line_1_109' title="bbox 932 2477 1672 2520; baseline 0.011 -16"><span class='ocrx_word' id='word_1_759' title='bbox 932 2477 1025 2504; x_wconf 79' lang='lat' dir='ltr'>falsam</span> <span class='ocrx_word' id='word_1_760' title='bbox 1040 2487 1094 2504; x_wconf 78' lang='lat' dir='ltr'>csse</span> <span class='ocrx_word' id='word_1_761' title='bbox 1109 2477 1206 2505; x_wconf 86' lang='lat' dir='ltr'>clarius</span> <span class='ocrx_word' id='word_1_762' title='bbox 1220 2477 1315 2505; x_wconf 88' lang='lat' dir='ltr'>enituit</span> <span class='ocrx_word' id='word_1_763' title='bbox 1327 2488 1359 2505; x_wconf 73' lang='lat' dir='ltr'>ex</span> <span class='ocrx_word' id='word_1_764' title='bbox 1374 2478 1512 2508; x_wconf 71' lang='lat' dir='ltr'>brevit-ulo</span> <span class='ocrx_word' id='word_1_765' title='bbox 1525 2482 1579 2517; x_wconf 88' lang='lat' dir='ltr'>illo,</span> <span class='ocrx_word' id='word_1_766' title='bbox 1593 2494 1672 2520; x_wconf 80' lang='lat' dir='ltr'>quent</span> 
     </span>
     <span class='ocr_line' id='line_1_110' title="bbox 933 2523 1671 2562; baseline 0.011 -13"><span class='ocrx_word' id='word_1_767' title='bbox 933 2523 1082 2550; x_wconf 77' lang='lat' dir='ltr'>Germanus</span> <span class='ocrx_word' id='word_1_768' title='bbox 1096 2523 1237 2562; x_wconf 77' lang='lat' dir='ltr'>presbyter</span> <span class='ocrx_word' id='word_1_769' title='bbox 1248 2530 1272 2551; x_wconf 84' lang='lat' dir='ltr'>ct</span> <span class='ocrx_word' id='word_1_770' title='bbox 1287 2524 1429 2552; x_wconf 70' lang='lat' dir='ltr'>Cassianus</span> <span class='ocrx_word' id='word_1_771' title='bbox 1446 2524 1573 2556; x_wconf 58' lang='lat' dir='ltr'>diaconus</span> <span class='ocrx_word' id='word_1_772' title='bbox 1588 2529 1671 2557; x_wconf 89' lang='lat' dir='ltr'>obtu-</span> 
     </span>
     <span class='ocr_line' id='line_1_111' title="bbox 931 2568 1675 2608; baseline 0.011 -12"><span class='ocrx_word' id='word_1_773' title='bbox 931 2568 994 2605; x_wconf 82' lang='lat' dir='ltr'>lere,</span> <span class='ocrx_word' id='word_1_774' title='bbox 1007 2568 1130 2597; x_wconf 73' lang='lat' dir='ltr'>efferente</span> <span class='ocrx_word' id='word_1_775' title='bbox 1149 2569 1218 2607; x_wconf 89' lang='lat' dir='ltr'>quod</span> <span class='ocrx_word' id='word_1_776' title='bbox 1236 2569 1347 2608; x_wconf 81' lang='lat' dir='ltr'>pretiosa</span> <span class='ocrx_word' id='word_1_777' title='bbox 1364 2581 1426 2599; x_wconf 66' lang='lat' dir='ltr'>vasa</span> <span class='ocrx_word' id='word_1_778' title='bbox 1439 2572 1608 2603; x_wconf 72' lang='lat' dir='ltr'>tradidissent</span> <span class='ocrx_word' id='word_1_779' title='bbox 1631 2586 1675 2604; x_wconf 71' lang='lat'>(⁸0-</span> 
     </span>
     <span class='ocr_line' id='line_1_112' title="bbox 931 2615 1654 2654; baseline 0.01 -11"><span class='ocrx_word' id='word_1_780' title='bbox 931 2626 988 2643; x_wconf 80' lang='lat' dir='ltr'>rain</span> <span class='ocrx_word' id='word_1_781' title='bbox 1013 2615 1148 2651; x_wconf 76' lang='lat' dir='ltr'>udicihus,</span> <span class='ocrx_word' id='word_1_782' title='bbox 1161 2615 1256 2644; x_wconf 74' lang='lat' dir='ltr'>Studio</span> <span class='ocrx_word' id='word_1_783' title='bbox 1271 2617 1398 2645; x_wconf 67' lang='lat' dir='ltr'>Praferto</span> <span class='ocrx_word' id='word_1_784' title='bbox 1418 2619 1501 2654; x_wconf 72' lang='lat' dir='ltr'>iubis,</span> <span class='ocrx_word' id='word_1_785' title='bbox 1522 2621 1654 2652; x_wconf 60' lang='lat' dir='ltr'>llutrchia</span> 
     </span>
    </p>
   </div>
  </div>
 </body>
</html>
