1910 2907
6 1069 98 1100 l-pxrss*

79 2262 88 2278 2

646 207 663 229 N
671 207 735 229 UNC
758 206 888 229 PRtMUM
916 206 1098 229 ADORNATA
1106 221 1114 228 .

115 270 144 298 in
161 275 236 309 parte
251 269 386 298 feliciores
397 269 498 298 fuimns
512 268 661 298 :nimirum
677 269 722 307 qui
737 269 862 308 superio-

117 326 145 344 re
162 322 280 354 tempore
299 315 371 344 nulla
387 315 528 344 vobiscum
543 315 676 354 colloquia
690 315 790 343 habere
804 325 855 354 po—

116 361 216 390 tuimus
231 373 237 389 z
252 361 297 390 scd
313 362 402 390 danda
415 369 451 391 est
467 363 553 398 venia,
564 373 625 391 cum
640 361 710 390 illud
720 373 771 390 non
786 362 856 390 iuer-

117 407 177 443 tiae,
202 407 248 435 sed
267 407 432 436 infirmitatis
454 408 591 436 silentium
610 408 699 436 fucrit.
716 420 729 434 »
745 408 853 436 Certum

117 453 208 491 itaque
218 461 256 482 est
267 454 335 483 hanc
350 455 464 493 primam
475 455 615 483 homiliam
628 455 754 483 habuisse
769 454 855 493 Chry-

117 507 261 529 sostomum
278 508 417 539 postquam
437 502 471 530 ab
489 501 650 540 aegritudine
672 501 854 529 convaluerat.

117 546 177 574 Jam
193 547 324 584 qua‘ritur
345 558 466 585 quaenam
491 546 714 585 :egritudoxnum
735 546 779 574 illa
804 556 856 583 qua

117 591 254 620 laborabat
268 592 334 621 dum
349 600 500 632 martyrum
512 593 690 621 solemnitates
703 603 750 631 per
764 591 856 620 urbem

117 637 328 671 celebrarentur,
341 639 374 666 de
392 649 442 676 qua
458 639 589 678 superius.
605 639 633 667 Si
647 638 680 667 de
694 639 739 666 illa
755 637 857 666 intelli-

118 690 205 721 gatur,
221 684 288 712 hanc
308 691 378 712 certe
401 685 553 715 concionem
576 684 699 712 habuerit
713 691 855 721 antequam

119 729 266 757 Homiliam
286 730 312 757 in
330 730 467 758 Dominica
482 733 529 765 τῆς
549 730 742 768 ἐτεισωζομένης
757 737 782 758 et
800 731 857 758 Ho-

119 775 207 802 milias
219 775 252 803 de
268 778 342 804 Anna
357 776 524 815 praedicaret.
540 778 641 805 Verum
656 776 721 805 adeo
737 777 859 814 frequen—

118 827 159 848 ter
169 822 375 860 Clirysostomus
388 823 590 851 infirmitatibus
608 823 743 862 corporeis
757 823 859 851 detine—

118 866 207 902 batur,
222 874 312 896 utnon
328 867 458 905 possimus
472 868 498 896 id
513 869 591 906 qnasi
606 876 708 897 certum
721 875 855 896 statuere:

119 923 202 950 quare
221 913 246 941 in
268 913 368 941 incerto
384 924 423 941 res
439 921 541 942 maneat
558 921 672 953 oportet.
689 915 718 942 ln
732 914 782 942 hac
795 925 858 942 vcro

118 957 230 986 homilia
250 959 278 986 id
299 959 432 998 praecipue
448 959 561 998 probare
575 960 670 988 nititur
682 982 690 996 ,
706 960 778 988 omni
795 971 860 999 pec-

120 1010 179 1032 cato
193 1004 350 1032 deteriorem
373 1015 429 1032 esse
454 1005 616 1044 injuriarum
639 1005 859 1035 recordationem.

161 1051 235 1078 Hanc
245 1050 418 1086 continenter,
429 1057 459 1078 ut
473 1051 588 1086 videtur,
601 1059 719 1089 sequutae
734 1059 793 1080 sunt
810 1059 861 1080 tres

86 1085 108 1093 M
121 1095 246 1124 Homitiae
261 1097 295 1125 de
309 1097 416 1125 Davide
430 1104 454 1125 et
468 1098 557 1126 Saiile.
573 1100 770 1135 Argumentum
790 1098 861 1126 enim

121 1143 193 1181 quod
211 1143 236 1171 iu
249 1143 366 1172 Homilia
381 1143 415 1172 de
433 1144 561 1172 Debitor-e
580 1144 673 1172 decem
689 1144 804 1173 millium
822 1152 861 1172 ta-

122 1188 256 1217 lentorum
281 1196 410 1228 coeperat,
425 1200 519 1229 nempe
542 1190 576 1218 de
593 1191 753 1229 injuriarum
774 1202 861 1220 recor-

123 1234 231 1263 datione
241 1235 398 1274 depellenda
411 1259 417 1271 ‚
433 1236 459 1264 in
478 1237 550 1265 hisce
565 1237 651 1265 tribus
670 1237 789 1265 homiliis
811 1249 862 1266 una

123 1281 200 1316 serie,
215 1281 337 1320 exemplo
348 1281 462 1309 Daridis
477 1292 551 1316 usus,
564 1289 670 1310 strenue
682 1283 860 1322 persequitur,

122 1333 147 1354 et
162 1326 270 1364 quidem
285 1327 350 1355 adeo
361 1329 513 1362 παθητικῶς
525 1335 553 1356 ut
565 1328 720 1356 auditorum
731 1329 862 1368 lacrymas

122 1373 286 1409 excusserit,
300 1381 379 1411 atque
396 1380 424 1402 ut
442 1373 533 1402 'ridere
556 1381 606 1409 est,
625 1375 803 1403 Antiocheuos
828 1375 862 1404 ad

123 1425 287 1458 praeceptum
304 1419 381 1453 illud,
393 1420 515 1458 Diligite
530 1421 662 1448 inimicos
677 1428 800 1456 vestros,
813 1421 862 1449 im-

122 1464 251 1504 plendum
272 1465 436 1501 adduxerim
463 1473 492 1494 ut
507 1465 532 1494 in
556 1467 767 1505 Quadragesima
795 1478 863 1506 prae-

121 1511 200 1539 terita
223 1511 329 1540 eosdem
351 1522 366 1539 a
385 1512 561 1550 juramentis,
587 1513 687 1550 quibus
715 1513 862 1542 admodum

123 1559 220 1586 assueti
234 1565 320 1592 erant,
335 1564 468 1588 avocarat.

164 1604 194 1632 ln
210 1611 325 1632 mentem
342 1604 409 1632 mihi
425 1604 514 1633 subito
534 1605 609 1633 venit
625 1605 773 1635 verisimile
788 1607 863 1636 nullo

124 1648 205 1677 modo
226 1660 280 1678 esse
308 1661 384 1689 posse
409 1650 632 1689 Chrysostomum
658 1653 804 1682 Homiliam
830 1655 864 1683 de

124 1695 252 1723 Debitor-e
265 1702 290 1724 et
308 1702 361 1724 tres
375 1703 512 1734 sequentes
532 1696 658 1726 habuisse
671 1706 730 1738 post
750 1700 863 1737 :egritu—

124 1741 213 1770 dinem
228 1742 302 1770 illam
317 1754 368 1781 qua
386 1750 446 1782 post
466 1744 566 1772 Pascha
585 1746 647 1774 anni
668 1747 726 1776 587
740 1747 863 1777 detentus

123 1789 185 1823 fuit,
201 1788 268 1817 dnm
287 1790 350 1818 festa
372 1796 524 1829 martyrum
539 1791 631 1820 multis
647 1792 742 1821 diebus
756 1805 803 1833 per
817 1805 863 1823 ιιι·-

122 1835 184 1863 bem
201 1835 372 1864 Antiochiam
391 1835 608 1865 celebrarentur:
622 1840 653 1866 1⁰
666 1839 728 1876 quia
751 1847 809 1879 post
830 1841 862 1869 il-

123 1880 177 1908 lam
191 1880 312 1909 paschali
332 1888 451 1920 tempore
466 1882 648 1911 infirmitatem
667 1885 754 1923 prima
770 1887 861 1915 concio

122 1926 174 1954 fuit
188 1926 244 1959 illa,
259 1936 341 1964 quam
357 1927 383 1955 in
398 1927 541 1956 Dominica
555 1929 754 1967 ἐπισωζομένης
770 1932 862 1961 videre

123 1978 176 2007 est,
188 1978 218 1999 ut
238 1971 339 2000 ibidem
357 1972 435 2000 initio
449 1972 550 2001 dicitur
560 1996 566 2007 ,
581 1981 607 2002 et
621 1976 712 2004 concio
731 1976 764 2005 de
780 1979 860 2007 Debi-

122 2024 180 2046 tore
203 2017 290 2056 prima
313 2028 418 2056 quoque
446 2025 495 2052 est,
518 2019 564 2047 sed
590 2027 650 2059 post
673 2022 860 2060 aegritudinem

121 2063 195 2092 haud
208 2063 290 2092 dubie
306 2064 397 2092 aliam.
410 2066 453 2094 9⁰.
470 2064 540 2098 Quia
555 2065 577 2093 si
592 2066 714 2096 Homiliae
730 2069 764 2097 de
778 2071 862 2099 Debi-

122 2117 180 2138 tore
201 2117 227 2139 et
246 2117 298 2138 tres
322 2117 459 2148 sequentes
480 2117 598 2150 tempore
619 2114 741 2142 paschati
762 2115 860 2145 habiiae

123 2156 232 2184 fuissent
253 2163 314 2185 ante
332 2156 479 2185 Homiliam
502 2160 549 2192 τῆς
575 2160 770 2198 ἐπισωζομένης
789 2171 813 2192 et
828 2164 861 2192 de

125 2203 217 2237 Anna,
232 2202 257 2230 in
273 2202 315 2231 his
336 2203 408 2231 haud
423 2203 506 2232 dubie
521 2213 672 2234 memoratae
691 2207 818 2243 fuissent,
831 2217 861 2239 ut

93 2261 115 2278 12
125 2247 184 2275 aliae
197 2259 211 2275 a
230 2255 348 2287 tempore
362 2249 500 2278 Paschatis
520 2250 598 2279 dictae
614 2261 766 2282 memoratae
789 2263 860 2284 sunt.

129 2293 254 2331 Alioquin
272 2301 360 2323 autem
376 2296 524 2325 verisimile
541 2307 592 2325 non
609 2305 648 2326 est
663 2299 788 2328 homilias
803 2301 862 2330 illas

133 2346 248 2377 quatuor
261 2340 304 2368 vel
318 2341 481 2370 continenter
491 2349 551 2371 ante
570 2344 750 2381 Pentecosten,
765 2347 808 2374 vel
819 2348 862 2375 al—

126 2385 207 2415 ternis
221 2385 326 2414 vicibus
337 2397 399 2415 cum
412 2387 532 2416 homiliis
542 2388 576 2417 de
592 2391 665 2418 Anna
682 2390 786 2419 liabitas
800 2393 863 2421 fuis-

126 2443 162 2461 se,
174 2432 344 2470 Quapropter
358 2441 421 2471 puto
436 2434 666 2474 Chrysostomum.
679 2437 724 2474 qui
740 2438 863 2476 frequen-

126 2479 227 2507 tissime
242 2478 335 2506 morbo
350 2479 503 2515 laborabat,
520 2489 580 2520 post
596 2482 767 2511 Pentecosten
782 2484 863 2523 igno-

125 2531 152 2552 to
178 2524 256 2552 nobis
279 2534 367 2552 mense
394 2525 553 2562 :egritudine
581 2534 688 2564 captum
711 2528 808 2566 fuisse,
838 2539 863 2561 et

125 2569 172 2598 ubi
187 2569 340 2604 convaluit,
353 2570 468 2608 primani
484 2571 624 2600 homiliam
643 2573 717 2602 illam
740 2575 865 2607 habuisse

125 2615 158 2644 de
172 2615 293 2644 debitore
307 2615 399 2644 decem
414 2616 530 2645 millium
545 2617 717 2655 talentorum,
735 2622 782 2651 ubi
799 2635 864 2654 con-

228 2666 299 2683 ron.
315 2666 379 2684 xiii.

1583 209 1647 243 129

910 276 950 297 tra
977 269 1136 308 injuriarum
1163 268 1373 297 recordationem
1400 270 1572 298 concionatus
1597 277 1644 298 est.

950 315 980 343 In
992 315 1077 354 prima
1090 315 1124 344 de
1137 315 1242 343 Davide
1256 315 1367 344 homilia
1383 316 1417 344 de
1431 316 1569 344 tolerantia
1582 316 1648 353 agit,

910 362 1015 399 etqnod
1026 369 1145 401 oporteat
1157 361 1271 390 inimicis
1286 373 1402 401 parcere,
1416 373 1462 390 nec
1476 362 1509 390 de
1520 362 1647 401 quopiam

909 407 1075 446 maleloqui.

949 454 981 482 In
1005 454 1120 483 secunda
1140 454 1236 494 probat
1257 465 1308 483 non
1326 455 1405 483 modo
1426 455 1552 483 virtutem
1569 465 1647 483 exer-

910 510 982 535 cere,
998 500 1043 528 sed
1069 501 1149 528 etiam
1176 500 1277 529 virtute
1304 501 1429 540 praeditos
1452 501 1579 535 laudare,
1595 512 1648 530 non

911 556 1006 584 parum
1027 546 1151 575 utilitatis
1168 547 1282 575 afferre:
1296 547 1420 585 quodque
1436 547 1524 576 David
1544 547 1651 586 magni-

911 592 1034 621 ficentius
1049 600 1179 632 tropaeum
1194 593 1308 622 erexerit
1322 594 1456 633 parcendo
1471 593 1555 628 Saiili,
1568 604 1649 631 qnam

911 645 1043 676 prostrato
1059 639 1182 673 Goliath,
1197 639 1335 678 magisque
1354 640 1406 668 sibi
1422 640 1550 679 profuerit
1568 651 1649 679 quam

910 684 994 712 Sauli.

951 730 981 757 In
1004 730 1080 758 tertia
1092 752 1099 764 ,
1115 729 1159 758 ubi
1176 730 1246 758 vidit
1260 731 1359 759 multos
1374 742 1406 759 ex
1430 731 1462 759 iis
1483 732 1589 767 adesse,
1604 737 1652 770 qui

913 785 998 814 nuper
1021 781 1050 803 ut
1072 775 1209 803 theatralia
1232 776 1380 814 spectacula
1406 777 1510 804 adirent
1531 778 1652 805 concioni

913 831 965 848 non
980 820 1166 857 interfuerant,
1183 821 1255 850 dixit
1270 832 1304 850 ex
1323 821 1479 860 hujusmodi
1495 824 1653 861 spectatori-

911 867 962 895 bus
978 868 1076 895 multos
1089 867 1224 895 adulteros
1240 867 1307 901 lieri,
1328 867 1442 906 hincque
1462 868 1530 896 bella
1546 875 1571 897 et
1585 879 1654 898 cou-

913 913 1041 941 tentiones
1064 915 1147 942 nasci.
1168 913 1252 941 Addit
1277 924 1338 942 vero
1358 914 1490 942 Davidem
1507 926 1566 943 rum
1583 916 1654 944 Sau-

913 958 938 986 le
959 969 1036 987 omne
1060 959 1194 998 patientiae
1215 970 1298 997 genus
1324 970 1481 998 superasse:
1499 960 1654 999 clauditque

913 1004 1004 1033 dicens
1019 1005 1138 1044 rapinam
1153 1006 1285 1044 patienter
1298 1006 1378 1042 serre,
1392 1016 1443 1034 non
1458 1007 1589 1034 minorem
1601 1007 1653 1036 vir-

914 1058 997 1080 tutem
1014 1063 1079 1084 esse,
1093 1063 1171 1090 quam
1187 1052 1380 1092 eleemosynam
1398 1063 1515 1091 erogare.

956 1099 1048 1126 Mense
1063 1105 1152 1126 autem
1166 1099 1319 1137 Septembri
1335 1099 1396 1126 anni
1412 1100 1469 1128 587
1486 1100 1538 1138 jam
1561 1099 1654 1129 initam
1668 1120 1806 1150 TA'PBOE·

915 1151 1007 1172 contra
1021 1143 1128 1173 Judaeos
1147 1147 1378 1177 concertationem,
1397 1155 1478 1183 quam
1500 1156 1569 1174 anno
1590 1157 1656 1185 pro-

915 1190 991 1218 ximo
1006 1192 1066 1219 556
1081 1201 1170 1218 mense
1185 1190 1290 1219 circiter
1309 1191 1459 1229 Septembri
1475 1200 1604 1231 coeperat,
1616 1204 1657 1221 ea·

916 1237 978 1265 dem
994 1244 1146 1276 tempestate
1167 1239 1299 1266 resumsit.
1316 1237 1346 1266 Id
1369 1239 1413 1266 ille
1436 1239 1514 1267 initio
1536 1248 1655 1277 quartae,

916 1294 974 1321 quae
988 1283 1084 1311 harum
1101 1284 1278 1322 posteriorum
1294 1285 1380 1322 prima
1395 1292 1446 1317 est,
1463 1285 1501 1313 sic
1516 1287 1637 1315 enuntiat
1650 1300 1656 1315 t

918 1330 1027 1357 Rursus
1050 1330 1096 1357 illi
1121 1331 1255 1368 infelices
1280 1330 1506 1369 mortaliumque
1531 1335 1659 1361 omnium

918 1376 1072 1402 miserrimi
1082 1375 1181 1403 Judaei
1189 1377 1351 1414 jejunaluri
1360 1382 1427 1404 sunt
1440 1387 1448 1403 .-
1462 1387 1561 1406 rursus
1575 1379 1660 1406 Chri-

917 1422 955 1449 sti
965 1431 1077 1459 gregem
1099 1424 1266 1448 muniamus
1284 1431 1397 1449 necesse
1416 1429 1480 1455 est‚·
1497 1423 1609 1461 ideoque
1633 1435 1661 1452 se

917 1466 1008 1494 decem
1032 1466 1130 1495 diebus
1152 1474 1294 1504 antequam
1317 1467 1404 1496 Judaei
1426 1469 1577 1506 jejunarent
1604 1470 1660 1499 haec

918 1513 1020 1542 monita
1032 1513 1138 1541 dedisse
1152 1514 1201 1549 ait,
1215 1513 1276 1552 quia
1292 1515 1370 1542 multi
1384 1525 1417 1542 ex
1430 1525 1510 1553 grege
1523 1527 1583 1551 sno,
1598 1528 1662 1555 qua-

918 1560 981 1588 dam
996 1560 1187 1599 superstitione
1209 1561 1286 1595 moti,
1303 1571 1362 1588 cum
1376 1561 1477 1590 Jndaeis
1493 1563 1661 1600 jejunabant.

919 1606 1017 1644 Aitque
1046 1605 1134 1645 primo
1158 1606 1314 1635 Judaeorum
1338 1606 1406 1634 illud
1430 1607 1564 1645 jejunium
1588 1609 1660 1647 quod

918 1659 1010 1680 contra
1031 1652 1198 1680 voluntatem
1214 1652 1262 1680 Dei
1280 1652 1364 1687 ficret,
1378 1653 1492 1691 impium
1507 1660 1531 1682 et
1547 1655 1661 1683 scelera·

918 1705 977 1726 tum
997 1708 1053 1726 esse
1069 1710 1075 1725 :
1090 1697 1203 1736 ideoque
1220 1698 1280 1726 illos
1295 1698 1329 1726 ab
1346 1697 1395 1726 hoc
1408 1699 1523 1727 Judaico
1538 1708 1659 1739 suscepto

914 1744 1017 1783 jejunio
1037 1744 1150 1777 avertit,
1165 1751 1191 1772 et
1210 1744 1235 1772 in
1252 1744 1386 1772 concionis
1401 1744 1453 1772 [ine
1468 1745 1533 1773 alios
1555 1747 1601 1784 qui
1625 1747 1660 1775 ab

918 1790 1073 1829 hujusmodi
1095 1789 1207 1819 Judaico
1218 1789 1322 1828 jejunio
1337 1790 1498 1818 abstinerent
1519 1791 1657 1826 hortatur,

917 1844 947 1866 ut
971 1838 1065 1865 fratres
1090 1847 1151 1865 suos
1175 1843 1287 1865 avocent
1307 1837 1340 1864 ab
1367 1836 1522 1874 hujusmodi
1535 1838 1657 1876 jejuniis,

916 1894 976 1922 quae
999 1883 1175 1912 theatralibus
1195 1883 1275 1911 etiam
1293 1883 1451 1922 spectaculis
1474 1884 1551 1922 longe
1567 1885 1658 1924 pejora

916 1936 1010 1958 essent.

957 1975 1088 2011 Quintam
1106 1974 1246 2003 homiliam
1268 1973 1374 2002 orditur
1386 1974 1421 2002 ab
1435 1974 1590 2004 auditorum
1604 1977 1657 2006 fre-

915 2021 1040 2061 quentia,
1062 2031 1143 2058 qnam
1170 2020 1249 2048 solito
1275 2020 1403 2058 majorem
1420 2031 1476 2050 esse
1500 2022 1617 2060 gaudet,
1631 2031 1658 2053 et

916 2068 1059 2106 pristinum
1074 2073 1264 2104 argumentum
1278 2065 1414 2095 ardentius
1427 2068 1549 2107 suscipit,
1562 2079 1593 2098 ac
1606 2071 1657 2100 Ju-

916 2114 991 2142 daica
1008 2113 1095 2141 omnia
1118 2122 1228 2151 prorsus
1251 2112 1376 2150 abrogata
1404 2123 1459 2141 esse
1487 2116 1654 2153 pronuntiat.

917 2159 1062 2198 Templum
1077 2168 1139 2186 vero
1153 2157 1408 2196 Jerosolymitanum
1431 2169 1578 2198 numquam
1600 2172 1656 2191 esse

916 2205 1118 2235 restaurandum
1139 2203 1245 2243 probat,
1266 2214 1317 2232 non
1338 2215 1372 2232 ex
1388 2204 1487 2233 Christi
1502 2206 1593 2242 modo,
1610 2209 1657 2237 sed

916 2262 949 2280 ex
984 2251 1176 2290 prophetarum
1202 2249 1283 2278 etiam
1311 2250 1541 2289 praedictionibus.
1573 2253 1656 2293 Leges

916 2297 1130 2326 Christianorum
1155 2296 1324 2324 solummodo
1354 2297 1381 2325 in
1411 2305 1572 2337 perpetuum
1599 2311 1657 2329 ser-

916 2344 1019 2373 vandas
1041 2353 1108 2378 esse,
1123 2349 1228 2371 caeteras
1243 2353 1334 2371 omnes
1355 2344 1527 2374 obsolevisse.
1543 2347 1585 2374 De
1607 2347 1656 2376 Ju-

918 2390 1037 2418 dscornm
1053 2395 1141 2428 postea
1160 2389 1276 2428 pernicie
1289 2389 1413 2428 pluribus
1427 2391 1498 2429 agit,
1514 2392 1656 2421 ultionem-

919 2446 970 2474 que
988 2435 1037 2463 Dei
1058 2435 1092 2464 de
1112 2435 1166 2463 illis
1186 2441 1302 2463 sumtam
1330 2436 1388 2464 fuse
1406 2438 1584 2475 persequitur.
1599 2440 1656 2467 Da—

918 2484 996 2512 nielis
1017 2495 1079 2512 vero
1098 2483 1253 2523 prophetias
1268 2483 1420 2512 minutatim
1438 2486 1564 2524 explicat,
1576 2497 1658 2525 pecu—

919 2531 1064 2568 liaremque
1082 2539 1230 2557 sermonem
1253 2529 1286 2557 de
1309 2529 1525 2559 hebdomadibus
1540 2532 1658 2560 Danielis

921 2576 1046 2604 instituit.
1062 2574 1220 2605 Judaeorum
1234 2581 1264 2603 ut
1279 2576 1409 2614 templum
1429 2577 1597 2605 restituerent
1614 2588 1661 2606 co-

924 2629 1001 2651 natus
1022 2627 1229 2659 commemorat,
1248 2621 1299 2649 sub
1323 2621 1459 2650 Hadriano
1483 2624 1663 2661 Imperatore,

1529 2664 1548 2691 9
