1884 2922
99 501 157 521 Uist.
181 498 241 519 Etcl.

100 540 122 559 p.
158 529 208 551 133.

100 563 161 582 Edit.
180 562 208 581 H.

98 593 190 613 valesii.

203 832 238 851 2502

252 234 321 267 558
589 243 797 266 TESTIMOMA
828 240 987 263 vn’rnnum
1015 240 1058 262 DE
1085 240 1113 262 s.
1142 241 1275 263 JOANNE
1301 241 1482 265 eiianosT.

289 307 319 334 In
346 305 395 335 hac
409 305 559 334 recensione
580 304 704 342 quaedam
725 302 821 332 Joanni
835 301 1027 340 Chrysostomo
1042 300 1186 336 adscribit,
1199 312 1259 339 quae
1274 301 1343 330 inter
1363 312 1444 341 opera
1467 302 1524 341 ejus
1545 311 1692 341 numquam
1716 304 1817 333 censeri

251 353 368 391 potuisse
382 352 507 381 videntur
524 363 528 378 ε
545 351 598 378 alia
613 360 686 385 vcro,
699 360 758 387 quze
769 358 899 386 nusquam
911 347 975 376 alibi
991 355 1244 384 commemorantur,
1255 359 1366 386 quaeque
1378 349 1421 377 vel
1437 348 1518 377 latent
1528 349 1641 387 alicubi,
1652 350 1694 379 vel
1706 350 1817 380 sortasse

253 399 393 437 perierunt
405 411 412 426 :
426 398 515 436 qualia
531 404 592 425 sunt
606 396 674 424 liber
686 395 732 424 ille
745 402 836 424 contra
848 394 1034 433 Apollinarem
1046 401 1071 423 et
1084 395 1149 423 libri
1163 394 1218 423 duo
1229 395 1276 423 alii
1287 395 1320 424 de
1330 395 1533 424 Resurrectione
1546 403 1714 425 mortuorum
1726 403 1817 425 contra

254 447 366 479 Arabas,
383 446 429 483 qui
445 444 569 473 dicebant
583 443 686 471 animas
698 442 766 471 mori
781 453 843 471 cum
858 452 978 481 corpore.

293 494 333 521 De
347 492 397 520 hoc
411 498 500 519 autem
515 497 650 529 postremo
664 499 743 528 opere
761 488 846 517 multa
872 488 948 516 nobis
971 487 1137 516 observanda
1161 495 1230 516 sunt.
1252 488 1297 516 Ait
1316 488 1449 517 Eusebius
1472 488 1574 517 Arabas
1593 488 1694 518 dixisse
1714 489 1818 519 animas

253 540 320 568 mori
336 549 397 566 cum
412 548 534 576 corpore,
548 544 573 565 et
588 547 648 565 cum
664 547 693 564 eo
709 542 904 564 resurrecturas
919 535 1011 569 fuisse,
1026 542 1051 563 et
1066 542 1156 563 contra
1171 535 1240 563 hanc
1252 535 1375 564 haeresim
1391 542 1511 565 coactam
1523 536 1603 565 fuisse
1617 536 1762 576 synodum,
1773 537 1816 566 cui

251 586 339 614 adfuit
352 585 490 623 Origenes.
507 584 584 623 Saepe
598 583 716 613 vidimus
731 583 955 622 Chrysostomum
968 589 1135 621 pei-orantem
1149 582 1278 611 adversus
1292 582 1390 611 multos
1402 594 1434 611 ex
1445 583 1626 620 auditoribus,
1638 584 1684 622 qui
1696 594 1816 613 resurre-

251 631 365 660 ctionem
378 630 488 659 omnino
502 630 649 668 negabant,
662 629 761 668 quique
776 636 839 657 tunc
858 639 955 666 magno
971 638 1082 656 numero
1097 628 1245 657 Antiochiae
1260 629 1342 657 fuisse
1356 629 1483 658 videntur
1497 641 1502 656 :
1515 640 1646 668 nusquam
1664 636 1754 658 autem
1773 640 1816 658 me

250 679 339 718 ipsum
351 678 446 717 legisse
461 677 569 706 memini
583 677 764 705 confutantem
782 686 826 704 eos
838 675 883 713 qui
896 675 1015 703 dicerent
1029 675 1132 703 animas
1146 685 1207 703 cum
1217 686 1329 714 corpore
1340 676 1483 704 morituras
1495 683 1519 704 et
1531 687 1591 704 cum
1606 686 1636 704 eo
1647 683 1816 704 resurrectu-

249 737 293 754 ras
307 735 374 763 esse,
388 725 430 754 vel
444 725 546 753 Arabas
558 724 676 763 idipsum
687 723 813 752 ducentes
821 722 1031 761 aggredientem.
1046 724 1202 760 Tamenque
1214 723 1378 751 Guillclmus
1389 723 1665 762 Pastrengicuslibros
1677 723 1737 752 illos
1748 723 1816 752 duos

249 773 283 801 de
297 773 500 802 Resurrectione
515 779 683 800 mortuorum
695 771 823 800 adversus
835 770 953 805 Arabes,
970 770 1016 808 qui
1032 769 1157 798 dicebant
1168 769 1270 798 animas
1285 771 1352 798 mori
1367 781 1427 799 cum
1442 781 1568 810 corpore,
1583 781 1611 799 se
1625 770 1725 799 vidisse
1740 780 1816 799 com-

251 826 379 848 memorat
400 818 511 848 Joannis
532 818 717 857 Chrysostomi
736 818 843 846 nominc
856 829 863 853 3
878 817 1041 855 omninoque
1053 816 1092 844 ilii
1107 816 1175 845 fides
1186 816 1310 845 habenda
1325 816 1440 845 videtur.
1457 817 1544 845 Multa
1560 824 1629 846 certe
1648 817 1770 855 quotidie
1780 828 1816 846 cx

249 865 364 894 tenebris
375 872 505 893 cruuntur
515 866 626 894 Joanuis
637 864 823 904 Chrysostomi
838 874 928 903 opera,
941 870 970 891 ut
985 863 1075 891 videre
1091 870 1130 891 est
1145 863 1171 891 in
1186 863 1237 890 hac
1253 870 1342 891 nostra
1356 864 1386 892 S.
1397 863 1514 891 doctoris
1528 874 1638 902 opernm
1649 864 1814 900 collectione,

247 913 295 941 ubi
310 913 335 941 in
351 920 422 941 tomo
433 912 593 941 duodecimo
608 913 732 941 undecim
745 913 886 951 praeclaras
900 911 1037 945 homilias,
1052 921 1110 948 ‹111ae
1122 910 1249 939 hactenus
1261 911 1404 948 latuerant,
1415 911 1564 948 emisimus,
1573 911 1600 940 in
1611 911 1725 950 aliisque
1736 912 1816 940 tomis

245 970 297 988 non
314 971 419 999 pancas.
431 960 485 988 Hos
496 971 558 989 vero
571 961 653 989 libros
668 960 783 988 edidisse
796 959 883 998 potuit
894 982 901 995 ‚
916 959 972 987 sive
984 959 1046 996 quia
1062 959 1162 986 Arabes
1179 969 1226 986 suo
1241 970 1299 987 aevo
1315 959 1404 987 adhuc
1420 959 1447 987 in
1467 959 1580 998 pristino
1602 969 1691 988 errore
1709 966 1815 998 persta-

246 1007 311 1036 bant
322 1029 330 1045 7
341 1008 397 1036 sive
409 1007 472 1045 quia
485 1007 606 1036 nonnulli
621 1006 781 1035 Antiocheni
799 1006 939 1035 Arabibus
951 1005 1043 1041 vicini,
1056 1012 1172 1034 veterem
1185 1005 1264 1034 illum
1275 1005 1396 1034 Arabum
1412 1016 1529 1034 errorem
1543 1016 1672 1035 renovare
1682 1006 1815 1035 videban-

247 1062 301 1083 tur.

290 1102 371 1137 Quod
384 1113 446 1131 vero
461 1102 555 1141 adjicit
568 1102 594 1130 in
607 1102 659 1130 fine
674 1102 838 1131 Guillelmus
851 1100 1056 1138 Pasti-engiens:
1072 1112 1085 1126 «
1098 1101 1137 1128 Et
1151 1110 1330 1138 quamquam
1340 1101 1575 1140 Latinofulserit
1588 1101 1712 1140 eloquio‚
1721 1101 1815 1140 pluri-

247 1158 324 1177 mum
337 1156 435 1176 tamen
449 1151 564 1184 scripsit
576 1151 607 1176 in
620 1149 721 1177 Groeco
740 1149 892 1177 Theodosii
904 1149 1001 1185 magni
1015 1148 1202 1185 temporibus,
1215 1159 1228 1172 »
1242 1147 1329 1175 nescio
1344 1147 1416 1176 unde
1426 1147 1579 1186 expiscatus
1593 1154 1649 1183 est;
1664 1148 1731 1176 nihil
1742 1148 1814 1177 enim

247 1195 341 1223 Latine
355 1195 491 1234 scripsisse
507 1195 729 1234 Chrysostomum
742 1201 837 1233 putant
852 1204 942 1221 omnes
956 1193 1003 1230 qui
1017 1193 1116 1231 scripta
1129 1193 1186 1231 ejus
1204 1201 1326 1221 accurate
1349 1194 1479 1231 legerunt.
1495 1194 1576 1222 Forte
1594 1194 1758 1222 existimavit
1769 1194 1815 1223 ille

246 1244 274 1271 S.
293 1242 428 1271 doctorem
446 1242 541 1270 Latino
553 1241 657 1269 fulsisse
670 1241 775 1279 eloquio
786 1263 794 1277 ,
808 1241 871 1278 quia
886 1240 990 1268 viderat
1007 1249 1074 1278 opus
1088 1239 1275 1277 imperfectum
1290 1239 1317 1267 in
1336 1240 1495 1268 Matthaeum
1508 1262 1514 1274 ‚
1531 1239 1605 1278 quod
1624 1240 1812 1280 Chrysostomi

246 1289 352 1317 nomine
361 1289 559 1324 circumfertur,
573 1288 667 1317 Latine
680 1289 826 1328 scriptum,
835 1287 959 1326 quodque
970 1286 1154 1325 chrysostomi
1170 1296 1221 1315 non
1235 1297 1290 1315 esse
1304 1294 1424 1326 pugnant
1440 1287 1521 1316 hodie
1536 1287 1637 1316 cruditi
1650 1298 1751 1317 omnes.

736 1857 789 1859 -ψ
812 1856 821 1857 Π
832 1845 1009 1861 «ᾈόθο
1015 1845 1313 1862 &wok
