1884 2922
650 225 756 248 INDEX
784 223 1034 247 ALPHABETICUS
1041 239 1048 246 .

110 288 167 317 Οὔκ
188 289 263 327 ἀρκεῖ
278 286 372 320 κακίας
387 287 591 325 ἀπαλλαγῆναι,
606 288 627 315 εἰ
642 288 695 323 δεῖ,
710 287 736 315 iu
754 286 806 326 Ep.

69 333 102 362 ad
114 333 215 372 Ephes.
230 333 310 360 Hom.
328 334 374 361 16.
389 339 410 360 t.
429 335 475 361 11.
493 343 521 370 p.
544 333 608 362 116.

109 380 167 408 Οὐκ
189 378 323 410 αὖθεντίας
338 379 376 406 δεῖ
395 378 551 417 διδασκάλῳ
570 379 659 416 μόνον,
677 378 704 406 in
721 378 774 417 Ep.
794 381 805 406 1

68 424 103 453 ad
118 425 240 454 Timoth.
258 424 337 453 Hom.
358 426 404 454 17.
418 431 438 452 t.
456 427 502 452 11.
521 435 548 463 p.
565 424 633 453 (547.

108 471 166 500 Οὐκ
189 472 245 509 εἰκῇ
260 474 313 502 τοῖς
339 469 457 507 ἀγγέλοις
481 470 690 509 πανη-,ὐρίζομεν
706 492 713 505 ,
729 470 807 498 Joan.

65 516 179 555 Chrys„
195 517 230 548 εἷς
244 515 292 550 τὴν
307 515 409 549 σύναξιν
425 518 476 543 τῶν
494 516 653 553 ἀσωμάτων,
669 517 767 554 spuria
784 522 810 543 ec

69 572 189 590 otrnssa.

107 609 165 636 Οὔκ
177 607 286 645 ἔμελλον
299 603 351 645 ἆρα
366 606 423 635 οὐδὲ
435 610 481 642 τῆς
496 607 597 639 πόλεως
611 608 698 646 ivan„
712 606 810 645 Olym-

66 652 150 692 piadi,
162 664 203 692 ep.
216 655 244 682 8.
258 659 278 681 t.
293 654 320 682 3.
331 663 359 691 Ρ.
375 655 442 682 589.

107 699 165 728 Οὐκ
176 698 231 727 ἐστὶ
244 698 368 727 κολακεία
380 699 409 727 τὸ
421 701 507 737 ῥῆμα,
520 700 588 735 ἀλλ’7
600 698 626 727 in
640 701 698 727 Act.
715 699 809 736 Apost.

66 745 148 773 Hom.
164 746 191 773 6.
207 751 227 773 t.
244 746 273 773 9.
293 755 319 783 p.
339 744 386 773 47.

107 792 165 819 Οὐκ
181 790 274 823 εὐθέως
289 792 319 819 ἐκ
334 793 386 819 τῶν
408 790 552 830 προοιμίων
575 792 641 819 αἰτεῖ
656 790 702 825 τὴν
718 790 808 829 χάριν,

66 838 94 866 in
107 838 158 876 Ep.
172 837 205 865 ad
221 837 338 865 philem.
354 839 435 866 Hom.
453 840 481 866 2.
494 844 513 864 t.
532 840 578 865 11.
593 847 620 875 p.
636 838 673 864 77
697 859 702 864 .

106 885 164 912 Οὐκ
179 878 237 911 οἶδα
257 882 320 922 ποία
340 883 476 922 χρήσομαι
491 882 611 920 γλώττῃ,
627 881 653 909 in
668 880 809 909 Ascensio-

67 940 139 960 nem,
153 930 252 966 spuria
263 935 290 956 et
303 931 420 957 omissa.

108 977 167 1004 Οῦκ
181 970 238 1003 οῖδα
253 975 336 1007 ποίοις
350 974 494 1012 χρήσωμαι
504 974 590 1011 λόγοις
600 973 723 1012 σήμερον,
739 974 809 1002 Con-

68 1029 108 1050 tra
121 1031 164 1049 eos
182 1020 229 1058 qui
251 1031 365 1059 synaxes
379 1019 517 1056 deserunt,
532 1018 567 1047 de
584 1021 661 1048 Anna
673 1020 765 1049 Sermo
777 1019 804 1048 4.

67 1073 88 1096 t.
106 1066 132 1095 4.
144 1077 170 1105 p.
183 1068 249 1095 7:29.

106 1112 209 1141 Οὔκουν
232 1112 321 1147 ἐπειδή
344 1123 384 1140 σοι
409 1111 457 1146 τὴν
481 1111 560 1149 θύραν
586 1111 699 1150 ἀνέῳξα,
718 1111 810 1140 Theo-

66 1157 143 1196 philo
158 1158 314 1197 presbytero
325 1180 331 1191 ,
344 1168 387 1196 ep.
406 1160 472 1187 119.
492 1164 511 1188 t.
529 1159 557 1186 3.
573 1167 600 1196 p.
616 1158 683 1187 660.

107 1205 147 1232 Οὐ
171 1204 243 1242 λέγει
271 1207 324 1236 τοῖς
344 1206 408 1236 υἱοῖς
433 1203 500 1241 Κορὲ
522 1203 564 1231 ἵνα
585 1207 639 1235 τοῖς
662 1204 767 1242 ψαλμ.,
783 1204 808 1232 in

66 1249 169 1279 Psalm.
182 1249 231 1285 45,
243 1250 342 1287 spuria
355 1256 382 1278 et
397 1251 514 1277 omissa.

108 1296 148 1324 Οὐ
164 1295 249 1332 μάτην
263 1297 301 1333 τῷ
315 1295 398 1323 Δαυὶδ
411 1297 424 1323 ὃ
438 1294 541 1333 ψαλμὸς
554 1297 643 1333 ἀναγ.,
654 1294 682 1322 in
697 1295 741 1322 Ps.
758 1296 810 1330 97,

68 1342 182 1380 spuria,
195 1347 215 1368 t.
231 1342 260 1369 5.
276 1351 305 1378 p.
323 1341 390 1370 794.

107 1387 147 1415 Οὐ
164 1385 244 1425 μέχρι
256 1388 303 1420 τῆς
319 1385 456 1425 Ἀρμενίας
468 1386 544 1424 μόνον
553 1409 560 1421 ,
570 1387 692 1414 Romano
706 1385 808 1425 presb„

67 1442 109 1471 ep.
124 1434 172 1461 78.
190 1439 209 1460 t.
229 1434 299 1470 ap.
319 1433 387 1461 635.

103 1479 146 1506 Οὐ
169 1477 265 1516 μικρὰν
302 1477 408 1517 εἴχομεν
441 1477 611 1517 παραμυθίαν
640 1480 665 1506 ἐν
699 1477 809 1516 ἐρημίᾳ,

69 1524 211 1553 Theodoto
224 1525 315 1559 diac„
330 1535 371 1564 ep.
390 1525 455 1555 140.
469 1532 488 1554 t.
507 1528 534 1555 3.
550 1536 577 1564 p.
593 1526 661 1555 682.

106 1572 147 1600 Οὐ
175 1571 270 1610 μικρὰν
295 1570 389 1610 ἔχομεν
412 1571 581 1610 παραμυθίαν
607 1574 659 1599 τῶν
685 1572 812 1606 κατειλη-

67 1616 165 1654 φότων,
190 1616 320 1655 episcopis
345 1616 379 1644 ab
403 1616 567 1653 Occidente,
589 1627 633 1656 ep.
660 1619 725 1647 158.
744 1624 762 1645 t.
779 1619 797 1646 3

66 1672 96 1700 p.
110 1663 177 1691 691.
195 1665 198 1668 ’

107 1709 147 1736 Οὐ
165 1707 261 1748 μικρὰν
276 1708 322 1736 καὶ
339 1710 400 1746 ὑμῖν
422 1710 509 1741 αὐτοῖς
522 1709 657 1748 στεφάνων
672 1709 810 1744 ὑπόθεσιν,

66 1753 199 1793 episcopis
210 1754 244 1782 ab
252 1754 409 1791 Occidente,
421 1765 464 1794 ep.
484 1758 550 1785 158.
567 1763 585 1784 t.
603 1758 631 1785 3.
649 1766 676 1794 p.
694 1757 761 1785 691.

105 1800 145 1828 Οὔ
157 1799 256 1838 μικρὸν
277 1802 340 1838 ἡμῖν
355 1804 431 1829 τοῦτο
451 1801 481 1829 τὸ
498 1801 671 1839 προκείμενον
687 1802 809 1839 ζήτημα,

66 1845 93 1873 in
104 1846 181 1884 Ep.1
197 1845 232 1874 ad
244 1845 365 1874 Corinth.
378 1847 457 1874 Hom.
472 1848 500 1875 9.
516 1853 535 1875 t.
554 1850 599 1876 10.
615 1857 643 1885 p.
659 1849 706 1876 73.

106 1892 146 1919 Οὔ
172 1890 264 1930 μικρὸν
290 1891 335 1919 καὶ
355 1894 432 1919 τοῦτο
454 1891 549 1929 ἀγαθὸν
569 1892 598 1920 τὸ
615 1891 771 1929 λαμὸοίνειν,
784 1892 811 1920 in

67 1937 113 1964 Ps.
132 1939 177 1965 12.
195 1943 215 1964 t.
229 1938 258 1965 5.
271 1939 382 1975 p.123.

107 1985 147 2012 Οὐ
166 1984 258 2021 μικρὸν
279 1985 292 2011 ὃ
315 1983 428 2021 διωγμὸς
449 1983 622 2023 κατώρθωσεν
650 1986 687 2016 εἷς
708 1984 763 2019 τόν,
784 1984 811 2012 in

67 2031 132 2058 Acta
149 2032 244 2068 Apost.
259 2029 339 2058 Hom.
356 2032 403 2059 25.
424 2036 444 2059 t.
462 2032 488 2059 9.
504 2041 531 2068 p.
549 2032 617 2060 200.

107 2077 147 2105 Οὐ
167 2076 244 2114 μόνον
266 2081 339 2115 φορεῖ
359 2075 444 2115 σάρκα
460 2079 473 2105 ὃ
490 2076 584 2114 Κύριος
609 2078 700 2114 ἡμῶν,
715 2076 742 2104 in
758 2077 811 2105 Oc-

68 2134 177 2152 cursum
201 2123 304 2151 Christi
329 2129 354 2151 et
379 2123 413 2152 de
442 2123 574 2159 Simeone,
598 2129 618 2151 t.
637 2125 664 2152 2.
690 2134 716 2162 p.
732 2125 790 2152 812
802 2145 810 2160 ,

68 2171 178 2208 spuria.

107 2217 147 2244 Οὐ
171 2215 306 2252 παύσομαι
331 2216 482 2255 μακαρίζων
505 2228 550 2244 σου
572 2215 619 2250 τὴν
647 2214 789 2253 τιμιότητα
804 2238 811 2250 ,

68 2261 187 2300 Hypatio
199 2261 355 2300 presb.‚ep.
370 2264 436 2291 180.
451 2268 470 2290 t.
488 2264 516 2291 3.
529 2273 556 2300 p.
575 2264 642 2291 701.

108 2308 149 2335 Οὐ
163 2307 318 2345 παύσομεθοί
333 2320 363 2336 σε
381 2307 454 2346 παρὰ
469 2313 534 2336 πᾶσι
551 2308 739 2344 Θαυμάζοντες,
752 2306 811 2346 Hy—

71 2354 169 2382 mnetio
183 2354 329 2390 archiatro,
346 2365 387 2393 ep.
407 2356 455 2383 81.
473 2361 492 2382 t.
512 2356 540 2383 3.
558 2365 585 2393 p.
602 2355 669 2384 636.

109 2401 149 2428 Οὐ
168 2400 232 2438 πρὸς
245 2400 381 2439 Ἐφεσίους
395 2403 472 2428 τοῦτο
489 2400 592 2439 εἴρηται
609 2400 698 2437 μόνον,
711 2399 737 2427 in
754 2399 809 2438 Ep.

68 2444 103 2473 ad
117 2445 218 2484 Ephes.
236 2445 315 2474 Hom.
333 2448 379 2476 13.
399 2452 419 2473 t.
436 2449 482 2475 11.
498 2457 525 2484 p.
541 2448 590 2475 95.

110 2493 150 2520 Οὐ
164 2492 227 2529 πρὸς
238 2491 285 2526 τὴν
301 2491 392 2527 πόλιν,
405 2491 472 2519 ἀλλᾶ
486 2492 550 2531 πρὸς
566 2490 623 2523 τοὺς
638 2491 811 2525 ἐνοικοῦντας,

72 2537 98 2564 in
114 2536 211 2566 Psalm.
228 2537 294 2566 147.
311 2543 331 2565 t.
346 2538 374 2565 5.
387 2547 416 2575 p.
431 2537 497 2565 482.

112 2582 196 2610 Οὔπω
216 2582 311 2611 εἴκοσιν
332 2582 433 2621 ἡμέρας
454 2582 549 2620 ἔχομεν
570 2585 683 2622 σταυροῦ
706 2582 812 2620 μνείαν,

73 2638 101 2656 in
121 2635 224 2657 sanctas
245 2628 386 2664 Berniccn,
400 2629 560 2658 Prosdocen.
573 2636 622 2658 etc.
637 2636 657 2658 t.
673 2632 734 2667 *2.Ρ.
746 2629 812 2659 634.

1539 214 1606 261 367

905 286 989 315 Οὔπω
1004 287 1055 314 τῶν
1070 286 1203 326 προτέρων
1219 287 1427 319 ἀναπνεύσαντες
1439 289 1610 326 πειρασμῶν,

866 331 892 358 in
908 333 972 359 Acta
990 332 1082 370 Apost.
1100 331 1180 360 Hom.
1200 335 1245 361 10.
1262 339 1282 360 t.
1296 334 1324 362 9.
1343 343 1370 371 p.
1387 335 1435 362 80.

906 378 1024 415 Οὐρανὸς
1037 379 1101 415 ἡμῖν
1115 377 1204 416 γέγονε
1221 378 1334 417 σήμερον
1348 381 1365 414 ἡ
1380 381 1426 417 γῆ,
1441 378 1467 406 in
1483 378 1611 407 Penteco-

865 429 921 451 sten
938 426 963 459 1,
980 425 1095 461 spur-ia,
1111 431 1131 452 t.
1148 426 1175 453 3.
1194 435 1222 463 p.
1240 427 1308 453 787.

907 470 1027 508 Οὐρανοῦ
1041 469 1085 497 καὶ
1100 472 1148 506 γῆς
1163 470 1278 507 ἅμιλλαν
1294 472 1345 508 ὁρῶ
1362 470 1415 503 διά.
1430 471 1456 499 in
1472 470 1609 510 Principes

866 515 1055 553 Apostolorum
1067 537 1074 550 ,
1091 522 1110 544 t.
1127 518 1143 544 8
1159 518 1190 542 in
1204 516 1313 554 Spuriis
1325 538 1331 550 ,
1346 527 1373 555 p.
1392 519 1419 545 7.

904 559 958 592 Οὒς
981 560 1066 592 ξένους
1088 556 1159 588 εἶπεν
1185 561 1322 599 ἀνωτέρω,
1345 563 1456 591 ἐνταῦθα
1481 562 1559 602 πρός,
1580 562 1607 591 in

865 606 931 632 Acta
948 607 1039 643 Apost.
1056 605 1135 633 Hom.
1149 608 1177 635 5.
1196 613 1214 634 t.
1228 608 1255 635 9.
1272 617 1300 644 p.
1317 606 1364 636 40.

904 654 944 681 Οὐ
959 652 991 679 τὰ
1001 652 1115 691 τυχόντα
1125 655 1195 690 ἡμᾶς
1206 653 1305 688 ὤνησεν
1321 656 1338 688 ἡ
1352 654 1420 683 κατὰ
1432 655 1476 683 τὸν
1488 656 1567 693 Λάζ.,
1581 656 1607 684 in

865 698 996 726 Lazarum
1009 698 1101 726 Sermo
1116 701 1145 728 3.
1164 705 1184 729 t,
1203 703 1228 727 1.
1243 710 1272 737 p.
1288 701 1356 730 736.

904 746 944 773 Οὐ
954 743 988 772 τὰ
999 745 1112 783 τυχόντα
1127 747 1196 781 ἡμᾶς
1208 745 1327 783 ὠφέλησε
1338 744 1398 783 χθὲς
1409 748 1425 780 ἡ
1438 749 1493 783 τοῦ,
1508 747 1534 775 in
1550 748 1608 776 Ge-

864 789 947 818 nesim
961 789 1040 817 Hom.
1053 789 1101 818 24.
1121 796 1140 818 t.
1156 790 1184 819 4.
1201 801 1228 829 p.
1248 792 1316 820 216.

905 835 974 864 Οὔτε
986 836 1015 864 τὸ
1026 841 1077 864 πᾶν
1089 840 1146 868 ταῖς
1160 837 1249 875 εὐχαῖς
1263 837 1314 864 τῶν
1330 837 1420 876 ἁγίων,
1430 837 1456 866 in
1470 839 1524 877 Ep.
1539 841 1557 868 2
1571 839 1606 867 ad

865 883 1050 912 Tlicssalonic.
1069 883 1150 911 Hom.
1169 886 1196 912 5.
1216 890 1236 911 t.
1255 887 1299 912 11.
1317 895 1345 923 p.
1363 886 1432 914 536.

905 931 944 958 Οὐ
968 929 1016 964 τὴν
1039 929 1110 968 ἱερὰν
1135 929 1282 968 πανήγυριν
1302 933 1349 965 τῆς
1372 934 1562 966 πεντηκοστῆς,
1579 932 1607 961 in

864 985 956 1003 omnes
970 975 1096 1009 Sanctos,
1113 977 1211 1013 spuria
1227 982 1253 1003 et
1269 977 1385 1004 omissa.

904 1016 991 1052 Οῧτος
1005 1021 1114 1059 ἀδελφὸς
1129 1016 1161 1055 ἦν
1176 1024 1220 1049 τοῦ
1235 1021 1332 1060 Κυρίου
1350 1022 1394 1050 καὶ
1412 1022 1566 1058 ἐπίσκοπος,
1579 1022 1606 1051 in

867 1068 930 1094 Acta
945 1069 1036 1105 Apost.
1053 1066 1133 1095 Hom.
1150 1067 1198 1096 46.
1216 1073 1236 1096 t.
1251 1069 1279 1096 9.
1297 1079 1324 1106 p.
1342 1068 1410 1098 345,

905 1108 989 1144 Οῧτος
1010 1112 1099 1152 ,ἔχεται
1124 1117 1168 1142 τοῦ
1187 1114 1314 1153 προτέρου
1332 1115 1429 1150 πάλιν,
1452 1115 1490 1144 sic
1511 1116 1537 1144 in
1558 1117 1608 1145 tri-

866 1157 917 1190 bus
925 1158 1120 1197 Manuscriptis
1135 1159 1229 1198 incipit
1243 1159 1299 1187 haec
1314 1159 1415 1188 Homil.
1434 1161 1460 1188 in
1471 1163 1514 1190 Ps.
1534 1164 1586 1191 128
1599 1173 1606 1189 ε

866 1203 892 1230 iu
909 1202 997 1231 Editis
1010 1213 1072 1232 vero
1087 1204 1140 1239 sic,
1154 1205 1206 1233 Καὶ
1217 1200 1290 1238 οὗτος
1305 1209 1350 1234 τοῦ
1365 1206 1416 1244 πρὸ
1431 1208 1519 1238 αὐτοῦ.
1535 1207 1608 1237 Vide

865 1260 959 1288 supra.

906 1291 991 1327 Οῧτος
1005 1297 1019 1324 ὁ
1034 1296 1178 1332 Γαμαλιὴλ
1202 1297 1312 1325 Παύλου
1336 1298 1491 1331 διδάσκαλος
1505 1295 1536 1334 ἦν
1549 1322 1556 1334 ,
1580 1299 1607 1327 in

867 1343 931 1369 Acta
947 1343 1037 1380 Apost.
1056 1341 1136 1370 Hom.
1158 1343 1202 1371 14.
1222 1350 1241 1371 t.
1257 1345 1284 1372 9.
1302 1355 1331 1383 p.
1352 1348 1417 1374 110.

906 1388 927 1426 ἦ·
939 1385 1024 1422 Οἷτος
1035 1391 1048 1416 ὃ
1062 1390 1152 1423 Μῆδος
1169 1391 1288 1429 Δαρεῖος,
1299 1392 1403 1430 πρῶτον
1420 1391 1458 1427 δέ,
1469 1392 1495 1420 in
1507 1392 1607 1420 Danie-

865 1433 916 1462 lem
930 1445 987 1473 cap.
1000 1437 1027 1464 8.
1042 1441 1062 1462 t.
1075 1436 1102 1463 6.
1118 1446 1146 1473 p.
1165 1435 1233 1464 245.

905 1475 990 1513 Οῧτος
1010 1481 1057 1509 οὐκ
1084 1480 1154 1509 ἔστιν
1175 1481 1316 1516 Ἰουδαῖος,
1331 1483 1388 1511 οὐδὲ
1413 1485 1480 1519 ζῶν,
1493 1483 1519 1512 in
1545 1485 1608 1512 Acta

866 1528 959 1565 Apost.
976 1527 1054 1555 Hom.
1070 1529 1118 1556 22.
1133 1533 1154 1554 t.
1169 1529 1198 1556 9.
1217 1538 1244 1566 p.
1262 1530 1326 1566 177.

905 1568 990 1605 Οὗτος
1010 1575 1023 1601 ὃ
1045 1573 1148 1612 ψαλμὸς
1175 1575 1210 1605 εἷς
1239 1573 1286 1609 τὴν
1313 1574 1475 1604 κατάστασιν
1497 1577 1565 1608 τῶν,
1581 1574 1608 1604 in

866 1619 966 1649 Psalm.
986 1620 1051 1648 1:26.
1070 1625 1091 1649 t.
1107 1621 1134 1647 5.
1150 1630 1177 1658 Ρ.
1193 1620 1258 1649 355.

906 1663 990 1699 Οὗτος
1005 1666 1068 1704 παρ’
1081 1665 1218 1705 Ὲέραίοις
1231 1669 1244 1695 ὁ
1255 1667 1361 1706 ψαλμὸς
1373 1670 1448 1698 ἀνεπ,
1462 1669 1488 1697 in
1500 1670 1545 1698 Ps.
1557 1672 1607 1706 92,

865 1714 977 1751 spuria,
994 1719 1013 1740 t.
1027 1714 1054 1742 5.
1071 1723 1098 1750 p.
1119 1715 1186 1742 780.

907 1765 946 1792 Οὐ
971 1765 1047 1791 τοῦτο
1072 1763 1149 1800 μόνον
1167 1764 1222 1792 ἐστὶ
1234 1763 1263 1792 το
1275 1763 1443 1802 ζητούμενον,
1454 1765 1488 1793 de
1502 1765 1609 1804 Jejunio

867 1810 892 1837 in
908 1810 936 1838 S.
955 1809 1178 1847 Quadi-agesima‚
1191 1820 1224 1838 ex
1239 1809 1396 1847 fragmentis
1411 1811 1590 1839 consarcinata
1601 1833 1608 1845 ,

865 1863 894 1884 ut
907 1856 944 1884 ait
958 1855 1044 1884 Savil.
1055 1877 1062 1891 ‚
1076 1855 1122 1893 qui
1143 1855 1227 1883 edidit
1242 1861 1262 1883 t.
1277 1857 1305 1883 6.
1329 1867 1357 1894 p.
1372 1858 1438 1885 889.

906 1906 985 1935 Οὕτω
1002 1905 1115 1944 μεγάλαι
1130 1906 1195 1934 εἷο-ἰν
1211 1907 1237 1934 αἱ
1258 1907 1402 1945 εὐεργεσίαι
1418 1910 1463 1935 τοῦ
1479 1908 1563 1943 Θεοῦ,
1579 1907 1607 1935 in

866 1952 917 1991 Ep.
932 1955 943 1980 1
962 1951 996 1980 ad
1012 1952 1133 1980 Timoth.
1147 1951 1226 1979 Hom.
1244 1951 1272 1981 4.
1288 1958 1307 1981 t.
1330 1955 1375 1980 11.
1391 1963 1419 1991 p.
1437 1954 1504 1982 567.

906 2004 967 2041 Οὐχ
994 2003 1083 2035 ἁπλῶς
1113 2003 1187 2040 ἀρκεῖ
1212 2001 1256 2029 καὶ
1285 2004 1320 2033 ὡς
1347 2001 1425 2041 ἔτυχε
1435 2026 1441 2038 ,
1455 2002 1489 2030 de
1508 2003 1539 2031 iis
1560 2003 1606 2040 qui

866 2059 918 2076 non
934 2047 1042 2085 adsunt,
1057 2055 1081 2076 et
1096 2047 1128 2076 de
1141 2058 1213 2075 sacra
1230 2058 1330 2082 mensa,
1340 2051 1439 2085 spuria
1448 2056 1475 2077 et
1490 2051 1609 2080 omissa.

906 2099 967 2136 Οὐχ
988 2099 1072 2136 ἐαυτῷ
1097 2100 1201 2136 ἀρκεῖν,
1215 2097 1249 2125 de
1264 2098 1372 2136 Jejunio
1395 2099 1540 2128 secundum
1555 2100 1608 2128 fra-

867 2150 1014 2181 gmentum.
1033 2142 1119 2171 Savil.
1137 2150 1156 2170 t.
1171 2144 1200 2171 6.
1218 2154 1245 2181 Ρ.
1258 2144 1327 2173 886.

906 2195 967 2233 Οὐχ
977 2194 1020 2222 ἵνα
1034 2194 1124 2226 ἁπλῶς
1137 2194 1261 2231 μάθωμεν
1275 2194 1315 2222 ὅτι
1327 2193 1442 2230 ἠκούσθη
1453 2217 1462 2229 ,
1476 2194 1503 2222 in
1518 2196 1562 2223 Ps.
1576 2195 1606 2223 4.

867 2246 886 2268 t.
903 2242 929 2269 ὓ.
945 2251 972 2278 Ρ.
991 2242 1020 2270 6.

906 2291 976 2329 Οὐχὶ
986 2289 1077 2328 παρὼν
1094 2295 1147 2322 τοῖς
1158 2293 1288 2327 μαθηταῖς
1301 2292 1313 2318 ὁ
1324 2290 1437 2330 Χριστὸς
1450 2302 1566 2328 σωματ.,
1579 2289 1605 2318 in

866 2337 944 2365 Joan.
962 2336 1040 2363 Hom.
1057 2335 1103 2365 43.
1119 2343 1139 2364 t.
1160 2338 1186 2366 S.
1202 2346 1228 2374 p.
1247 2335 1313 2365 ⁴254.

907 2386 978 2425 Οὐχὶ
998 2386 1148 2425 φιλοτιμίας
1167 2385 1252 2414 ἕνεκεν
1278 2387 1427 2424 διηγοῦνται
1439 2408 1446 2422 ,
1461 2388 1517 2418 πῶς
1539 2385 1606 2424 γάρ,

867 2435 893 2462 in
908 2436 972 2462 Acta
990 2436 1080 2472 Apost.
1098 2435 1180 2462 Hom.
1196 2437 1240 2462 11.
1258 2440 1277 2462 t.
1292 2436 1321 2463 9.
1338 2444 1367 2472 p.
1382 2436 1430 2462 89.

907 2486 968 2524 Οὐχ
990 2484 1031 2513 ὅτι
1057 2486 1236 2522 οἰκοδομοῦσιν
1248 2507 1255 2519 ‚
1271 2485 1323 2513 οὐδ’
1337 2483 1378 2512 ὅτι
1399 2485 1563 2522 ἐγκαλοῦσιν,
1579 2484 1605 2511 in

867 2531 967 2560 Manh.
986 2532 1065 2559 Hom.
1082 2533 1128 2559 75.
1142 2537 1161 2559 t.
1180 2532 1209 2559 7.
1223 2541 1249 2569 Ρ.
1262 2530 1329 2559 714.

908 2582 968 2620 Οὐχ
983 2581 1063 2613 οὕτως
1079 2580 1208 2620 ἑωσφόρος
1221 2581 1342 2615 ἁπαλοῖς,
1358 2580 1383 2608 in
1397 2579 1495 2608 Psalm.
1507 2580 1533 2614 5,
1544 2589 1608 2617 spu-

869 2630 915 2656 ria
930 2634 956 2656 et
970 2629 1174 2666 prsetermissa.
