1950 2922
118 829 180 849 Αιπιο
199 826 253 856 337.

276 193 341 228 116
734 204 763 227 5.

269 268 417 297 sciscitatus
427 278 486 296 sum
498 290 506 304 ,
519 278 567 296 cur
581 266 690 295 ccclesia
704 266 793 295 relicta
806 263 841 292 ad
852 261 1007 292 Judaeorum

269 314 381 352 collegia
397 314 471 342 illam
483 313 604 342 traxerit.
624 315 656 341 At
670 312 716 340 ille
732 310 831 339 multos
843 307 895 337 sibi
907 306 1008 334 dixisse

270 360 423 398 inquiebat,
435 358 640 398 jusjurandum,
658 357 730 396 quod
752 356 790 384 ibi
808 355 935 389 daretur,
950 363 1008 380 ma-

270 406 311 444 gis
332 405 531 434 formidandum
552 415 615 432 esse.
635 403 679 432 Ob
699 413 758 441 quze
782 399 1007 439 ingemiscebam,

271 458 296 479 et
316 451 354 479 ira
367 450 541 485 incendebar,
558 449 620 477 hinc
639 459 731 477 rursus
744 447 876 476 ridebam.
892 446 1009 474 Cernens

271 496 341 524 enim
360 496 461 524 diaboli
481 495 608 523 astutiam
623 494 754 533 ingemui,
766 491 839 531 quod
853 491 1008 520 homiuibus

269 542 299 570 id
312 541 470 580 persuadere
479 548 565 580 posset
577 552 583 567 :
599 540 764 568 considerata
778 549 842 567 vero
854 547 946 566 eorum
960 537 1008 575 qui

269 587 473 626 decipiebantur
486 586 608 615 socordia
616 609 624 623 ,
642 586 774 614 excandui
785 607 793 620 ,
807 591 832 613 et
852 583 1008 613 eorumdem

269 640 367 671 quanta
391 640 458 661 esset
480 632 594 661 amentia
620 642 726 660 mecum
748 637 889 670 reputans,
918 629 975 657 risi.
993 640 1007 654 n

269 679 339 708 Risit
352 679 436 718 igitur
447 679 574 713 ille,licet
589 678 626 706 rei
642 678 760 716 gravitas
776 676 905 705 adimeret
914 676 1007 714 jocan-

267 725 296 753 di
319 724 552 765 facultatem3sed
570 725 647 763 jocus
664 723 709 752 ille
730 722 799 751 nihil
822 721 856 750 de
876 721 1008 760 gravitate

268 771 412 811 decerpsit.

307 817 458 847 Secundam
473 817 614 846 homiliam
633 817 726 845 decem
742 822 788 844 aut
809 815 934 855 pluribus
953 815 1006 843 ela-

266 863 322 902 psis
343 874 358 892 a
380 863 465 902 prima
484 863 580 891 dicbus
599 862 712 898 habuit,
729 872 760 890 ac
780 861 898 899 quinque
911 860 1006 888 diebus

264 916 341 945 ante,
357 919 438 947 quam
458 909 614 938 Judaeorum
629 908 764 948 jejunium
789 907 908 943 adesset,
925 914 954 934 ut
969 907 1007 935 sic

264 954 323 994 ipse
336 954 452 983 declarat
467 954 562 983 initio:
574 954 772 992 ‹illlegitimum
789 953 871 991 igitur
885 953 1006 992 ipsorum

262 1001 396 1040 jejunium
408 1007 467 1040 post
479 1000 597 1038 quinque
608 999 665 1028 dies
676 999 802 1038 deinceps
816 999 896 1027 instat
908 1005 948 1026 :at
959 1009 1007 1037 ego

265 1053 326 1074 ante
347 1046 437 1075 decem
454 1045 529 1081 dies,
552 1046 595 1074 vel
615 1046 722 1084 plures,
744 1044 954 1073 cohortationem
974 1043 1008 1072 ad

264 1103 313 1121 vos
328 1092 426 1128 habui,
440 1098 468 1120 ut
490 1092 585 1120 fratres
603 1097 705 1120 vestros
722 1090 922 1129 praemunirem.
939 1101 952 1115 1)
968 1090 1007 1118 Νο

265 1149 329 1167 vero
343 1138 451 1166 dubites
472 1139 540 1166 hanc
560 1137 645 1176 ipsam
669 1147 743 1170 esse,
759 1146 839 1174 quam
861 1134 1006 1163 secundam

267 1190 358 1212 contra
372 1183 481 1213 Judaeos
499 1183 594 1211 habuit
604 1205 612 1218 ,
628 1182 691 1210 vide
703 1182 838 1220 quomodo
852 1181 889 1209 ibi
902 1181 935 1209 de
947 1181 1006 1219 pri-

265 1240 306 1257 ma
319 1229 445 1267 loquatur
457 1240 531 1258 num.
540 1230 558 1256 5
570 1240 576 1258 :
594 1228 672 1256 «Non
685 1227 797 1255 audistis
808 1228 833 1255 in
846 1227 928 1266 priori
943 1237 1006 1255 con-

263 1275 352 1309 cioue⁷
367 1285 449 1313 quam
461 1275 531 1302 clare
547 1273 758 1302 1110111013110110
777 1273 987 1301 demonstratum
996 1295 1004 1309 ,

264 1321 335 1359 ipsas
349 1321 451 1348 animas
463 1319 630 1351 Judaeorum.
639 1326 664 1347 et
675 1319 732 1347 loca
746 1319 791 1347 ubi
800 1327 1004 1357 congregantur⁷

263 1366 452 1394 adaemonibus
462 1365 598 1393 hal-itari?
609 1365 662 1392 »ld
674 1375 746 1400 vero,
759 1375 854 1404 nempe
867 1372 891 1393 et
901 1365 1004 1394 animas

262 1412 436 1446 Judmorum,
454 1418 479 1440 et
494 1411 551 1440 loca
567 1411 724 1439 eurumdem
738 1421 752 1439 a
766 1410 936 1440 daemonibus
952 1411 1004 1440 113-

262 1457 358 1494 1111311,
375 1457 516 1496 conspicue
529 1464 554 1485 et
570 1457 626 1485 susc
646 1457 741 1496 probat
755 1457 800 1485 ille
815 1457 926 1485 homilia
946 1457 1003 1496 pri-

262 1514 305 1531 ma
326 1511 417 1532 contra
437 1503 547 1532 Judaeos
564 1514 639 1532 num.
657 1505 691 1531 6:
711 1503 748 1531 ita
767 1511 795 1531 ut
810 1511 881 1532 certo
905 1505 1003 1533 certius

262 1549 312 1584 sit,
330 1549 404 1577 illam
415 1560 470 1577 esse
483 1556 574 1577 contra
588 1549 696 1578 =ludaeos
711 1550 826 1588 primam
836 1573 843 1585 ‚
859 1550 927 1578 hanc
939 1562 1003 1580 vcro

261 1594 421 1630 secundam,
436 1605 516 1632 quam
531 1594 653 1622 dolemus
668 1594 701 1622 ad
723 1605 770 1623 nos
787 1596 909 1624 mutilam
923 1596 1003 1625 deve-

262 1640 349 1668 nisse:
367 1639 433 1668 nihil
456 1646 526 1668 certe
547 1650 598 1668 non
620 1640 724 1677 egimus
740 1647 768 1668 ut
786 1651 844 1669 eam
865 1648 965 1670 sartam
979 1650 1003 1671 et

263 1692 359 1714 tectam
380 1685 536 1721 ederemus;
560 1685 607 1714 sed
637 1685 736 1714 frustra
766 1697 865 1715 cessere
894 1695 1003 1717 conatus

267 1742 367 1760 omnes.

303 1778 424 1806 Tertiam
439 1778 621 1807 incunctanter
634 1778 774 1818 posuimus
782 1779 929 1808 Homitiam
944 1791 1002 1809 eam

264 1823 341 1861 cujus
356 1823 451 1852 titulus
467 1831 521 1858 est,
546 1825 581 1851 In
593 1834 640 1852 eos
654 1827 705 1862 qui
716 1826 810 1863 primo
823 1826 941 1853 Pascha
954 1827 1002 1864 je-

261 1872 369 1909 junant
379 1892 386 1905 ‚
402 1869 429 1897 id
444 1876 495 1905 est,
508 1876 598 1898 contra
614 1870 779 1898 Christianos
792 1870 869 1905 illos,
884 1871 1002 1908 quicum

264 1915 364 1944 Pascha
388 1914 544 1944 Judaeorum
565 1915 667 1953 aliquot
693 1915 788 1943 diebus
813 1923 873 1954 post
900 1917 1002 1945 Pascha

263 1960 478 1989 Christianorum
500 1960 663 1995 celebratur,
679 1960 706 1989 in
727 1961 855 1989 Paschate
869 1962 1003 1991 Christia-

263 2016 358 2034 norum
379 2006 518 2045 jejunant,
535 2013 563 2034 ut
585 2006 719 2045 jejunium
740 2017 823 2045 usque
845 2007 880 2036 ad
901 2009 1002 2037 Pascha

263 2051 418 2081 ,ludaeorum
443 2060 646 2091 prosequantur.
664 2052 737 2080 Illud
762 2060 850 2082 autem
870 2064 939 2082 auno
961 2065 1002 2083 se-

264 2098 356 2135 quenti
371 2098 444 2131 387,
459 2097 546 2135 inquit
561 2097 782 2137 Cluysostomus,
798 2099 935 2128 accidebat
949 2123 955 2133 ‚
967 2108 1003 2129 at-

264 2154 330 2180 que,
347 2150 375 2171 111
388 2150 441 2171 tam
455 2154 566 2182 pravam
581 2144 802 2173 consuetudinem
817 2145 921 2174 aboleat
934 2169 942 2182 ,
955 2146 1003 2175 ho-

266 2188 403 2216 miliarum
418 2196 507 2216 contra
523 2191 665 2218 Anomceos
679 2197 704 2218 et
718 2190 751 2219 de
766 2191 904 2229 Unigeniti
918 2192 1002 2231 gloria

265 2244 373 2261 cursum
389 2234 539 2272 intercipit,
556 2241 584 2262 111
597 2234 652 2273 ipse
665 2235 742 2264 initio
755 2236 871 2265 homitiae
885 2237 1003 2266 declarat

266 2279 308 2307 his
323 2279 411 2307 verbis
424 2290 430 2305 t
445 2292 459 2305 (t
470 2280 572 2308 Rursus
587 2282 764 2310 necessarium
774 2283 911 2320 quoddam
923 2291 947 2312 et
960 2295 1005 2312 ur-

265 2335 328 2363 gens
343 2326 479 2363 negotium
489 2347 495 2359 ,
514 2336 605 2354 eorum
619 2337 679 2364 qum
694 2338 778 2366 nuper
795 2328 866 2357 (11013
886 2337 947 2358 511111
962 2341 1004 2359 50·-

265 2371 332 2399 1·10111
345 2371 556 2410 interrumpens,
571 2371 607 2400 ad
619 2383 646 2400 se
663 2374 809 2402 orationem
827 2375 944 2404 traducit
956 2399 964 2410 ,
979 2383 1004 2404 et

265 2428 278 2444 a
290 2417 417 2455 susceptis
429 2427 488 2445 cum
503 2417 634 2446 haereticis
649 2420 838 2449 certaminibus
853 2432 900 2450 uos
914 2422 1003 2450 abdu-

265 2464 310 2491 cit.
323 2464 391 2491 Nam
414 2472 461 2490 nos
476 2462 584 2500 quidem
607 2474 698 2491 rursus
712 2463 745 2492 de
764 2466 901 2504 Unigeniti
920 2468 1004 2506 gloria

265 2508 298 2536 ad
309 2508 445 2537 caritatem
458 2515 572 2536 vestram
584 2509 664 2537 verba
677 2510 760 2538 facere
768 2513 853 2549 parati
866 2523 979 2542 eramus,
989 2526 1003 2540 1)

264 2555 313 2583 His
329 2566 408 2594 porro
429 2554 546 2583 declarat
565 2566 592 2583 se
610 2556 667 2594 jam
686 2557 800 2585 secundo
825 2558 1002 2589 Homiliarum

264 2608 352 2629 contra
383 2605 523 2629 Auomoeos
547 2611 654 2630 cursum
680 2602 860 2641 interpellare,
884 2606 954 2642 quod
976 2618 1003 2634 sc

792 200 931 226 JOANNiS
958 197 1190 221 cttttYSOSToatl
1219 198 1313 229 VITA,

1062 259 1149 298 primo
1170 259 1262 288 fecisse
1281 259 1348 288 dicit
1371 259 1448 288 initio
1467 258 1586 289 homitiae
1599 260 1693 300 primae
1707 267 1798 290 contra

1061 305 1177 334 Judaeos.
1201 305 1306 334 Etenim
1329 316 1389 334 cum
1410 305 1525 344 primam
1548 312 1638 334 contra
1657 308 1799 335 Anomoeos

1060 351 1206 379 orationem
1223 351 1376 387 habuisset,
1389 361 1497 379 cursum
1518 350 1610 379 sistere
1622 359 1727 380 00301115
1741 358 1778 380 est
1790 372 1798 385 ,

1061 406 1112 423 non
1134 395 1214 424 modo
1236 404 1265 424 ut
1287 404 1378 425 contra
1399 396 1505 426 Judaeos
1527 403 1689 425 concertaret
1702 419 1709 433 ‚
1724 397 1798 435 quod

1059 441 1165 470 duabus
1187 443 1306 471 homiliis
1325 443 1469 482 praestitit3
1484 442 1531 472 sed
1553 443 1632 471 etiam
1654 451 1683 472 ut
1708 445 1799 473 Patres

1061 489 1227 526 spirituales
1253 499 1298 517 seu
1323 489 1461 528 episcopos
1485 489 1588 518 vicinos
1601 512 1607 524 ‚
1628 489 1675 528 qui
1702 490 1799 519 Antio-

1061 533 1149 562 chiam
1169 541 1311 571 venerant,
1325 535 1475 574 exciperet,
1486 546 1517 563 30
1531 542 1620 574 postea
1634 543 1800 565 occurrentes

1064 581 1162 610 multas
1178 589 1327 621 martyrum
1339 582 1517 611 solemnitates
1527 582 1747 618 celebraret.His‚
1758 583 1800 612 in-

1061 639 1157 665 quam,
1171 628 1296 657 omnihus
1311 628 1493 668 interpellatus
1514 635 1552 657 est
1572 640 1586 657 a
1605 635 1690 667 coepta
1709 636 1799 658 contra

1061 676 1202 702 Anomoeos
1216 685 1305 713 pugna
1318 686 1325 711 ;
1340 675 1376 703 ita
1391 682 1420 703 ut
1442 685 1494 703 non
1517 674 1653 703 modicum
1673 675 1800 714 temporis

1060 721 1235 749 intervallum
1249 721 1329 750 fuerit
1345 721 1458 760 primam
1473 721 1542 749 inter
1556 720 1696 749 homiliam
1708 727 1800 749 contra

1061 770 1202 796 Anomoeos
1220 775 1245 796 ct
1260 768 1375 796 tertiam.
1393 768 1462 795 Cum
1476 774 1563 795 autem
1579 767 1695 806 primam
1709 773 1800 795 contra

1060 813 1168 842 Judaeos
1191 813 1330 842 homiliam
1350 813 1474 841 habuerit
1496 823 1584 841 mense
1602 814 1723 851 Augusto
1737 812 1801 841 anni

1062 858 1120 888 386
1130 881 1137 893 ‚
1152 866 1182 888 ut
1195 870 1276 899 supra
1296 859 1436 895 diximus;
1451 859 1594 887 secundam
1614 869 1676 887 vero
1693 859 1801 888 ineunte

1060 905 1165 934 circiter
1177 905 1344 945 Septembri,
1357 906 1455 934 decem
1466 928 1473 941 ‚
1487 905 1523 933 ait
1534 905 1580 933 ille
1589 928 1597 941 ‚
1607 912 1657 933 aul
1667 905 1800 943 pluribus

1060 953 1160 979 diebus
1172 959 1231 990 post
1248 952 1372 991 primam,
1381 962 1506 990 magnam
1517 950 1683 989 Septembris
1697 958 1800 990 partem

1060 997 1213 1026 insumserit
1228 997 1254 1025 in
1271 997 1436 1036 excipiendis
1454 997 1509 1025 iltis
1530 997 1626 1025 vicinis
1646 996 1778 1036 episcopis
1789 1019 1797 1033 ,

1060 1050 1085 1071 et
1099 1042 1264 1071 celebrandis
1277 1050 1428 1082 martyrum
1442 1042 1666 1077 solemnitatibus,
1677 1053 1799 1070 rursum-

1060 1099 1112 1126 que
1137 1089 1288 1127 Septembri
1310 1095 1423 1116 exeunte
1446 1098 1534 1116 mense
1561 1098 1680 1127 pugnam
1707 1095 1799 1116 contra

1060 1137 1202 1163 Auomceos
1217 1134 1385 1168 resumserit‚
1396 1145 1477 1172 quam
1487 1134 1545 1169 ‚vel
1564 1134 1684 1162 nondum
1705 1141 1800 1162 exacto

1060 1180 1211 1219 Septembri
1226 1203 1233 1214 ‚
1258 1181 1300 1209 vel
1331 1180 1408 1208 initio
1435 1179 1561 1209 Octobris
1588 1179 1684 1208 iterum
1705 1190 1800 1218 prose-

1060 1235 1160 1265 quutus
1183 1228 1232 1260 sit,
1248 1235 1358 1266 urgente
1372 1250 1379 1258 .
1405 1234 1433 1256 111
1456 1227 1502 1255 1110
1523 1227 1577 1262 ait,
1593 1228 1746 1256 necessitate
1771 1234 1801 1256 ut

1059 1280 1149 1301 contra
1165 1273 1274 1302 Judaeos
1289 1284 1381 1301 rursus
1398 1280 1530 1301 certamen
1546 1272 1664 1302 haberet.
1679 1275 1720 1301 An
1735 1283 1800 1302 vero

1059 1325 1117 1356 post
1130 1319 1273 1346 secundam
1285 1326 1375 1347 contra
1389 1321 1530 1348 Anomoeos
1542 1320 1698 1348 concionem
1709 1342 1718 1356 ,
1730 1320 1800 1348 hanc

1060 1364 1164 1392 tertiam
1179 1372 1270 1393 contra
1284 1365 1393 1394 Judaeos
1408 1365 1532 1394 habuerit
1542 1389 1549 1401 ‚
1564 1376 1597 1394 an
1617 1373 1676 1405 post
1693 1367 1798 1395 tertiam

1058 1410 1100 1439 vcl
1115 1418 1173 1449 post
1188 1418 1310 1448 quartam
1323 1432 1329 1444 ‚
1344 1411 1372 1439 id
1388 1412 1466 1450 plane
1482 1411 1612 1440 incertum
1633 1419 1692 1449 est,
1714 1423 1800 1451 neque

1058 1456 1107 1485 hac
1121 1456 1154 1485 de
1168 1468 1196 1485 re
1209 1457 1359 1495 quidquam
1371 1457 1435 1485 certi
1450 1458 1530 1485 statui
1545 1468 1622 1496 posse
1635 1457 1751 1486 videtur.

1097 1503 1136 1531 Ne
1150 1510 1239 1531 antem
1251 1503 1320 1531 hanc
1335 1503 1439 1531 tertiam
1455 1510 1547 1531 contra
1561 1503 1670 1532 Judaeos
1689 1504 1798 1533 concio—

1058 1559 1117 1577 nem
1139 1549 1186 1578 diu
1206 1556 1263 1588 post
1285 1549 1469 1588 Septembrem
1491 1549 1678 1585 amandemus,
1705 1551 1799 1590 prohi-

1057 1594 1119 1623 bere
1135 1595 1242 1623 videtur
1259 1595 1466 1634 Chrysostomus
1483 1595 1601 1624 Homilia
1618 1595 1645 1623 in
1660 1596 1732 1624 diem
1745 1598 1798 1625 Na-

1058 1638 1137 1668 talem
1150 1641 1252 1671 Christi
1266 1663 1273 1674 ,
1285 1651 1367 1678 quam
1382 1640 1477 1669 113111111
1489 1651 1557 1669 311110
1575 1641 1631 1670 386
1641 1663 1649 1677 ,
1665 1642 1710 1670 die
1724 1642 1799 1681 vige-

1057 1687 1124 1715 sima
1147 1687 1238 1724 quinta
1264 1687 1440 1715 Decembris:
1456 1688 1603 1726 «Tempus
1622 1695 1712 1716 autem
1741 1695 1797 1717 tum

1057 1739 1112 1761 erat
1124 1744 1138 1758 »
1150 1755 1157 1766 ,
1170 1733 1271 1770 inquit,
1288 1745 1301 1759 «
1316 1732 1374 1760 festi
1388 1733 1637 1762 Tabernaculorum
1647 1734 1774 1773 etjejunii
1788 1745 1795 1763 ε

1057 1778 1108 1806 1100
1120 1778 1191 1806 0111111
1202 1779 1248 1806 1113
1262 1778 1343 1807 verba
1361 1778 1412 1807 sibi
1428 1779 1537 1814 volunt,
1550 1781 1717 1808 Humiliate
1735 1783 1799 1808 ani-

1058 1834 1121 1852 mas
1135 1831 1250 1853 vestras
1260 1836 1271 1857 ,·
1287 1824 1369 1862 idque
1382 1835 1397 1852 a
1408 1824 1510 1854 Judaeis
1525 1824 1594 1853 circa
1606 1826 1685 1854 finem
1700 1827 1798 1854 mensis

1059 1870 1176 1910 Gorpicei
1189 1895 1195 1908 ‚
1212 1871 1240 1899 id
1255 1878 1292 1899 est
1307 1870 1472 1910 Septembris
1481 1893 1488 1907 ,
1500 1871 1573 1908 quod
1585 1878 1609 1899 et
1621 1883 1669 1900 vos
1684 1872 1796 1900 testami-

1059 1917 1086 1944 ni
1099 1938 1106 1951 ‚
1121 1916 1314 1945 celebrabatur.
1329 1918 1406 1945 Tunc
1419 1916 1489 1944 enim
1505 1916 1603 1945 multos
1625 1918 1798 1956 prolixosque

1058 1974 1191 1992 sermones
1205 1970 1296 1992 contra
1306 1963 1415 1993 Judaeos
1425 1963 1586 2002 protulimus
1593 1987 1600 1998 ‚
1612 1964 1839 2004 11119011111111111*02

1059 2020 1150 2037 corum
1163 2009 1295 2048 jejunium
1310 2016 1470 2038 accusantes.
1485 2021 1499 2035 »
1516 2009 1556 2037 Eo
1576 2010 1660 2048 igitur
1675 2033 1682 2045 ,
1699 2017 1727 2038 ut
1750 2021 1798 2040 nos

1060 2056 1244 2084 constituimus
1252 2078 1260 2091 ,
1270 2062 1388 2094 tempore
1398 2055 1446 2083 has
1456 2062 1507 2084 tres
1517 2063 1606 2084 contra
1616 2056 1723 2085 Judaeos
1734 2067 1797 2085 con-

1059 2103 1147 2130 ciones
1167 2102 1271 2130 habuit.
1286 2103 1378 2140 Neque
1390 2108 1477 2129 tamen
1491 2101 1525 2129 ita
1539 2112 1627 2130 mense
1644 2102 1796 2141 Septembri

1058 2147 1163 2176 habitas
1174 2147 1240 2176 dicit
1252 2148 1300 2176 has
1311 2147 1408 2175 multas
1420 2146 1593 2185 prolixasque
1603 2147 1727 2176 homilias
1738 2171 1746 2183 ,
1766 2155 1795 2177 111

1058 2194 1161 2222 nullam
1182 2201 1257 2228 ante,
1272 2193 1375 2221 nullam
1397 2199 1456 2231 post
1477 2193 1660 2231 Septembrem
1675 2204 1795 2232 pronun-

1058 2239 1140 2268 tiarit.
1155 2240 1223 2268 Nam
1239 2250 1300 2267 cum
1313 2239 1368 2275 ait,
1388 2240 1468 2266 Tunc
1486 2241 1563 2266 enim
1584 2240 1689 2269 multos
1708 2241 1798 2279 proli-

1056 2297 1165 2323 xosqzte
1184 2295 1329 2314 sermones
1353 2292 1455 2313 contra
1475 2286 1593 2314 Judaeos
1619 2287 1794 2323 habuimus,

1058 2339 1164 2371 tempus
1188 2332 1292 2361 circiter
1315 2338 1423 2360 annotat
1436 2353 1444 2367 ,
1470 2341 1554 2369 neque
1583 2331 1709 2361 homilias
1735 2333 1796 2362 illas

1060 2389 1151 2406 omnes
1165 2389 1253 2406 mense
1267 2377 1417 2417 Septembri
1435 2377 1631 2406 circumscribit
1643 2390 1650 2405 :
1662 2389 1713 2407 non
1727 2379 1799 2408 enim

1060 2425 1126 2452 solet
1139 2424 1348 2463 Chrysostomus
1360 2430 1433 2451 tanto
1454 2424 1581 2463 scrupulo
1603 2431 1677 2453 notas
1691 2432 1799 2465 tempo-

1061 2481 1119 2498 rum
1140 2470 1312 2508 consignare,
1333 2476 1360 2497 ut
1381 2470 1479 2508 passim
1497 2469 1708 2499 observavimus.
1730 2472 1798 2500 Cum

1062 2527 1124 2544 vero
1134 2515 1208 2551 (licit,
1217 2516 1513 2554 multosprolixosque
1522 2526 1677 2551 sermones,
1687 2517 1799 2549 πολλοὺς

1060 2562 1103 2590 καὶ
1116 2561 1232 2600 μακροὺς
1246 2561 1349 2599 λόγους,
1362 2561 1408 2589 1135
1424 2568 1475 2589 tres
1490 2561 1613 2589 homilias
1623 2561 1742 2590 indicare
1757 2562 1798 2590 vi-

1059 2608 1152 2640 detur,
1170 2607 1302 2645 etiamque
1317 2608 1425 2636 sortasse
1439 2607 1505 2635 alias
1517 2629 1524 2643 ‚
1546 2617 1604 2645 quae
1619 2607 1715 2646 injuria
1729 2614 1796 2636 tem—
