1910 2907
2 685 32 712 pii

0 1927 40 1952 31.

567 200 655 223 NUNC
683 200 813 223 PRIMUM

44 263 214 292 cumbeutem
227 285 234 299 ,
251 272 276 291 et
290 274 304 292 a
320 263 512 302 Chrysostomo
527 262 654 291 laudibus
669 262 788 291 celebra-

46 316 98 337 tam
117 322 124 337 :
143 309 452 348 Constantinopolitanos
472 309 507 337 ob
527 308 654 337 circensia
669 316 694 337 et
713 308 789 337 thea-

45 355 122 384 tralia
134 355 284 394 spectacula
301 355 458 394 gravissime
471 355 635 394 increpatos,
652 361 787 394 optantes,

46 401 99 429 imo
121 401 248 429 instantes
264 400 336 440 apud
352 401 575 439 Chrysostomum
598 407 626 428 ut
641 410 668 428 se
689 400 790 428 talibus

45 454 98 475 tam
113 447 215 476 acerbis
236 447 345 476 monitis
365 446 400 475 ad
416 454 514 475 rectam
534 446 606 474 viam
627 445 789 474 deduceret:

46 493 179 528 Gotthos,
199 494 278 532 jussu
297 494 354 532 ejus
377 492 503 522 Gotthice
527 492 679 531 Scripturas
694 492 789 530 legen—

44 546 83 568 tes
101 547 126 568 et
143 540 270 569 Gotthice
286 539 473 578 praedicantes.
497 539 558 568 Jam
576 549 640 567 vero
655 537 689 566 ad
705 537 790 566 tristia

44 585 185 621 ducimur,
201 596 259 624 quae
275 592 304 614 ut
317 586 416 614 clarius
428 595 608 624 exponamus,
625 584 706 613 altius
718 594 791 623 repe-

44 630 124 659 tenda
140 642 181 660 res
192 638 240 660 est.
463 657 468 661 .

86 677 235 715 Eutropius
250 676 390 705 eunuchus
409 676 494 715 gratia
510 676 582 715 apud
600 676 791 715 Imperatorem

46 723 192 752 Arcadium
207 723 358 762 plurimum
376 722 500 757 valebat,
522 722 632 760 ejusque
645 721 756 750 consilio
767 728 792 750 et

0 786 2 795 i
27 793 32 798 .
45 769 202 797 auctoritate
213 779 324 807 quaeque
336 768 454 796 maxima
469 768 579 807 Imperii
594 769 698 806 negotia
712 777 792 806 gere-

44 817 152 845 bantur.
180 817 205 844 Is
228 827 290 844 cum
312 816 422 845 Joannis
444 815 629 855 Chrysostomi
651 815 678 843 in
701 814 791 843 sedem

45 861 367 901 Constantinopolitanam
381 861 556 900 promovendi
569 868 662 889 auctor
677 860 770 889 suisset
781 882 789 896 ,

44 908 123 937 initio
143 908 201 947 ejus
217 907 324 936 monitis
341 907 500 946 placitisque
521 907 595 935 haud
606 917 676 945 aegre
691 916 792 935 morem

44 955 162 994 gerebat.
181 953 359 991 subindeque
382 959 548 981 accrescente
572 952 688 992 potentia
702 974 709 987 ,
730 962 792 980 cum

44 1000 112 1029 altos
126 1000 237 1039 spiritus
255 999 439 1034 assumsisset,
462 1009 514 1027 non
538 997 681 1026 desistebat
702 997 794 1037 Chry-

45 1055 177 1077 sostomus
190 1070 197 1082 ,
222 1047 267 1076 sed
285 1046 391 1075 dicebat
410 1046 451 1074 illi
472 1046 599 1085 fugitivas
612 1056 668 1074 esse
681 1045 793 1074 divitias

44 1095 219 1134 fragilemque
232 1095 377 1134 potentiam
390 1094 555 1122 stecularem.
570 1093 621 1122 Illo
634 1100 722 1122 autem
737 1104 793 1122 rem

45 1152 115 1180 aegre
126 1142 238 1175 ferente,
252 1140 368 1170 addebat
381 1141 408 1170 S.
424 1140 536 1175 doctor,
554 1151 581 1168 se
591 1139 637 1178 qui
650 1147 791 1178 argueret,

45 1199 108 1217 vere
121 1189 259 1224 amicum3
276 1195 437 1225 caeterosque
452 1188 498 1226 qui
513 1194 587 1226 gesta
602 1187 687 1226 ipsius
699 1186 793 1215 lauda-

48 1241 108 1263 rent
117 1257 124 1270 ‚
136 1234 288 1262 adulatores
300 1244 364 1262 esse.
378 1234 526 1273 Eutropius
539 1244 602 1262 vero
616 1244 672 1261 rem
684 1233 794 1272 indigne

47 1280 127 1317 tulit,
144 1291 174 1308 ac
185 1279 281 1308 deinde
299 1280 491 1318 Chrysostomo
508 1279 712 1308 adversabatur.

87 1328 160 1355 Inter
174 1327 227 1354 alia
243 1337 307 1354 vero
319 1349 326 1362 ‚
343 1336 402 1363 quae
417 1333 512 1365 praeter
524 1325 711 1365 Chrysostomi
732 1335 794 1353 con-

47 1373 140 1401 silium
156 1380 181 1401 et
197 1372 363 1404 voluntatem
375 1372 526 1410 designavit
538 1372 696 1411 Eutropius,
709 1372 795 1410 legem

47 1420 111 1448 ferri
128 1419 249 1453 curavit,
266 1425 293 1446 ut
305 1418 373 1458 asyli
388 1425 413 1446 et
425 1418 603 1446 immunitatis
617 1419 662 1456 jus
677 1417 795 1445 ecclesiis

49 1465 197 1494 tolleretur.
216 1466 318 1494 Verum
334 1463 363 1492 id
377 1464 423 1492 ille
441 1463 468 1491 in
484 1463 580 1502 capitis
595 1463 635 1491 sui
650 1463 794 1502 perniciem

49 1511 159 1540 molitus
181 1516 228 1539 est.
252 1511 321 1538 Cum
345 1510 416 1538 enim
441 1516 533 1548 postea
556 1517 716 1538 accresceret
743 1509 794 1538 sibi

49 1558 124 1598 apud
134 1559 325 1597 Imperatorem
340 1557 426 1595 gratia
437 1579 444 1591 ,
462 1556 571 1584 Patricii
586 1566 680 1585 nomen
694 1563 717 1585 et
730 1567 795 1585 con—

49 1604 166 1632 sulatum
179 1603 243 1631 anni
268 1602 598 1641 undequadringentesimi
616 1610 795 1640 consequutus

48 1657 97 1678 est.
120 1650 187 1684 Quae
208 1660 248 1677 res
266 1649 359 1677 multis
374 1648 524 1688 displicuit.
550 1647 672 1677 Tandem
698 1649 794 1677 Tribi-

49 1695 139 1734 gildus
154 1695 278 1723 tribunus
291 1694 360 1723 clam
375 1695 479 1723 favente
493 1695 596 1728 Gaina,
617 1702 708 1723 coacta
720 1695 795 1723 mili-

48 1748 106 1769 tum
119 1751 198 1769 manu
213 1751 227 1768 a
244 1740 419 1769 formidoloso
435 1741 561 1780 Principe
573 1741 691 1770 Arcadio
708 1741 794 1781 impe-

49 1787 145 1821 travit,
156 1793 185 1815 ut
201 1786 286 1825 gradu
301 1786 461 1825 dejiceretur
479 1787 627 1826 Eutropius
644 1799 650 1814 ι
667 1787 715 1825 qui
733 1798 793 1817 cum

50 1831 238 1870 Tribigildum
257 1832 376 1870 aliosque
397 1833 433 1861 ad
448 1843 538 1861 necem
556 1833 608 1861 sibi
628 1833 792 1862 inferendam

50 1885 157 1917 paratos
173 1885 303 1913 cerneret,
320 1878 347 1906 in
365 1879 503 1907 ecclesiam
513 1901 520 1913 ‚
535 1879 608 1917 quod
620 1879 731 1908 unicum
743 1880 795 1909 sibi

52 1924 206 1962 perfugium
227 1931 381 1962 supererat,
398 1934 426 1952 se
440 1925 547 1963 recepit.
563 1925 734 1963 Tribigildus
749 1937 795 1954 au-

54 1978 107 1999 tem
121 1978 147 1999 et
164 1970 263 1999 milites
275 1971 351 2010 jussa
371 1971 540 2010 imperatoris
563 1972 671 2000 Arcadii
692 1983 746 2011 prae
769 1984 796 2002 se

56 2017 167 2045 ferentes
177 2039 185 2051 ,
199 2023 228 2044 ut
242 2016 294 2045 sibi
306 2016 454 2056 Eutropius
467 2017 617 2046 traderetur
629 2018 795 2055 insistebant,

53 2070 78 2091 et
91 2062 192 2091 strictis
204 2062 301 2101 gladiis
315 2063 341 2091 in
351 2063 489 2091 ecclesiam
502 2064 652 2103 irrumpere
661 2064 794 2093 volebant.

54 2110 156 2138 Verum
170 2109 303 2148 intrepide
319 2109 424 2137 obstitit
441 2110 665 2149 Chrysostomus,
679 2111 795 2150 fugitivo

52 2155 167 2184 ecclesiae
182 2155 288 2194 asylum
304 2162 392 2184 tutum
404 2166 460 2184 esse
474 2156 571 2184 debere
584 2155 685 2185 dicens.

91 2201 165 2230 Licet
178 2208 268 2229 autem
288 2201 316 2229 id
331 2201 405 2240 apud
425 2202 584 2241 scriptorem
601 2202 707 2231 nullum
723 2203 796 2231 fera-

52 2253 105 2282 tur,
122 2247 268 2276 verisimile
279 2254 317 2276 est
327 2248 415 2287 ipsum
427 2248 470 2276 vel
484 2249 677 2287 Imperatorem
687 2248 795 2284 adiisse,

52 2293 94 2321 vel
107 2292 140 2321 ad
157 2293 245 2332 ipsum
261 2294 415 2333 quempiam
430 2294 535 2323 misisse
549 2302 686 2333 rogantem
700 2302 729 2323 ut
745 2295 797 2323 mi-

50 2338 129 2367 litum
147 2340 265 2368 furorem
280 2347 467 2378 compesceret.
483 2341 550 2368 Nam
562 2363 569 2375 ,
585 2348 614 2369 ut
628 2341 684 2380 ipse
702 2340 795 2380 Chry-

51 2391 181 2413 sostomus
200 2385 227 2413 in
244 2385 293 2413 liae
308 2386 434 2414 concione
452 2385 538 2422 dicit,
562 2387 712 2426 Imperator
724 2409 730 2421 ,
749 2386 796 2424 qui

52 2430 141 2458 statim
155 2430 278 2458 mandata
295 2430 404 2459 dederat
421 2438 449 2460 ut
463 2432 610 2471 Eutropius
627 2431 794 2465 traderetur,

35 2482 152 2507 ,mutata
175 2476 320 2511 sententia;
344 2490 354 2500 α
376 2477 522 2514 Postquam
540 2477 664 2515 cognovit
680 2487 741 2504 eum
762 2476 795 2505 ad

53 2522 158 2561 asylum
172 2522 287 2551 ecclesiae
299 2533 326 2550 se
338 2523 468 2561 recepisse
477 2546 485 2558 ‚
496 2523 621 2551 affluente
636 2524 754 2551 exercitu
771 2530 796 2551 et

53 2569 182 2597 concitato
192 2569 226 2598 ob
236 2571 258 2608 ej
264 2580 294 2598 us
304 2569 414 2598 crimina
422 2590 430 2604 ,
443 2569 653 2608 deposcenteque
661 2569 796 2598 hominem

54 2614 88 2643 ad
106 2615 286 2654 supplicium,
314 2616 420 2654 longam
441 2615 537 2644 habuit
558 2616 720 2654 orationem,
743 2627 794 2654 qua

841 199 1039 222 mortuam.
1521 185 1586 234 159

843 262 986 290 militarem
1011 260 1219 300 indignationem
1234 267 1428 299 compesceret,
1450 260 1587 299 postulans

844 315 872 336 ut
885 319 936 336 nou
953 308 1095 346 culparum
1111 307 1190 335 modo
1203 329 1210 341 ‚
1225 306 1272 335 sed
1283 306 1362 335 etiarn
1377 313 1446 334 recte
1457 307 1588 334 factorum

843 354 971 383 rationem
996 353 1142 388 liaberent3
1168 363 1229 381 nam
1253 364 1302 392 pro
1326 352 1382 381 illis
1404 353 1516 391 gratiam
1537 352 1588 391 ipsi

844 399 976 435 liabebat3
1002 399 1023 428 si
1048 399 1115 437 quid
1131 410 1193 427 vero
1213 409 1288 427 secus
1309 398 1435 433 fecisset,
1461 405 1587 436 tanquam

845 446 948 474 homini
961 446 1011 485 ipsi
1027 445 1189 484 ignoscebat.
1207 446 1275 474 Cum
1288 452 1376 474 autem
1387 445 1428 473 illi
1440 444 1474 473 de
1485 445 1588 483 integro

846 499 967 530 urgerent
980 491 1015 520 ad
1029 491 1179 520 vindictam
1194 491 1250 519 laesi
1264 490 1434 529 Imperatoris
1447 513 1454 527 ‚
1471 490 1590 519 claman-

845 543 883 565 tes
895 559 901 571 ,
921 537 1071 566 exsilientes
1081 559 1088 573 ,
1101 537 1135 565 ad
1151 537 1279 565 ultionem
1295 536 1466 575 deposcentes
1477 560 1484 572 ‚
1502 536 1590 564 hastas

845 583 980 613 vibrantes
997 597 1003 612 :
1021 592 1078 612 tum
1093 594 1157 612 vero
1174 584 1257 612 fontes
1277 583 1458 622 lacrymarum
1471 582 1590 611 clemen—

847 629 956 658 tissimis
979 630 1036 658 suis
1060 630 1146 658 oculis
1178 629 1319 658 effundens
1330 652 1338 665 ,
1366 636 1392 658 et
1417 636 1590 658 sacrosanctae

846 688 942 706 mensae
951 700 957 712 ‚
968 677 1001 705 ad
1011 688 1091 715 quam
1102 677 1270 715 confugerat,
1283 677 1440 715 religionem
1450 676 1505 705 illis
1515 678 1591 705 incu-

850 723 929 758 tiens,
944 732 1013 760 :egre
1024 722 1130 750 tandem
1144 722 1212 750 iram
1224 732 1317 750 eorum
1329 721 1440 750 sedavit.
1458 733 1471 747 »

886 768 927 797 Eo
950 768 975 795 in
998 775 1068 796 statu
1098 778 1138 795 res
1161 774 1252 803 erant,
1278 777 1340 795 cum
1361 767 1589 806 Cbrysostomus,

846 816 939 854 paucis
954 822 1095 854 postquam
1118 814 1266 854 Eutropius
1288 815 1313 842 in
1337 814 1475 842 ecclesiam
1494 815 1592 843 confu-

848 869 921 901 gerat
942 861 1059 897 diebus,
1080 861 1106 889 in
1128 860 1221 889 eadem
1236 860 1348 889 ecclesia
1370 860 1524 889 concionem
1545 860 1593 888 ha-

846 908 916 943 buit,
931 914 1059 946 praesente
1074 907 1206 946 Eutropio
1221 914 1245 935 et
1262 907 1400 935 innumera
1415 906 1510 946 populi
1524 907 1594 935 mul-

847 953 977 987 titudine,
993 963 1054 991 quae
1066 953 1101 981 ad
1115 960 1168 981 tam
1183 953 1319 992 singulare
1333 953 1514 991 spectaculum
1527 962 1592 981 con—

846 998 975 1028 fluxerat.
998 1000 1071 1027 Inter
1086 1009 1129 1027 eos
1151 999 1337 1032 munierant,
1359 998 1403 1035 qui
1427 998 1588 1036 Eutropium

847 1046 1038 1074 aversabantur
1052 1069 1059 1081 ‚
1082 1046 1225 1085 ipsumque
1248 1045 1381 1074 militibus
1405 1045 1475 1073 tradi
1496 1044 1593 1074 debere

848 1092 998 1121 censebant.
1013 1092 1063 1120 Hic
1077 1092 1175 1120 oratori
1196 1099 1286 1120 nostro
1306 1098 1508 1130 extemporanea
1529 1102 1594 1120 ora-

847 1138 919 1166 tione
939 1149 1007 1177 opus
1027 1139 1097 1174 suit3
1114 1149 1172 1176 quae
1191 1145 1277 1166 tamen
1299 1138 1368 1166 inter
1384 1137 1594 1176 elegantissimas

848 1185 1027 1225 computanda
1046 1193 1094 1215 est.
1117 1187 1176 1214 Non
1192 1186 1274 1214 semel
1291 1185 1454 1224 Eutropium
1473 1185 1595 1225 compel—

848 1233 903 1270 lat,
920 1241 945 1262 et
957 1234 1055 1262 monita
1070 1234 1103 1262 ab
1118 1244 1145 1262 se
1162 1233 1211 1273 ipsi
1228 1232 1289 1261 data
1303 1233 1328 1262 in
1345 1240 1459 1261 mentem
1474 1240 1593 1269 revocat;

847 1279 912 1309 hinc
927 1280 961 1308 ad
977 1279 1110 1319 populum
1130 1280 1295 1308 convertitur
1307 1301 1314 1315 ,
1331 1290 1411 1317 quem
1425 1286 1455 1307 ut
1469 1279 1503 1307 ad
1518 1289 1592 1308 com-

848 1326 1045 1354 miserationem
1061 1326 1222 1364 compellat,
1239 1325 1363 1364 Eutropii
1377 1326 1511 1353 fortunam
1525 1335 1595 1364 prae-

848 1373 952 1400 teritam
962 1394 969 1406 ‚
984 1372 1119 1410 praesentis
1135 1381 1197 1399 vero
1215 1370 1412 1409 deplorandum
1427 1380 1518 1398 casum
1539 1377 1594 1398 tani

849 1419 917 1457 aptis
935 1418 1024 1446 verbis
1044 1424 1214 1456 repraesentat
1228 1439 1235 1453 ,
1252 1424 1280 1445 ut
1294 1417 1336 1445 vcl
1352 1417 1528 1446 ferocioribus
1549 1417 1594 1445 la-

849 1474 954 1503 crymas
965 1470 1111 1492 excuteret.

891 1510 996 1549 Elapsis
1017 1511 1159 1550 posthanc
1181 1509 1301 1538 habitam
1323 1509 1478 1538 concionem
1491 1509 1594 1548 aliquot

848 1556 960 1592 diebus,
980 1556 1127 1595 Eutropius
1143 1563 1171 1584 nt
1186 1556 1357 1584 inimicorum
1378 1555 1505 1584 excubias
1520 1555 1596 1584 salle-

848 1609 888 1631 ret
900 1613 1009 1641 seseque
1020 1602 1180 1641 proriperet,
1192 1601 1225 1629 ab
1234 1601 1343 1630 ecclesia
1356 1601 1473 1640 aufugit.
1490 1603 1594 1631 Verum

849 1655 960 1687 captus,
984 1655 1064 1686 atque
1085 1648 1112 1676 in
1128 1648 1250 1687 Cyprum
1270 1647 1420 1685 relegatus;
1445 1646 1595 1686 deindeque

849 1694 923 1722 haud
935 1694 971 1722 ita
991 1693 1077 1722 multo
1092 1693 1182 1732 elapso
1200 1700 1318 1732 tempore
1333 1692 1531 1722 Clialcedonem
1546 1693 1595 1721 ads

848 1740 946 1769 ductus
961 1748 986 1769 et
1002 1741 1162 1775 damnatus,
1180 1740 1265 1779 capite
1277 1741 1372 1778 plexus
1386 1747 1433 1769 est.

891 1787 948 1814 Vix
965 1786 1063 1825 elapsis
1081 1785 1188 1813 duobus
1203 1792 1262 1824 post
1277 1785 1403 1824 Eutropii
1416 1785 1507 1824 fugam
1532 1783 1592 1812 die-
1605 1785 1737 1817 T.3.p.386

849 1832 901 1860 bus
917 1832 1072 1860 concionem
1091 1831 1170 1859 aliani
1190 1830 1284 1858 habuit
1301 1831 1528 1869 Clu‘ysostomus,
1546 1829 1594 1858 ubi

851 1878 995 1917 praemissis
1010 1877 1173 1916 quibusdam
1196 1876 1230 1905 de
1252 1877 1364 1905 utilitate
1379 1876 1500 1904 lectionis
1519 1875 1594 1905 divi—

851 1935 946 1952 narum
960 1924 1161 1963 Scripturarum
1173 1945 1179 1957 ,
1198 1923 1332 1950 obsessam
1357 1922 1449 1961 paucis
1463 1928 1524 1950 ante
1536 1922 1594 1950 die-

849 1971 901 2000 bus
913 1971 1050 1999 ecclesiam
1061 1970 1142 1997 fuisse
1155 1976 1253 2003 narrat,
1266 1979 1350 2007 neque
1362 1976 1447 1997 tamen
1462 1968 1592 1997 traditum

850 2018 967 2047 inimicis
980 2017 1141 2056 Eutropium
1153 2039 1160 2050 ,
1177 2016 1225 2054 qui
1235 2039 1241 2049 ,
1254 2016 1276 2044 si
1291 2016 1428 2044 ecclesiam
1445 2026 1496 2044 non
1513 2015 1593 2045 dese-

851 2065 965 2099 ruisset,
979 2071 1072 2102 captus
1088 2073 1233 2100 numquam
1247 2063 1350 2090 suisset.
1365 2062 1482 2091 Fluxam
1494 2062 1591 2091 iterum

850 2111 1030 2139 humanarum
1049 2109 1205 2137 facultatum
1229 2107 1441 2146 divitiarumque
1462 2107 1593 2137 conditio-

850 2167 910 2185 nem
935 2155 970 2184 ob
1000 2155 1093 2183 oculos
1126 2154 1201 2193 ponit
1221 2165 1227 2180 :
1256 2153 1444 2191 desertumque
1466 2153 1533 2183 dicit
1556 2154 1591 2182 ab

851 2202 958 2237 amicis,
980 2211 994 2229 a
1009 2200 1162 2228 domesticis
1172 2222 1179 2235 ‚
1194 2210 1209 2227 a
1229 2199 1344 2227 fortunis
1358 2199 1481 2229 omnibus
1492 2200 1591 2229 Eutro-

851 2248 938 2286 pium.
968 2246 1117 2284 Multisque
1143 2245 1243 2274 additis
1269 2245 1302 2273 de
1327 2256 1390 2274 vero
1416 2246 1591 2284 legitimoque

851 2293 1008 2321 divitiarum
1024 2302 1085 2327 usu,
1100 2291 1185 2328 deque
1198 2291 1252 2319 vita
1268 2291 1400 2330 praesenti,
1416 2302 1495 2329 quam
1508 2293 1592 2331 'pere—

851 2339 1027 2377 grinationem
1041 2348 1096 2366 esse
1110 2344 1313 2373 commonstrat,
1337 2337 1370 2365 ad
1386 2337 1512 2366 Ecclesiae
1527 2337 1590 2366 lau-

849 2384 897 2413 des
915 2385 1027 2419 transit,
1047 2383 1159 2422 ejusque
1180 2383 1287 2422 nuptias
1307 2394 1369 2412 cum
1385 2383 1491 2412 Christo
1507 2384 1591 2423 pluri-

850 2431 901 2459 bus
917 2431 1101 2470 prosequitur,
1118 2430 1167 2458 hoc
1179 2431 1329 2467 frequenter
1342 2440 1405 2458 usus
1418 2430 1515 2458 Psalmi
1527 2441 1591 2468 qua-

850 2477 994 2515 dragesimi
1012 2476 1100 2515 quarti
1123 2476 1255 2505 versiculo
1269 2499 1276 2511 ,
1298 2476 1424 2505 Adstitit
1446 2479 1548 2515 regina
1571 2487 1590 2504 a

851 2524 960 2552 dextris
980 2525 1037 2552 tuis
1058 2527 1089 2551 in
1109 2524 1217 2551 vestitu
1240 2523 1397 2560 deaurato,
1414 2529 1464 2551 etc.
1491 2524 1529 2551 De
1541 2522 1590 2550 hac

850 2576 984 2609 postrema
996 2568 1114 2597 homiliae
1130 2575 1205 2608 parte
1219 2569 1374 2597 sententiam
1393 2575 1511 2597 nostram
1521 2567 1592 2596 dixi-

851 2626 911 2644 mus
927 2615 952 2643 iu
967 2615 1079 2643 Monito.

1612 1001 1648 1020 ¹30
