<?xml version="1.0" encoding="UTF-8"?>
<!DOCTYPE html PUBLIC "-//W3C//DTD XHTML 1.0 Transitional//EN"
    "http://www.w3.org/TR/xhtml1/DTD/xhtml1-transitional.dtd">
<html xmlns="http://www.w3.org/1999/xhtml" xml:lang="en" lang="en">
 <head>
  <title>
</title>
<meta http-equiv="Content-Type" content="text/html;charset=utf-8" />
  <meta name='ocr-system' content='tesseract 3.04.00' />
  <meta name='ocr-capabilities' content='ocr_page ocr_carea ocr_par ocr_line ocrx_word'/>
</head>
<body>
  <div class='ocr_page' id='page_1' title='image "./operaomniaquaeex13johnuoft_0138.png"; bbox 0 0 1950 2922; ppageno 0'>
   <div class='ocr_carea' id='block_1_1' title="bbox 262 221 769 259">
    <p class='ocr_par' dir='ltr' id='par_1_1' title="bbox 262 221 769 259">
     <span class='ocr_line' id='line_1_1' title="bbox 262 221 769 259; baseline 0.006 -3"><span class='ocrx_word' id='word_1_1' title='bbox 262 221 327 257; x_wconf 84' lang='grc'><strong>106</strong></span> <span class='ocrx_word' id='word_1_2' title='bbox 741 236 769 259; x_wconf 83' lang='lat' dir='ltr'><strong>s.</strong></span> 
     </span>
    </p>
   </div>
   <div class='ocr_carea' id='block_1_2' title="bbox 254 296 1000 1484">
    <p class='ocr_par' dir='ltr' id='par_1_2' title="bbox 257 296 995 428">
     <span class='ocr_line' id='line_1_2' title="bbox 257 296 993 336; baseline 0.001 -12"><span class='ocrx_word' id='word_1_3' title='bbox 257 296 338 324; x_wconf 74' lang='lat' dir='ltr'><strong>aliam</strong></span> <span class='ocrx_word' id='word_1_4' title='bbox 357 297 408 336; x_wconf 89' lang='lat' dir='ltr'><strong>ipsi</strong></span> <span class='ocrx_word' id='word_1_5' title='bbox 431 297 570 336; x_wconf 83' lang='lat' dir='ltr'><strong>epistolam</strong></span> <span class='ocrx_word' id='word_1_6' title='bbox 587 298 672 335; x_wconf 81' lang='lat' dir='ltr'>misit,</span> <span class='ocrx_word' id='word_1_7' title='bbox 688 309 739 336; x_wconf 88' lang='lat' dir='ltr'><strong>qua</strong></span> <span class='ocrx_word' id='word_1_8' title='bbox 755 298 832 326; x_wconf 88' lang='lat' dir='ltr'><strong>illum</strong></span> <span class='ocrx_word' id='word_1_9' title='bbox 848 297 993 326; x_wconf 86' lang='lat' dir='ltr'><strong>vehemen-</strong></span> 
     </span>
     <span class='ocr_line' id='line_1_3' title="bbox 258 342 995 383; baseline 0.003 -14"><span class='ocrx_word' id='word_1_10' title='bbox 258 342 310 370; x_wconf 88' lang='lat' dir='ltr'><strong>tius</strong></span> <span class='ocrx_word' id='word_1_11' title='bbox 333 342 499 379; x_wconf 81' lang='lat' dir='ltr'>concitabat,</span> <span class='ocrx_word' id='word_1_12' title='bbox 527 351 555 372; x_wconf 94' lang='lat' dir='ltr'><strong>ut</strong></span> <span class='ocrx_word' id='word_1_13' title='bbox 573 344 646 372; x_wconf 83' lang='lat' dir='ltr'><strong>missi</strong></span> <span class='ocrx_word' id='word_1_14' title='bbox 688 344 811 372; x_wconf 88' lang='lat' dir='ltr'><strong>omnibus</strong></span> <span class='ocrx_word' id='word_1_15' title='bbox 824 343 995 383; x_wconf 65' lang='lat' dir='ltr'><strong>saecularibus</strong></span> 
     </span>
     <span class='ocr_line' id='line_1_4' title="bbox 257 387 819 428; baseline 0.004 -13"><span class='ocrx_word' id='word_1_16' title='bbox 257 387 337 416; x_wconf 89' lang='lat' dir='ltr'><strong>rebus</strong></span> <span class='ocrx_word' id='word_1_17' title='bbox 351 388 491 427; x_wconf 85' lang='lat' dir='ltr'><strong>pristinum</strong></span> <span class='ocrx_word' id='word_1_18' title='bbox 506 390 569 417; x_wconf 78' lang='lat' dir='ltr'><strong>vitae</strong></span> <span class='ocrx_word' id='word_1_19' title='bbox 584 400 666 427; x_wconf 82' lang='lat' dir='ltr'><strong>genus</strong></span> <span class='ocrx_word' id='word_1_20' title='bbox 683 395 819 428; x_wconf 79' lang='lat' dir='ltr'>repeteret.</span> 
     </span>
    </p>

    <p class='ocr_par' dir='ltr' id='par_1_3' title="bbox 254 434 1000 1484">
     <span class='ocr_line' id='line_1_5' title="bbox 296 434 994 474; baseline 0.003 -13"><span class='ocrx_word' id='word_1_21' title='bbox 296 434 363 468; x_wconf 64' lang='lat' dir='ltr'><strong>Quae</strong></span> <span class='ocrx_word' id='word_1_22' title='bbox 373 435 429 473; x_wconf 90' lang='lat' dir='ltr'><strong>jam</strong></span> <span class='ocrx_word' id='word_1_23' title='bbox 443 435 563 463; x_wconf 80' lang='lat' dir='ltr'>diximus</span> <span class='ocrx_word' id='word_1_24' title='bbox 578 445 612 463; x_wconf 81' lang='lat' dir='ltr'><strong>ex</strong></span> <span class='ocrx_word' id='word_1_25' title='bbox 626 435 691 473; x_wconf 90' lang='lat' dir='ltr'><strong>ipsis</strong></span> <span class='ocrx_word' id='word_1_26' title='bbox 706 434 890 474; x_wconf 83' lang='lat' dir='ltr'><strong>Chrysostomi</strong></span> <span class='ocrx_word' id='word_1_27' title='bbox 904 434 994 463; x_wconf 80' lang='lat' dir='ltr'><strong>verbis</strong></span> 
     </span>
     <span class='ocr_line' id='line_1_6' title="bbox 257 481 996 519; baseline 0.001 -11"><span class='ocrx_word' id='word_1_28' title='bbox 257 487 364 519; x_wconf 82' lang='lat' dir='ltr'><strong>excepta</strong></span> <span class='ocrx_word' id='word_1_29' title='bbox 381 481 462 509; x_wconf 84' lang='lat' dir='ltr'><strong>fuere.</strong></span> <span class='ocrx_word' id='word_1_30' title='bbox 482 481 572 519; x_wconf 80' lang='lat' dir='ltr'><strong>Longe</strong></span> <span class='ocrx_word' id='word_1_31' title='bbox 586 481 662 509; x_wconf 88' lang='lat' dir='ltr'><strong>aliter</strong></span> <span class='ocrx_word' id='word_1_32' title='bbox 682 492 737 509; x_wconf 89' lang='lat' dir='ltr'><strong>rem</strong></span> <span class='ocrx_word' id='word_1_33' title='bbox 758 481 894 510; x_wconf 85' lang='lat' dir='ltr'><strong>constituit</strong></span> <span class='ocrx_word' id='word_1_34' title='bbox 908 481 996 510; x_wconf 84' lang='lat' dir='ltr'><strong>Tille-</strong></span> 
     </span>
     <span class='ocr_line' id='line_1_7' title="bbox 257 526 995 565; baseline 0.001 -11"><span class='ocrx_word' id='word_1_35' title='bbox 257 526 384 563; x_wconf 82' lang='lat' dir='ltr'><strong>montius,</strong></span> <span class='ocrx_word' id='word_1_36' title='bbox 401 526 448 564; x_wconf 89' lang='lat' dir='ltr'><strong>qui</strong></span> <span class='ocrx_word' id='word_1_37' title='bbox 463 533 538 565; x_wconf 87' lang='lat' dir='ltr'><strong>putat</strong></span> <span class='ocrx_word' id='word_1_38' title='bbox 552 526 667 565; x_wconf 80' lang='lat' dir='ltr'>primam</span> <span class='ocrx_word' id='word_1_39' title='bbox 679 527 753 555; x_wconf 93' lang='lat' dir='ltr'><strong>illam</strong></span> <span class='ocrx_word' id='word_1_40' title='bbox 767 527 800 555; x_wconf 93' lang='lat' dir='ltr'><strong>ad</strong></span> <span class='ocrx_word' id='word_1_41' title='bbox 820 526 995 556; x_wconf 89' lang='lat' dir='ltr'><strong>Theodorum</strong></span> 
     </span>
     <span class='ocr_line' id='line_1_8' title="bbox 258 572 994 612; baseline 0.003 -13"><span class='ocrx_word' id='word_1_42' title='bbox 258 573 367 599; x_wconf 82' lang='lat' dir='ltr'><strong>missam</strong></span> <span class='ocrx_word' id='word_1_43' title='bbox 387 572 544 607; x_wconf 80' lang='lat' dir='ltr'><strong>orationem,</strong></span> <span class='ocrx_word' id='word_1_44' title='bbox 562 583 614 600; x_wconf 91' lang='lat' dir='ltr'><strong>non</strong></span> <span class='ocrx_word' id='word_1_45' title='bbox 629 572 664 601; x_wconf 90' lang='lat' dir='ltr'><strong>ad</strong></span> <span class='ocrx_word' id='word_1_46' title='bbox 679 573 756 601; x_wconf 87' lang='lat' dir='ltr'><strong>illum</strong></span> <span class='ocrx_word' id='word_1_47' title='bbox 776 573 821 611; x_wconf 91' lang='lat' dir='ltr'><strong>qui</strong></span> <span class='ocrx_word' id='word_1_48' title='bbox 836 579 925 612; x_wconf 81' lang='lat' dir='ltr'><strong>postea</strong></span> <span class='ocrx_word' id='word_1_49' title='bbox 939 574 994 612; x_wconf 88' lang='lat' dir='ltr'><strong>epi-</strong></span> 
     </span>
     <span class='ocr_line' id='line_1_9' title="bbox 258 618 993 658; baseline 0.004 -13"><span class='ocrx_word' id='word_1_50' title='bbox 258 627 352 656; x_wconf 87' lang='lat' dir='ltr'><strong>scopus</strong></span> <span class='ocrx_word' id='word_1_51' title='bbox 366 618 537 656; x_wconf 84' lang='lat' dir='ltr'><strong>Mopsuestiae</strong></span> <span class='ocrx_word' id='word_1_52' title='bbox 556 618 624 654; x_wconf 90' lang='lat' dir='ltr'><strong>fuit;</strong></span> <span class='ocrx_word' id='word_1_53' title='bbox 645 618 690 648; x_wconf 90' lang='lat' dir='ltr'><strong>sed</strong></span> <span class='ocrx_word' id='word_1_54' title='bbox 706 619 740 647; x_wconf 91' lang='lat' dir='ltr'><strong>ad</strong></span> <span class='ocrx_word' id='word_1_55' title='bbox 758 619 842 648; x_wconf 90' lang='lat' dir='ltr'><strong>alium</strong></span> <span class='ocrx_word' id='word_1_56' title='bbox 855 620 993 658; x_wconf 83' lang='lat' dir='ltr'><strong>cognomi-</strong></span> 
     </span>
     <span class='ocr_line' id='line_1_10' title="bbox 256 663 994 704; baseline 0.005 -15"><span class='ocrx_word' id='word_1_57' title='bbox 256 672 317 690; x_wconf 85' lang='lat' dir='ltr'><strong>nem</strong></span> <span class='ocrx_word' id='word_1_58' title='bbox 332 663 439 690; x_wconf 85' lang='lat' dir='ltr'><strong>missam</strong></span> <span class='ocrx_word' id='word_1_59' title='bbox 455 663 546 698; x_wconf 83' lang='lat' dir='ltr'><strong>fuisse,</strong></span> <span class='ocrx_word' id='word_1_60' title='bbox 561 663 608 701; x_wconf 87' lang='lat' dir='ltr'><strong>qui</strong></span> <span class='ocrx_word' id='word_1_61' title='bbox 623 663 748 692; x_wconf 84' lang='lat' dir='ltr'><strong>similiter</strong></span> <span class='ocrx_word' id='word_1_62' title='bbox 759 671 900 704; x_wconf 79' lang='lat' dir='ltr'><strong>postquam</strong></span> <span class='ocrx_word' id='word_1_63' title='bbox 912 675 994 693; x_wconf 89' lang='lat' dir='ltr'><strong>mun—</strong></span> 
     </span>
     <span class='ocr_line' id='line_1_11' title="bbox 256 706 994 746; baseline 0.005 -11"><span class='ocrx_word' id='word_1_64' title='bbox 256 706 321 735; x_wconf 89' lang='lat' dir='ltr'><strong>dum</strong></span> <span class='ocrx_word' id='word_1_65' title='bbox 337 708 499 746; x_wconf 86' lang='lat' dir='ltr'><strong>reliquerat,</strong></span> <span class='ocrx_word' id='word_1_66' title='bbox 520 720 613 738; x_wconf 90' lang='lat' dir='ltr'><strong>rursus</strong></span> <span class='ocrx_word' id='word_1_67' title='bbox 625 709 662 738; x_wconf 92' lang='lat' dir='ltr'><strong>ad</strong></span> <span class='ocrx_word' id='word_1_68' title='bbox 680 710 815 739; x_wconf 76' lang='lat' dir='ltr'><strong>saecularia</strong></span> <span class='ocrx_word' id='word_1_69' title='bbox 830 710 994 742; x_wconf 84' lang='lat' dir='ltr'><strong>convolarat.</strong></span> 
     </span>
     <span class='ocr_line' id='line_1_12' title="bbox 258 754 995 796; baseline 0.005 -14"><span class='ocrx_word' id='word_1_70' title='bbox 258 754 324 793; x_wconf 83' lang='lat' dir='ltr'><strong>Ejus</strong></span> <span class='ocrx_word' id='word_1_71' title='bbox 341 763 497 794; x_wconf 81' lang='lat' dir='ltr'><strong>argumenta</strong></span> <span class='ocrx_word' id='word_1_72' title='bbox 517 757 605 785; x_wconf 90' lang='lat' dir='ltr'><strong>omnia</strong></span> <span class='ocrx_word' id='word_1_73' title='bbox 629 757 783 796; x_wconf 84' lang='lat' dir='ltr'>depulimus</span> <span class='ocrx_word' id='word_1_74' title='bbox 797 781 803 792; x_wconf 89' lang='lat'>‚</span> <span class='ocrx_word' id='word_1_75' title='bbox 828 757 950 796; x_wconf 89' lang='lat' dir='ltr'><strong>illudque</strong></span> <span class='ocrx_word' id='word_1_76' title='bbox 968 758 995 786; x_wconf 91' lang='lat' dir='ltr'><strong>in</strong></span> 
     </span>
     <span class='ocr_line' id='line_1_13' title="bbox 257 801 994 842; baseline 0.005 -14"><span class='ocrx_word' id='word_1_77' title='bbox 257 801 351 839; x_wconf 90' lang='lat' dir='ltr'><strong>primis</strong></span> <span class='ocrx_word' id='word_1_78' title='bbox 360 824 369 838; x_wconf 95' lang='lat'><strong>,</strong></span> <span class='ocrx_word' id='word_1_79' title='bbox 381 801 453 840; x_wconf 87' lang='lat' dir='ltr'><strong>quod</strong></span> <span class='ocrx_word' id='word_1_80' title='bbox 468 802 524 841; x_wconf 89' lang='lat' dir='ltr'><strong>ipse</strong></span> <span class='ocrx_word' id='word_1_81' title='bbox 536 802 684 831; x_wconf 76' lang='lat' dir='ltr'><strong>maximum</strong></span> <span class='ocrx_word' id='word_1_82' title='bbox 700 803 820 831; x_wconf 89' lang='lat' dir='ltr'><strong>omnium</strong></span> <span class='ocrx_word' id='word_1_83' title='bbox 831 813 888 832; x_wconf 89' lang='lat' dir='ltr'><strong>esse</strong></span> <span class='ocrx_word' id='word_1_84' title='bbox 907 810 994 842; x_wconf 86' lang='lat' dir='ltr'><strong>putat,</strong></span> 
     </span>
     <span class='ocr_line' id='line_1_14' title="bbox 256 847 996 887; baseline 0.001 -12"><span class='ocrx_word' id='word_1_85' title='bbox 256 853 348 884; x_wconf 82' lang='lat' dir='ltr'><strong>estque</strong></span> <span class='ocrx_word' id='word_1_86' title='bbox 368 847 522 886; x_wconf 81' lang='lat' dir='ltr'><strong>hujusmodi</strong></span> <span class='ocrx_word' id='word_1_87' title='bbox 535 848 707 877; x_wconf 81' lang='lat' dir='ltr'><strong>:Theodorus</strong></span> <span class='ocrx_word' id='word_1_88' title='bbox 724 850 752 877; x_wconf 90' lang='lat' dir='ltr'><strong>in</strong></span> <span class='ocrx_word' id='word_1_89' title='bbox 762 849 875 877; x_wconf 90' lang='lat' dir='ltr'><strong>secunda</strong></span> <span class='ocrx_word' id='word_1_90' title='bbox 887 849 996 887; x_wconf 85' lang='lat' dir='ltr'><strong>epistola</strong></span> 
     </span>
     <span class='ocr_line' id='line_1_15' title="bbox 256 894 996 934; baseline 0.003 -12"><span class='ocrx_word' id='word_1_91' title='bbox 256 901 418 923; x_wconf 88' lang='lat' dir='ltr'><strong>memoratus</strong></span> <span class='ocrx_word' id='word_1_92' title='bbox 432 894 551 923; x_wconf 90' lang='lat' dir='ltr'><strong>nondum</strong></span> <span class='ocrx_word' id='word_1_93' title='bbox 567 895 665 933; x_wconf 73' lang='lat' dir='ltr'><strong>viginti</strong></span> <span class='ocrx_word' id='word_1_94' title='bbox 682 906 764 924; x_wconf 90' lang='lat' dir='ltr'><strong>annos</strong></span> <span class='ocrx_word' id='word_1_95' title='bbox 778 895 951 934; x_wconf 63' lang='lat' dir='ltr'><strong>expleverat,</strong></span> <span class='ocrx_word' id='word_1_96' title='bbox 969 896 996 924; x_wconf 90' lang='lat' dir='ltr'><strong>in</strong></span> 
     </span>
     <span class='ocr_line' id='line_1_16' title="bbox 256 941 996 980; baseline 0.001 -12"><span class='ocrx_word' id='word_1_97' title='bbox 256 941 342 980; x_wconf 88' lang='lat' dir='ltr'><strong>prima</strong></span> <span class='ocrx_word' id='word_1_98' title='bbox 359 951 422 969; x_wconf 82' lang='lat' dir='ltr'><strong>vero</strong></span> <span class='ocrx_word' id='word_1_99' title='bbox 445 941 517 969; x_wconf 76' lang='lat' dir='ltr'><strong>dixit</strong></span> <span class='ocrx_word' id='word_1_100' title='bbox 540 941 683 970; x_wconf 90' lang='lat' dir='ltr'><strong>Theodoro</strong></span> <span class='ocrx_word' id='word_1_101' title='bbox 704 952 756 970; x_wconf 91' lang='lat' dir='ltr'><strong>non</strong></span> <span class='ocrx_word' id='word_1_102' title='bbox 778 942 840 980; x_wconf 85' lang='lat' dir='ltr'><strong>plus</strong></span> <span class='ocrx_word' id='word_1_103' title='bbox 863 941 996 979; x_wconf 90' lang='lat' dir='ltr'><strong>quinqua-</strong></span> 
     </span>
     <span class='ocr_line' id='line_1_17' title="bbox 256 986 996 1026; baseline 0.001 -12"><span class='ocrx_word' id='word_1_104' title='bbox 256 986 329 1024; x_wconf 80' lang='lat' dir='ltr'><strong>ginta</strong></span> <span class='ocrx_word' id='word_1_105' title='bbox 350 986 412 1014; x_wconf 73' lang='lat' dir='ltr'><strong>vitm</strong></span> <span class='ocrx_word' id='word_1_106' title='bbox 428 997 511 1015; x_wconf 84' lang='lat' dir='ltr'><strong>annos</strong></span> <span class='ocrx_word' id='word_1_107' title='bbox 530 987 581 1026; x_wconf 86' lang='lat' dir='ltr'><strong>ipsi</strong></span> <span class='ocrx_word' id='word_1_108' title='bbox 601 997 754 1026; x_wconf 80' lang='lat' dir='ltr'><strong>superesse,</strong></span> <span class='ocrx_word' id='word_1_109' title='bbox 775 994 803 1015; x_wconf 90' lang='lat' dir='ltr'><strong>ut</strong></span> <span class='ocrx_word' id='word_1_110' title='bbox 824 987 856 1015; x_wconf 90' lang='lat' dir='ltr'><strong>ad</strong></span> <span class='ocrx_word' id='word_1_111' title='bbox 873 987 996 1015; x_wconf 83' lang='lat' dir='ltr'><strong>ultimam</strong></span> 
     </span>
     <span class='ocr_line' id='line_1_18' title="bbox 255 1032 997 1073; baseline 0.003 -14"><span class='ocrx_word' id='word_1_112' title='bbox 255 1038 414 1060; x_wconf 87' lang='lat' dir='ltr'><strong>senectutem</strong></span> <span class='ocrx_word' id='word_1_113' title='bbox 427 1032 586 1071; x_wconf 79' lang='lat' dir='ltr'><strong>perveniret,</strong></span> <span class='ocrx_word' id='word_1_114' title='bbox 602 1034 637 1066; x_wconf 79' lang='grc' dir='ltr'><strong>εἷς</strong></span> <span class='ocrx_word' id='word_1_115' title='bbox 654 1033 765 1072; x_wconf 51' lang='grc' dir='ltr'>ἔσχατον</span> <span class='ocrx_word' id='word_1_116' title='bbox 777 1036 867 1073; x_wconf 66' lang='grc' dir='ltr'>γῆρας.</span> <span class='ocrx_word' id='word_1_117' title='bbox 877 1033 997 1071; x_wconf 91' lang='lat' dir='ltr'><strong>Hineque</strong></span> 
     </span>
     <span class='ocr_line' id='line_1_19' title="bbox 255 1077 995 1117; baseline 0.003 -12"><span class='ocrx_word' id='word_1_118' title='bbox 255 1077 344 1116; x_wconf 84' lang='lat' dir='ltr'><strong>arguit</strong></span> <span class='ocrx_word' id='word_1_119' title='bbox 357 1078 401 1106; x_wconf 87' lang='lat' dir='ltr'><strong>ille</strong></span> <span class='ocrx_word' id='word_1_120' title='bbox 413 1078 588 1107; x_wconf 89' lang='lat' dir='ltr'><strong>Theodorum</strong></span> <span class='ocrx_word' id='word_1_121' title='bbox 600 1079 677 1107; x_wconf 88' lang='lat' dir='ltr'><strong>illum</strong></span> <span class='ocrx_word' id='word_1_122' title='bbox 690 1079 807 1117; x_wconf 88' lang='lat' dir='ltr'><strong>primum</strong></span> <span class='ocrx_word' id='word_1_123' title='bbox 820 1079 995 1117; x_wconf 72' lang='lat' dir='ltr'><strong>quadraginta</strong></span> 
     </span>
     <span class='ocr_line' id='line_1_20' title="bbox 256 1125 997 1164; baseline 0.003 -13"><span class='ocrx_word' id='word_1_124' title='bbox 256 1134 387 1152; x_wconf 78' lang='lat' dir='ltr'><strong>annorum</strong></span> <span class='ocrx_word' id='word_1_125' title='bbox 401 1131 464 1152; x_wconf 91' lang='lat' dir='ltr'><strong>tunc</strong></span> <span class='ocrx_word' id='word_1_126' title='bbox 477 1125 574 1160; x_wconf 87' lang='lat' dir='ltr'><strong>fuisse,</strong></span> <span class='ocrx_word' id='word_1_127' title='bbox 589 1125 659 1154; x_wconf 90' lang='lat' dir='ltr'><strong>illud</strong></span> <span class='ocrx_word' id='word_1_128' title='bbox 679 1125 789 1164; x_wconf 46' lang='grc' dir='ltr'>ἔσχατον</span> <span class='ocrx_word' id='word_1_129' title='bbox 806 1127 887 1164; x_wconf 63' lang='grc' dir='ltr'>γῆρας</span> <span class='ocrx_word' id='word_1_130' title='bbox 901 1125 934 1153; x_wconf 92' lang='lat' dir='ltr'><strong>de</strong></span> <span class='ocrx_word' id='word_1_131' title='bbox 947 1135 997 1153; x_wconf 90' lang='lat' dir='ltr'><strong>no-</strong></span> 
     </span>
     <span class='ocr_line' id='line_1_21' title="bbox 256 1169 997 1209; baseline 0.004 -12"><span class='ocrx_word' id='word_1_132' title='bbox 256 1169 398 1208; x_wconf 83' lang='lat' dir='ltr'><strong>nagenario</strong></span> <span class='ocrx_word' id='word_1_133' title='bbox 421 1176 525 1198; x_wconf 88' lang='lat' dir='ltr'><strong>tantum</strong></span> <span class='ocrx_word' id='word_1_134' title='bbox 541 1170 595 1199; x_wconf 89' lang='lat' dir='ltr'><strong>dici</strong></span> <span class='ocrx_word' id='word_1_135' title='bbox 616 1181 693 1209; x_wconf 86' lang='lat' dir='ltr'><strong>posse</strong></span> <span class='ocrx_word' id='word_1_136' title='bbox 713 1178 818 1209; x_wconf 86' lang='lat' dir='ltr'><strong>putans.</strong></span> <span class='ocrx_word' id='word_1_137' title='bbox 839 1171 997 1200; x_wconf 87' lang='lat' dir='ltr'><strong>Theodorus</strong></span> 
     </span>
     <span class='ocr_line' id='line_1_22' title="bbox 256 1215 996 1255; baseline 0.004 -13"><span class='ocrx_word' id='word_1_138' title='bbox 256 1225 320 1243; x_wconf 76' lang='lat' dir='ltr'><strong>vero</strong></span> <span class='ocrx_word' id='word_1_139' title='bbox 333 1215 414 1249; x_wconf 88' lang='lat' dir='ltr'><strong>alter,</strong></span> <span class='ocrx_word' id='word_1_140' title='bbox 438 1216 484 1254; x_wconf 84' lang='lat' dir='ltr'><strong>qui</strong></span> <span class='ocrx_word' id='word_1_141' title='bbox 509 1223 571 1244; x_wconf 90' lang='lat' dir='ltr'><strong>tunc</strong></span> <span class='ocrx_word' id='word_1_142' title='bbox 587 1216 748 1254; x_wconf 79' lang='lat' dir='ltr'><strong>vigesimum</strong></span> <span class='ocrx_word' id='word_1_143' title='bbox 767 1227 866 1245; x_wconf 88' lang='lat' dir='ltr'><strong>annum</strong></span> <span class='ocrx_word' id='word_1_144' title='bbox 881 1217 996 1255; x_wconf 83' lang='lat' dir='ltr'><strong>agebat,</strong></span> 
     </span>
     <span class='ocr_line' id='line_1_23' title="bbox 256 1260 998 1302; baseline 0.004 -14"><span class='ocrx_word' id='word_1_145' title='bbox 256 1260 355 1289; x_wconf 88' lang='lat' dir='ltr'><strong>additis</strong></span> <span class='ocrx_word' id='word_1_146' title='bbox 370 1268 462 1300; x_wconf 87' lang='lat' dir='ltr'><strong>postea</strong></span> <span class='ocrx_word' id='word_1_147' title='bbox 477 1262 671 1301; x_wconf 77' lang='lat' dir='ltr'><strong>quinquaginta</strong></span> <span class='ocrx_word' id='word_1_148' title='bbox 685 1263 762 1291; x_wconf 87' lang='lat' dir='ltr'><strong>annis</strong></span> <span class='ocrx_word' id='word_1_149' title='bbox 782 1264 998 1302; x_wconf 68' lang='lat' dir='ltr'>septuagenarius</span> 
     </span>
     <span class='ocr_line' id='line_1_24' title="bbox 256 1307 1000 1347; baseline 0.005 -14"><span class='ocrx_word' id='word_1_150' title='bbox 256 1313 359 1334; x_wconf 87' lang='lat' dir='ltr'><strong>tantum</strong></span> <span class='ocrx_word' id='word_1_151' title='bbox 377 1307 478 1335; x_wconf 83' lang='lat' dir='ltr'><strong>suisset.</strong></span> <span class='ocrx_word' id='word_1_152' title='bbox 494 1307 550 1336; x_wconf 88' lang='lat' dir='ltr'><strong>Hoc</strong></span> <span class='ocrx_word' id='word_1_153' title='bbox 564 1315 751 1346; x_wconf 81' lang='lat' dir='ltr'><strong>argumentum</strong></span> <span class='ocrx_word' id='word_1_154' title='bbox 763 1309 790 1336; x_wconf 93' lang='lat' dir='ltr'><strong>ni</strong></span> <span class='ocrx_word' id='word_1_155' title='bbox 802 1308 882 1337; x_wconf 82' lang='lat' dir='ltr'><strong>fallor</strong></span> <span class='ocrx_word' id='word_1_156' title='bbox 895 1308 1000 1347; x_wconf 78' lang='lat' dir='ltr'><strong>egregie</strong></span> 
     </span>
     <span class='ocr_line' id='line_1_25' title="bbox 255 1350 999 1390; baseline 0.005 -11"><span class='ocrx_word' id='word_1_157' title='bbox 255 1350 349 1390; x_wconf 85' lang='lat' dir='ltr'><strong>depuli</strong></span> <span class='ocrx_word' id='word_1_158' title='bbox 365 1352 391 1380; x_wconf 92' lang='lat' dir='ltr'><strong>in</strong></span> <span class='ocrx_word' id='word_1_159' title='bbox 405 1353 509 1381; x_wconf 81' lang='lat' dir='ltr'><strong>Monito</strong></span> <span class='ocrx_word' id='word_1_160' title='bbox 525 1354 561 1382; x_wconf 95' lang='lat' dir='ltr'><strong>T.</strong></span> <span class='ocrx_word' id='word_1_161' title='bbox 586 1364 595 1381; x_wconf 87' lang='lat'>1</span> <span class='ocrx_word' id='word_1_162' title='bbox 611 1353 697 1383; x_wconf 89' lang='lat' dir='ltr'><strong>initio.</strong></span> <span class='ocrx_word' id='word_1_163' title='bbox 717 1353 769 1383; x_wconf 86' lang='lat' dir='ltr'><strong>Sed</strong></span> <span class='ocrx_word' id='word_1_164' title='bbox 783 1355 929 1382; x_wconf 83' lang='lat' dir='ltr'><strong>secundum</strong></span> <span class='ocrx_word' id='word_1_165' title='bbox 942 1355 999 1384; x_wconf 82' lang='lat' dir='ltr'><strong>haec</strong></span> 
     </span>
     <span class='ocr_line' id='line_1_26' title="bbox 258 1396 998 1436; baseline 0.004 -11"><span class='ocrx_word' id='word_1_166' title='bbox 258 1396 286 1425; x_wconf 87' lang='lat' dir='ltr'><strong>in</strong></span> <span class='ocrx_word' id='word_1_167' title='bbox 301 1398 391 1426; x_wconf 90' lang='lat' dir='ltr'><strong>locum</strong></span> <span class='ocrx_word' id='word_1_168' title='bbox 412 1398 516 1435; x_wconf 85' lang='lat' dir='ltr'><strong>incidi,</strong></span> <span class='ocrx_word' id='word_1_169' title='bbox 535 1409 615 1436; x_wconf 91' lang='lat' dir='ltr'><strong>quem</strong></span> <span class='ocrx_word' id='word_1_170' title='bbox 633 1398 753 1427; x_wconf 91' lang='lat' dir='ltr'><strong>nondum</strong></span> <span class='ocrx_word' id='word_1_171' title='bbox 767 1399 950 1436; x_wconf 77' lang='lat' dir='ltr'><strong>adverteram,</strong></span> <span class='ocrx_word' id='word_1_172' title='bbox 971 1401 998 1429; x_wconf 91' lang='lat' dir='ltr'><strong>in</strong></span> 
     </span>
     <span class='ocr_line' id='line_1_27' title="bbox 254 1444 999 1484; baseline 0.003 -12"><span class='ocrx_word' id='word_1_173' title='bbox 254 1454 307 1481; x_wconf 90' lang='lat' dir='ltr'><strong>quo</strong></span> <span class='ocrx_word' id='word_1_174' title='bbox 319 1444 429 1473; x_wconf 63' lang='lat' dir='ltr'><strong>ridetur</strong></span> <span class='ocrx_word' id='word_1_175' title='bbox 443 1445 653 1484; x_wconf 84' lang='lat' dir='ltr'><strong>Chrysostomus</strong></span> <span class='ocrx_word' id='word_1_176' title='bbox 665 1444 727 1473; x_wconf 87' lang='lat' dir='ltr'><strong>data</strong></span> <span class='ocrx_word' id='word_1_177' title='bbox 739 1456 818 1484; x_wconf 85' lang='lat' dir='ltr'><strong>opera</strong></span> <span class='ocrx_word' id='word_1_178' title='bbox 833 1445 999 1475; x_wconf 87' lang='lat' dir='ltr'><strong>Tillemontii</strong></span> 
     </span>
    </p>
   </div>
   <div class='ocr_carea' id='block_1_3' title="bbox 797 235 1315 268">
    <p class='ocr_par' dir='ltr' id='par_1_4' title="bbox 797 235 1315 268">
     <span class='ocr_line' id='line_1_28' title="bbox 797 235 1315 268; baseline 0.004 -9"><span class='ocrx_word' id='word_1_179' title='bbox 797 235 939 259; x_wconf 62' lang='lat' dir='ltr'><strong>JosNNts</strong></span> <span class='ocrx_word' id='word_1_180' title='bbox 965 236 1195 261; x_wconf 62' lang='lat' dir='ltr'><strong>cunt&#39;sosTOMt</strong></span> <span class='ocrx_word' id='word_1_181' title='bbox 1222 238 1315 268; x_wconf 75' lang='lat' dir='ltr'><strong>VITA,</strong></span> 
     </span>
    </p>
   </div>
   <div class='ocr_carea' id='block_1_4' title="bbox 1048 299 1789 1118">
    <p class='ocr_par' dir='ltr' id='par_1_5' title="bbox 1048 299 1789 1118">
     <span class='ocr_line' id='line_1_29' title="bbox 1049 299 1784 340; baseline 0.005 -13"><span class='ocrx_word' id='word_1_182' title='bbox 1049 299 1148 335; x_wconf 81' lang='grc' dir='ltr'>μένων,</span> <span class='ocrx_word' id='word_1_183' title='bbox 1160 300 1247 328; x_wconf 80' lang='lat' dir='ltr'><strong>Nunc</strong></span> <span class='ocrx_word' id='word_1_184' title='bbox 1261 300 1377 339; x_wconf 81' lang='lat' dir='ltr'><strong>quidem</strong></span> <span class='ocrx_word' id='word_1_185' title='bbox 1392 302 1510 329; x_wconf 76' lang='lat' dir='ltr'><strong>tristitia</strong></span> <span class='ocrx_word' id='word_1_186' title='bbox 1524 302 1652 340; x_wconf 78' lang='lat' dir='ltr'><strong>fratrum</strong></span> <span class='ocrx_word' id='word_1_187' title='bbox 1665 303 1784 331; x_wconf 82' lang='lat' dir='ltr'><strong>chorum</strong></span> 
     </span>
     <span class='ocr_line' id='line_1_30' title="bbox 1049 346 1784 386; baseline 0.004 -13"><span class='ocrx_word' id='word_1_188' title='bbox 1049 352 1169 384; x_wconf 82' lang='lat' dir='ltr'><strong>occupat</strong></span> <span class='ocrx_word' id='word_1_189' title='bbox 1180 367 1190 381; x_wconf 81' lang='lat'><strong>,</strong></span> <span class='ocrx_word' id='word_1_190' title='bbox 1215 346 1353 384; x_wconf 80' lang='lat' dir='ltr'><strong>voluptas</strong></span> <span class='ocrx_word' id='word_1_191' title='bbox 1372 352 1400 374; x_wconf 85' lang='lat' dir='ltr'><strong>et</strong></span> <span class='ocrx_word' id='word_1_192' title='bbox 1414 346 1518 374; x_wconf 77' lang='lat' dir='ltr'><strong>loeticia</strong></span> <span class='ocrx_word' id='word_1_193' title='bbox 1536 347 1700 386; x_wconf 82' lang='lat' dir='ltr'><strong>infidelium</strong></span> <span class='ocrx_word' id='word_1_194' title='bbox 1716 358 1784 377; x_wconf 85' lang='lat' dir='ltr'><strong>con-</strong></span> 
     </span>
     <span class='ocr_line' id='line_1_31' title="bbox 1049 392 1784 431; baseline 0.003 -12"><span class='ocrx_word' id='word_1_195' title='bbox 1049 398 1171 420; x_wconf 79' lang='lat' dir='ltr'><strong>ventum</strong></span> <span class='ocrx_word' id='word_1_196' title='bbox 1183 413 1191 427; x_wconf 89' lang='lat'>‚</span> <span class='ocrx_word' id='word_1_197' title='bbox 1213 402 1325 420; x_wconf 84' lang='lat' dir='ltr'><strong>necnon</strong></span> <span class='ocrx_word' id='word_1_198' title='bbox 1328 392 1473 430; x_wconf 72' lang='lat' dir='ltr'><strong>juvenum</strong></span> <span class='ocrx_word' id='word_1_199' title='bbox 1490 394 1549 420; x_wconf 81' lang='lat' dir='ltr'><strong>otio</strong></span> <span class='ocrx_word' id='word_1_200' title='bbox 1562 395 1654 431; x_wconf 84' lang='lat' dir='ltr'><strong>magis</strong></span> <span class='ocrx_word' id='word_1_201' title='bbox 1669 393 1784 421; x_wconf 84' lang='lat' dir='ltr'><strong>dedito-</strong></span> 
     </span>
     <span class='ocr_line' id='line_1_32' title="bbox 1049 436 1785 475; baseline 0.003 -11"><span class='ocrx_word' id='word_1_202' title='bbox 1049 447 1122 464; x_wconf 82' lang='lat' dir='ltr'><strong>rum.</strong></span> <span class='ocrx_word' id='word_1_203' title='bbox 1142 436 1192 464; x_wconf 90' lang='lat' dir='ltr'><strong>Hic</strong></span> <span class='ocrx_word' id='word_1_204' title='bbox 1213 437 1326 465; x_wconf 79' lang='lat' dir='ltr'><strong>fratrum</strong></span> <span class='ocrx_word' id='word_1_205' title='bbox 1345 437 1457 466; x_wconf 84' lang='lat' dir='ltr'><strong>chorum</strong></span> <span class='ocrx_word' id='word_1_206' title='bbox 1476 437 1535 466; x_wconf 83' lang='lat' dir='ltr'><strong>vult</strong></span> <span class='ocrx_word' id='word_1_207' title='bbox 1554 437 1705 475; x_wconf 80' lang='lat' dir='ltr'><strong>significare</strong></span> <span class='ocrx_word' id='word_1_208' title='bbox 1722 438 1785 466; x_wconf 86' lang='lat' dir='ltr'>Til-</span> 
     </span>
     <span class='ocr_line' id='line_1_33' title="bbox 1050 482 1786 522; baseline 0 -11"><span class='ocrx_word' id='word_1_209' title='bbox 1050 483 1192 511; x_wconf 87' lang='lat' dir='ltr'><strong>lemontius</strong></span> <span class='ocrx_word' id='word_1_210' title='bbox 1207 489 1304 511; x_wconf 86' lang='lat' dir='ltr'><strong>coetum</strong></span> <span class='ocrx_word' id='word_1_211' title='bbox 1318 482 1521 518; x_wconf 74' lang='lat' dir='ltr'><strong>monachorum,</strong></span> <span class='ocrx_word' id='word_1_212' title='bbox 1543 482 1658 520; x_wconf 85' lang='lat' dir='ltr'><strong>hincque</strong></span> <span class='ocrx_word' id='word_1_213' title='bbox 1676 483 1786 522; x_wconf 85' lang='lat' dir='ltr'><strong>probari</strong></span> 
     </span>
     <span class='ocr_line' id='line_1_34' title="bbox 1050 527 1785 568; baseline 0.001 -12"><span class='ocrx_word' id='word_1_214' title='bbox 1050 534 1125 567; x_wconf 83' lang='lat' dir='ltr'><strong>putat</strong></span> <span class='ocrx_word' id='word_1_215' title='bbox 1135 527 1395 557; x_wconf 86' lang='lat' dir='ltr'><strong>Theodorumistum</strong></span> <span class='ocrx_word' id='word_1_216' title='bbox 1402 538 1457 557; x_wconf 86' lang='lat' dir='ltr'><strong>esse</strong></span> <span class='ocrx_word' id='word_1_217' title='bbox 1465 528 1549 557; x_wconf 88' lang='lat' dir='ltr'><strong>alium</strong></span> <span class='ocrx_word' id='word_1_218' title='bbox 1563 539 1578 556; x_wconf 92' lang='grc'><strong>3</strong></span> <span class='ocrx_word' id='word_1_219' title='bbox 1589 529 1785 568; x_wconf 85' lang='lat' dir='ltr'><strong>Mopsuesteno.</strong></span> 
     </span>
     <span class='ocr_line' id='line_1_35' title="bbox 1050 573 1786 612; baseline 0.001 -11"><span class='ocrx_word' id='word_1_220' title='bbox 1050 574 1153 602; x_wconf 81' lang='lat' dir='ltr'><strong>verum</strong></span> <span class='ocrx_word' id='word_1_221' title='bbox 1168 573 1202 602; x_wconf 91' lang='lat' dir='ltr'><strong>de</strong></span> <span class='ocrx_word' id='word_1_222' title='bbox 1217 574 1377 602; x_wconf 88' lang='lat' dir='ltr'><strong>monasterio</strong></span> <span class='ocrx_word' id='word_1_223' title='bbox 1388 573 1457 602; x_wconf 88' lang='lat' dir='ltr'><strong>etde</strong></span> <span class='ocrx_word' id='word_1_224' title='bbox 1470 573 1607 602; x_wconf 82' lang='lat' dir='ltr'><strong>monachis</strong></span> <span class='ocrx_word' id='word_1_225' title='bbox 1618 583 1650 602; x_wconf 86' lang='lat' dir='ltr'><strong>ne</strong></span> <span class='ocrx_word' id='word_1_226' title='bbox 1664 576 1712 612; x_wconf 85' lang='grc' dir='ltr'><strong>γρῦ</strong></span> <span class='ocrx_word' id='word_1_227' title='bbox 1725 575 1786 612; x_wconf 91' lang='lat' dir='ltr'><strong>qui-</strong></span> 
     </span>
     <span class='ocr_line' id='line_1_36' title="bbox 1049 619 1787 659; baseline 0.003 -12"><span class='ocrx_word' id='word_1_228' title='bbox 1049 619 1111 648; x_wconf 87' lang='lat' dir='ltr'><strong>dem</strong></span> <span class='ocrx_word' id='word_1_229' title='bbox 1120 619 1164 648; x_wconf 86' lang='lat' dir='ltr'><strong>hic</strong></span> <span class='ocrx_word' id='word_1_230' title='bbox 1173 619 1240 648; x_wconf 89' lang='lat' dir='ltr'><strong>dicit</strong></span> <span class='ocrx_word' id='word_1_231' title='bbox 1251 620 1467 659; x_wconf 84' lang='lat' dir='ltr'><strong>Chrysostomus,</strong></span> <span class='ocrx_word' id='word_1_232' title='bbox 1474 619 1507 648; x_wconf 90' lang='lat' dir='ltr'><strong>de</strong></span> <span class='ocrx_word' id='word_1_233' title='bbox 1518 619 1615 657; x_wconf 77' lang='lat' dir='ltr'><strong>quihus</strong></span> <span class='ocrx_word' id='word_1_234' title='bbox 1629 619 1787 649; x_wconf 85' lang='lat' dir='ltr'><strong>mentionem</strong></span> 
     </span>
     <span class='ocr_line' id='line_1_37' title="bbox 1054 665 1786 701; baseline 0.001 -8"><span class='ocrx_word' id='word_1_235' title='bbox 1054 665 1127 694; x_wconf 89' lang='lat' dir='ltr'><strong>haud</strong></span> <span class='ocrx_word' id='word_1_236' title='bbox 1147 666 1229 694; x_wconf 83' lang='lat' dir='ltr'><strong>dubie</strong></span> <span class='ocrx_word' id='word_1_237' title='bbox 1251 666 1369 695; x_wconf 84' lang='lat' dir='ltr'><strong>facturus</strong></span> <span class='ocrx_word' id='word_1_238' title='bbox 1385 673 1451 701; x_wconf 87' lang='lat' dir='ltr'><strong>erat,</strong></span> <span class='ocrx_word' id='word_1_239' title='bbox 1471 665 1493 694; x_wconf 88' lang='lat' dir='ltr'><strong>si</strong></span> <span class='ocrx_word' id='word_1_240' title='bbox 1514 665 1559 693; x_wconf 89' lang='lat' dir='ltr'><strong>ille</strong></span> <span class='ocrx_word' id='word_1_241' title='bbox 1576 675 1610 693; x_wconf 80' lang='lat' dir='ltr'><strong>ex</strong></span> <span class='ocrx_word' id='word_1_242' title='bbox 1628 666 1786 694; x_wconf 88' lang='lat' dir='ltr'><strong>monasterio</strong></span> 
     </span>
     <span class='ocr_line' id='line_1_38' title="bbox 1049 710 1788 750; baseline -0.001 -10"><span class='ocrx_word' id='word_1_243' title='bbox 1049 711 1168 748; x_wconf 84' lang='lat' dir='ltr'><strong>exiisset,</strong></span> <span class='ocrx_word' id='word_1_244' title='bbox 1184 710 1230 740; x_wconf 88' lang='lat' dir='ltr'><strong>sed</strong></span> <span class='ocrx_word' id='word_1_245' title='bbox 1248 722 1295 750; x_wconf 91' lang='lat' dir='ltr'><strong>per</strong></span> <span class='ocrx_word' id='word_1_246' title='bbox 1308 712 1422 740; x_wconf 83' lang='lat' dir='ltr'><strong>fratrum</strong></span> <span class='ocrx_word' id='word_1_247' title='bbox 1442 711 1554 740; x_wconf 88' lang='lat' dir='ltr'><strong>chorum</strong></span> <span class='ocrx_word' id='word_1_248' title='bbox 1565 710 1609 739; x_wconf 85' lang='lat' dir='ltr'><strong>hic</strong></span> <span class='ocrx_word' id='word_1_249' title='bbox 1621 711 1728 740; x_wconf 85' lang='lat' dir='ltr'><strong>omnino</strong></span> <span class='ocrx_word' id='word_1_250' title='bbox 1739 722 1788 740; x_wconf 74' lang='lat' dir='ltr'><strong>vo·</strong></span> 
     </span>
     <span class='ocr_line' id='line_1_39' title="bbox 1049 756 1786 796; baseline 0.001 -11"><span class='ocrx_word' id='word_1_251' title='bbox 1049 767 1108 786; x_wconf 85' lang='lat' dir='ltr'><strong>care</strong></span> <span class='ocrx_word' id='word_1_252' title='bbox 1125 756 1232 786; x_wconf 79' lang='lat' dir='ltr'><strong>videtur</strong></span> <span class='ocrx_word' id='word_1_253' title='bbox 1255 757 1367 786; x_wconf 89' lang='lat' dir='ltr'><strong>chorum</strong></span> <span class='ocrx_word' id='word_1_254' title='bbox 1387 757 1508 785; x_wconf 83' lang='lat' dir='ltr'><strong>fidelium</strong></span> <span class='ocrx_word' id='word_1_255' title='bbox 1525 764 1595 786; x_wconf 89' lang='lat' dir='ltr'><strong>recte</strong></span> <span class='ocrx_word' id='word_1_256' title='bbox 1611 757 1762 786; x_wconf 85' lang='lat' dir='ltr'><strong>viventium</strong></span> <span class='ocrx_word' id='word_1_257' title='bbox 1777 782 1786 796; x_wconf 88' lang='lat'><strong>‚</strong></span> 
     </span>
     <span class='ocr_line' id='line_1_40' title="bbox 1049 803 1788 843; baseline 0.001 -12"><span class='ocrx_word' id='word_1_258' title='bbox 1049 813 1114 840; x_wconf 91' lang='lat' dir='ltr'><strong>quos</strong></span> <span class='ocrx_word' id='word_1_259' title='bbox 1126 814 1178 832; x_wconf 92' lang='lat' dir='ltr'><strong>non</strong></span> <span class='ocrx_word' id='word_1_260' title='bbox 1193 803 1273 832; x_wconf 86' lang='lat' dir='ltr'><strong>semel</strong></span> <span class='ocrx_word' id='word_1_261' title='bbox 1291 804 1384 832; x_wconf 79' lang='lat' dir='ltr'><strong>fratres</strong></span> <span class='ocrx_word' id='word_1_262' title='bbox 1396 803 1441 831; x_wconf 90' lang='lat' dir='ltr'><strong>ille</strong></span> <span class='ocrx_word' id='word_1_263' title='bbox 1452 810 1540 841; x_wconf 84' lang='lat' dir='ltr'><strong>vocat,</strong></span> <span class='ocrx_word' id='word_1_264' title='bbox 1558 810 1583 832; x_wconf 92' lang='lat' dir='ltr'><strong>et</strong></span> <span class='ocrx_word' id='word_1_265' title='bbox 1602 803 1712 843; x_wconf 88' lang='lat' dir='ltr'><strong>opponit</strong></span> <span class='ocrx_word' id='word_1_266' title='bbox 1728 814 1788 832; x_wconf 89' lang='lat' dir='ltr'><strong>con-</strong></span> 
     </span>
     <span class='ocr_line' id='line_1_41' title="bbox 1048 849 1788 888; baseline 0 -10"><span class='ocrx_word' id='word_1_267' title='bbox 1048 849 1139 878; x_wconf 87' lang='lat' dir='ltr'><strong>ventui</strong></span> <span class='ocrx_word' id='word_1_268' title='bbox 1163 849 1313 878; x_wconf 84' lang='lat' dir='ltr'><strong>infidelium</strong></span> <span class='ocrx_word' id='word_1_269' title='bbox 1332 856 1357 878; x_wconf 88' lang='lat' dir='ltr'><strong>et</strong></span> <span class='ocrx_word' id='word_1_270' title='bbox 1368 850 1498 888; x_wconf 88' lang='lat' dir='ltr'><strong>juvenum</strong></span> <span class='ocrx_word' id='word_1_271' title='bbox 1515 859 1606 878; x_wconf 86' lang='lat' dir='ltr'><strong>eorum</strong></span> <span class='ocrx_word' id='word_1_272' title='bbox 1621 849 1668 888; x_wconf 89' lang='lat' dir='ltr'><strong>qui</strong></span> <span class='ocrx_word' id='word_1_273' title='bbox 1692 849 1747 878; x_wconf 85' lang='lat' dir='ltr'><strong>otio</strong></span> <span class='ocrx_word' id='word_1_274' title='bbox 1763 856 1788 878; x_wconf 89' lang='lat' dir='ltr'><strong>et</strong></span> 
     </span>
     <span class='ocr_line' id='line_1_42' title="bbox 1048 894 1788 933; baseline 0.001 -10"><span class='ocrx_word' id='word_1_275' title='bbox 1048 895 1169 933; x_wconf 81' lang='lat' dir='ltr'><strong>segnitiei</strong></span> <span class='ocrx_word' id='word_1_276' title='bbox 1183 895 1269 924; x_wconf 86' lang='lat' dir='ltr'><strong>dediti</strong></span> <span class='ocrx_word' id='word_1_277' title='bbox 1284 902 1368 924; x_wconf 79' lang='lat' dir='ltr'><strong>erant.</strong></span> <span class='ocrx_word' id='word_1_278' title='bbox 1383 896 1441 924; x_wconf 90' lang='lat' dir='ltr'><strong>Imo</strong></span> <span class='ocrx_word' id='word_1_279' title='bbox 1454 905 1528 930; x_wconf 82' lang='lat' dir='ltr'><strong>vero,</strong></span> <span class='ocrx_word' id='word_1_280' title='bbox 1545 894 1617 933; x_wconf 84' lang='lat' dir='ltr'><strong>quod</strong></span> <span class='ocrx_word' id='word_1_281' title='bbox 1630 905 1692 924; x_wconf 86' lang='lat' dir='ltr'><strong>sane</strong></span> <span class='ocrx_word' id='word_1_282' title='bbox 1704 895 1788 924; x_wconf 89' lang='lat' dir='ltr'><strong>miror</strong></span> 
     </span>
     <span class='ocr_line' id='line_1_43' title="bbox 1048 941 1789 979; baseline 0.001 -10"><span class='ocrx_word' id='word_1_283' title='bbox 1048 941 1138 969; x_wconf 75' lang='lat' dir='ltr'><strong>virum</strong></span> <span class='ocrx_word' id='word_1_284' title='bbox 1151 941 1272 970; x_wconf 89' lang='lat' dir='ltr'><strong>omnium</strong></span> <span class='ocrx_word' id='word_1_285' title='bbox 1284 941 1363 979; x_wconf 83' lang='lat' dir='ltr'><strong>longe</strong></span> <span class='ocrx_word' id='word_1_286' title='bbox 1377 941 1606 970; x_wconf 88' lang='lat' dir='ltr'><strong>accuratissimum</strong></span> <span class='ocrx_word' id='word_1_287' title='bbox 1621 951 1673 970; x_wconf 92' lang='lat' dir='ltr'><strong>non</strong></span> <span class='ocrx_word' id='word_1_288' title='bbox 1687 941 1789 970; x_wconf 80' lang='lat' dir='ltr'><strong>adver—</strong></span> 
     </span>
     <span class='ocr_line' id='line_1_44' title="bbox 1049 986 1788 1026; baseline 0.001 -12"><span class='ocrx_word' id='word_1_289' title='bbox 1049 986 1121 1023; x_wconf 83' lang='lat' dir='ltr'><strong>tisse,</strong></span> <span class='ocrx_word' id='word_1_290' title='bbox 1133 987 1159 1015; x_wconf 89' lang='lat' dir='ltr'><strong>in</strong></span> <span class='ocrx_word' id='word_1_291' title='bbox 1172 987 1259 1026; x_wconf 86' lang='lat' dir='ltr'><strong>prima</strong></span> <span class='ocrx_word' id='word_1_292' title='bbox 1268 986 1390 1015; x_wconf 79' lang='lat' dir='ltr'><strong>secundae</strong></span> <span class='ocrx_word' id='word_1_293' title='bbox 1398 987 1514 1026; x_wconf 81' lang='lat' dir='ltr'><strong>epistolae</strong></span> <span class='ocrx_word' id='word_1_294' title='bbox 1523 986 1642 1026; x_wconf 88' lang='lat' dir='ltr'><strong>periodo,</strong></span> <span class='ocrx_word' id='word_1_295' title='bbox 1653 987 1690 1015; x_wconf 89' lang='lat' dir='ltr'><strong>ait</strong></span> <span class='ocrx_word' id='word_1_296' title='bbox 1700 987 1788 1026; x_wconf 80' lang='lat' dir='ltr'><strong>Chry-</strong></span> 
     </span>
     <span class='ocr_line' id='line_1_45' title="bbox 1048 1032 1787 1071; baseline -0.001 -10"><span class='ocrx_word' id='word_1_297' title='bbox 1048 1039 1179 1061; x_wconf 87' lang='lat' dir='ltr'><strong>sostomus</strong></span> <span class='ocrx_word' id='word_1_298' title='bbox 1191 1033 1280 1061; x_wconf 89' lang='lat' dir='ltr'><strong>dolere</strong></span> <span class='ocrx_word' id='word_1_299' title='bbox 1290 1043 1332 1070; x_wconf 85' lang='lat' dir='ltr'><strong>se,</strong></span> <span class='ocrx_word' id='word_1_300' title='bbox 1344 1032 1416 1071; x_wconf 90' lang='lat' dir='ltr'><strong>quod</strong></span> <span class='ocrx_word' id='word_1_301' title='bbox 1427 1043 1455 1061; x_wconf 90' lang='lat' dir='ltr'><strong>se</strong></span> <span class='ocrx_word' id='word_1_302' title='bbox 1466 1043 1499 1061; x_wconf 82' lang='lat' dir='ltr'><strong>ex</strong></span> <span class='ocrx_word' id='word_1_303' title='bbox 1512 1033 1638 1069; x_wconf 65' lang='lat' dir='ltr'><strong>fratrum</strong></span> <span class='ocrx_word' id='word_1_304' title='bbox 1652 1033 1787 1071; x_wconf 81' lang='lat' dir='ltr'><strong>catalogo</strong></span> 
     </span>
     <span class='ocr_line' id='line_1_46' title="bbox 1049 1079 1627 1118; baseline -0.002 -11"><span class='ocrx_word' id='word_1_305' title='bbox 1049 1079 1189 1114; x_wconf 75' lang='lat' dir='ltr'><strong>deleverit,</strong></span> <span class='ocrx_word' id='word_1_306' title='bbox 1205 1081 1249 1107; x_wconf 78' lang='grc' dir='ltr'><strong>τοῦ</strong></span> <span class='ocrx_word' id='word_1_307' title='bbox 1264 1079 1410 1117; x_wconf 67' lang='grc' dir='ltr'>καταλόγου</span> <span class='ocrx_word' id='word_1_308' title='bbox 1428 1080 1481 1107; x_wconf 81' lang='grc' dir='ltr'><strong>τῶν</strong></span> <span class='ocrx_word' id='word_1_309' title='bbox 1500 1079 1627 1118; x_wconf 66' lang='grc' dir='ltr'>ἀδελφῶν.</span> 
     </span>
    </p>
   </div>
   <div class='ocr_carea' id='block_1_5' title="bbox 1090 1124 1932 1199">
    <p class='ocr_par' dir='ltr' id='par_1_6' title="bbox 1090 1124 1932 1199">
     <span class='ocr_line' id='line_1_47' title="bbox 1090 1124 1932 1165; baseline -0.002 -10"><span class='ocrx_word' id='word_1_310' title='bbox 1090 1127 1143 1155; x_wconf 87' lang='lat' dir='ltr'><strong>Tot</strong></span> <span class='ocrx_word' id='word_1_311' title='bbox 1151 1126 1335 1165; x_wconf 86' lang='lat' dir='ltr'><strong>Chrysostomi</strong></span> <span class='ocrx_word' id='word_1_312' title='bbox 1344 1125 1428 1154; x_wconf 84' lang='lat' dir='ltr'><strong>literis</strong></span> <span class='ocrx_word' id='word_1_313' title='bbox 1436 1124 1543 1153; x_wconf 89' lang='lat' dir='ltr'><strong>tandem</strong></span> <span class='ocrx_word' id='word_1_314' title='bbox 1552 1131 1693 1153; x_wconf 83' lang='lat' dir='ltr'><strong>revocatus</strong></span> <span class='ocrx_word' id='word_1_315' title='bbox 1702 1124 1788 1153; x_wconf 87' lang='lat' dir='ltr'><strong>Theo-</strong></span> <span class='ocrx_word' id='word_1_316' title='bbox 1825 1141 1874 1162; x_wconf 71' lang='lat'><strong>50,</strong></span> <span class='ocrx_word' id='word_1_317' title='bbox 1890 1141 1905 1161; x_wconf 89' lang='lat'>1</span> <span class='ocrx_word' id='word_1_318' title='bbox 1918 1141 1932 1162; x_wconf 84' lang='lat'><strong>8</strong></span> 
     </span>
     <span class='ocr_line' id='line_1_48' title="bbox 1466 1169 1857 1199; baseline 0 -1"><span class='ocrx_word' id='word_1_319' title='bbox 1466 1177 1490 1199; x_wconf 91' lang='lat' dir='ltr'><strong>et</strong></span> <span class='ocrx_word' id='word_1_320' title='bbox 1504 1169 1578 1198; x_wconf 83' lang='lat' dir='ltr'><strong>haud</strong></span> <span class='ocrx_word' id='word_1_321' title='bbox 1591 1170 1673 1198; x_wconf 87' lang='lat' dir='ltr'><strong>dubie</strong></span> <span class='ocrx_word' id='word_1_322' title='bbox 1686 1170 1788 1199; x_wconf 86' lang='lat' dir='ltr'><strong>Basilio</strong></span> <span class='ocrx_word' id='word_1_323' title='bbox 1801 1179 1820 1192; x_wconf 76' lang='lat' dir='ltr'><strong>t·</strong></span> <span class='ocrx_word' id='word_1_324' title='bbox 1835 1178 1857 1192; x_wconf 90' lang='lat'><strong>²·</strong></span> 
     </span>
    </p>
   </div>
   <div class='ocr_carea' id='block_1_6' title="bbox 1049 1171 1792 1487">
    <p class='ocr_par' dir='ltr' id='par_1_7' title="bbox 1049 1171 1792 1487">
     <span class='ocr_line' id='line_1_49' title="bbox 1049 1171 1439 1206; baseline -0.005 -6"><span class='ocrx_word' id='word_1_325' title='bbox 1049 1171 1130 1200; x_wconf 78' lang='lat' dir='ltr'><strong>dorus</strong></span> <span class='ocrx_word' id='word_1_326' title='bbox 1149 1182 1200 1200; x_wconf 92' lang='lat' dir='ltr'><strong>una</strong></span> <span class='ocrx_word' id='word_1_327' title='bbox 1215 1183 1276 1200; x_wconf 88' lang='lat' dir='ltr'><strong>cum</strong></span> <span class='ocrx_word' id='word_1_328' title='bbox 1298 1171 1439 1206; x_wconf 81' lang='lat' dir='ltr'><strong>Maximo,</strong></span> 
     </span>
     <span class='ocr_line' id='line_1_50' title="bbox 1050 1216 1788 1268; baseline -0.001 -21"><span class='ocrx_word' id='word_1_329' title='bbox 1050 1220 1179 1248; x_wconf 88' lang='lat' dir='ltr'><strong>Joannem</strong></span> <span class='ocrx_word' id='word_1_330' title='bbox 1204 1217 1408 1268; x_wconf 75' lang='lat' dir='ltr'><strong>frequentabat:</strong></span> <span class='ocrx_word' id='word_1_331' title='bbox 1422 1227 1526 1255; x_wconf 87' lang='lat' dir='ltr'><strong>unaque</strong></span> <span class='ocrx_word' id='word_1_332' title='bbox 1547 1216 1651 1245; x_wconf 84' lang='lat' dir='ltr'><strong>collecti</strong></span> <span class='ocrx_word' id='word_1_333' title='bbox 1665 1239 1673 1254; x_wconf 93' lang='lat'><strong>,</strong></span> <span class='ocrx_word' id='word_1_334' title='bbox 1698 1227 1788 1246; x_wconf 74' lang='lat' dir='ltr'><strong>veram</strong></span> 
     </span>
     <span class='ocr_line' id='line_1_51' title="bbox 1050 1262 1790 1303; baseline -0.001 -11"><span class='ocrx_word' id='word_1_335' title='bbox 1050 1263 1251 1303; x_wconf 82' lang='lat' dir='ltr'><strong>philosophiam</strong></span> <span class='ocrx_word' id='word_1_336' title='bbox 1271 1264 1329 1292; x_wconf 77' lang='lat' dir='ltr'><strong>sive</strong></span> <span class='ocrx_word' id='word_1_337' title='bbox 1345 1262 1496 1291; x_wconf 82' lang='lat' dir='ltr'><strong>monasticae</strong></span> <span class='ocrx_word' id='word_1_338' title='bbox 1511 1262 1625 1290; x_wconf 89' lang='lat' dir='ltr'><strong>similem</strong></span> <span class='ocrx_word' id='word_1_339' title='bbox 1640 1263 1725 1290; x_wconf 85' lang='lat' dir='ltr'><strong>vitam</strong></span> <span class='ocrx_word' id='word_1_340' title='bbox 1749 1273 1790 1291; x_wconf 87' lang='lat' dir='ltr'><strong>se-</strong></span> 
     </span>
     <span class='ocr_line' id='line_1_52' title="bbox 1050 1307 1790 1348; baseline -0.001 -11"><span class='ocrx_word' id='word_1_341' title='bbox 1050 1309 1200 1338; x_wconf 85' lang='lat' dir='ltr'><strong>ctabantur.</strong></span> <span class='ocrx_word' id='word_1_342' title='bbox 1225 1309 1392 1348; x_wconf 83' lang='lat' dir='ltr'><strong>Scripturam</strong></span> <span class='ocrx_word' id='word_1_343' title='bbox 1407 1318 1470 1336; x_wconf 77' lang='lat' dir='ltr'><strong>vero</strong></span> <span class='ocrx_word' id='word_1_344' title='bbox 1484 1318 1586 1336; x_wconf 88' lang='lat' dir='ltr'><strong>sacram</strong></span> <span class='ocrx_word' id='word_1_345' title='bbox 1600 1314 1626 1336; x_wconf 89' lang='lat' dir='ltr'><strong>et</strong></span> <span class='ocrx_word' id='word_1_346' title='bbox 1639 1307 1790 1336; x_wconf 87' lang='lat' dir='ltr'><strong>doctrinam</strong></span> 
     </span>
     <span class='ocr_line' id='line_1_53' title="bbox 1051 1354 1790 1384; baseline 0 -1"><span class='ocrx_word' id='word_1_347' title='bbox 1051 1354 1256 1384; x_wconf 88' lang='lat' dir='ltr'><strong>ecclesiasticam</strong></span> <span class='ocrx_word' id='word_1_348' title='bbox 1265 1354 1402 1382; x_wconf 88' lang='lat' dir='ltr'><strong>discebant</strong></span> <span class='ocrx_word' id='word_1_349' title='bbox 1412 1364 1464 1382; x_wconf 87' lang='lat' dir='ltr'><strong>uua</strong></span> <span class='ocrx_word' id='word_1_350' title='bbox 1476 1364 1538 1382; x_wconf 87' lang='lat' dir='ltr'><strong>cnm</strong></span> <span class='ocrx_word' id='word_1_351' title='bbox 1549 1354 1702 1383; x_wconf 86' lang='lat' dir='ltr'><strong>monasticis</strong></span> <span class='ocrx_word' id='word_1_352' title='bbox 1712 1364 1790 1383; x_wconf 83' lang='lat' dir='ltr'><strong>exer·</strong></span> 
     </span>
     <span class='ocr_line' id='line_1_54' title="bbox 1050 1400 1791 1439; baseline -0.001 -10"><span class='ocrx_word' id='word_1_353' title='bbox 1050 1401 1121 1430; x_wconf 86' lang='lat' dir='ltr'><strong>citiis</strong></span> <span class='ocrx_word' id='word_1_354' title='bbox 1131 1424 1138 1436; x_wconf 83' lang='lat'><em>‚</em></span> <span class='ocrx_word' id='word_1_355' title='bbox 1161 1400 1315 1429; x_wconf 80' lang='lat' dir='ltr'><strong>doctoribus</strong></span> <span class='ocrx_word' id='word_1_356' title='bbox 1328 1400 1461 1436; x_wconf 81' lang='lat' dir='ltr'><strong>Diodoro,</strong></span> <span class='ocrx_word' id='word_1_357' title='bbox 1485 1400 1530 1438; x_wconf 83' lang='lat' dir='ltr'><strong>qui</strong></span> <span class='ocrx_word' id='word_1_358' title='bbox 1546 1406 1636 1439; x_wconf 85' lang='lat' dir='ltr'><strong>postea</strong></span> <span class='ocrx_word' id='word_1_359' title='bbox 1651 1400 1791 1429; x_wconf 81' lang='lat' dir='ltr'><strong>Tarsensis</strong></span> 
     </span>
     <span class='ocr_line' id='line_1_55' title="bbox 1051 1445 1792 1487; baseline -0.004 -11"><span class='ocrx_word' id='word_1_360' title='bbox 1051 1447 1190 1487; x_wconf 87' lang='lat' dir='ltr'><strong>episcopus</strong></span> <span class='ocrx_word' id='word_1_361' title='bbox 1210 1447 1281 1481; x_wconf 83' lang='lat' dir='ltr'><strong>fuit,</strong></span> <span class='ocrx_word' id='word_1_362' title='bbox 1309 1452 1334 1473; x_wconf 87' lang='lat' dir='ltr'><strong>et</strong></span> <span class='ocrx_word' id='word_1_363' title='bbox 1348 1445 1467 1474; x_wconf 90' lang='lat' dir='ltr'><strong>Carterio</strong></span> <span class='ocrx_word' id='word_1_364' title='bbox 1479 1468 1488 1483; x_wconf 86' lang='lat'><strong>,</strong></span> <span class='ocrx_word' id='word_1_365' title='bbox 1510 1445 1555 1483; x_wconf 90' lang='lat' dir='ltr'><strong>qui</strong></span> <span class='ocrx_word' id='word_1_366' title='bbox 1572 1456 1624 1474; x_wconf 80' lang='lat' dir='ltr'><strong>una</strong></span> <span class='ocrx_word' id='word_1_367' title='bbox 1645 1455 1708 1473; x_wconf 89' lang='lat' dir='ltr'><strong>eum</strong></span> <span class='ocrx_word' id='word_1_368' title='bbox 1722 1445 1792 1474; x_wconf 84' lang='lat' dir='ltr'><strong>Dio-</strong></span> 
     </span>
    </p>
   </div>
   <div class='ocr_carea' id='block_1_7' title="bbox 254 1490 998 1622">
    <p class='ocr_par' dir='ltr' id='par_1_8' title="bbox 254 1490 998 1622">
     <span class='ocr_line' id='line_1_56' title="bbox 254 1490 998 1532; baseline 0.005 -14"><span class='ocrx_word' id='word_1_369' title='bbox 254 1490 338 1518; x_wconf 90' lang='lat' dir='ltr'><strong>telum</strong></span> <span class='ocrx_word' id='word_1_370' title='bbox 354 1491 495 1530; x_wconf 82' lang='lat' dir='ltr'><strong>depellere.</strong></span> <span class='ocrx_word' id='word_1_371' title='bbox 516 1492 714 1520; x_wconf 80' lang='lat' dir='ltr'><strong>Commentario</strong></span> <span class='ocrx_word' id='word_1_372' title='bbox 731 1502 825 1530; x_wconf 86' lang='lat' dir='ltr'><strong>nempe</strong></span> <span class='ocrx_word' id='word_1_373' title='bbox 848 1492 875 1520; x_wconf 89' lang='lat' dir='ltr'><strong>in</strong></span> <span class='ocrx_word' id='word_1_374' title='bbox 889 1493 998 1532; x_wconf 84' lang='lat' dir='ltr'><strong>Episto-</strong></span> 
     </span>
     <span class='ocr_line' id='line_1_57' title="bbox 254 1537 998 1575; baseline 0.003 -10"><span class='ocrx_word' id='word_1_375' title='bbox 254 1537 308 1565; x_wconf 88' lang='lat' dir='ltr'><strong>lam</strong></span> <span class='ocrx_word' id='word_1_376' title='bbox 332 1548 339 1565; x_wconf 92' lang='lat'>1</span> <span class='ocrx_word' id='word_1_377' title='bbox 357 1537 391 1566; x_wconf 88' lang='lat' dir='ltr'><strong>ad</strong></span> <span class='ocrx_word' id='word_1_378' title='bbox 409 1537 562 1565; x_wconf 79' lang='lat' dir='ltr'><strong>Corinthios</strong></span> <span class='ocrx_word' id='word_1_379' title='bbox 582 1537 616 1565; x_wconf 89' lang='lat' dir='ltr'><strong>de</strong></span> <span class='ocrx_word' id='word_1_380' title='bbox 633 1537 743 1565; x_wconf 82' lang='lat' dir='ltr'><strong>Socrate</strong></span> <span class='ocrx_word' id='word_1_381' title='bbox 761 1538 872 1575; x_wconf 88' lang='lat' dir='ltr'><strong>loquens</strong></span> <span class='ocrx_word' id='word_1_382' title='bbox 886 1538 942 1567; x_wconf 84' lang='lat' dir='ltr'><strong>ait:</strong></span> <span class='ocrx_word' id='word_1_383' title='bbox 954 1551 998 1567; x_wconf 75' lang='grc' dir='ltr'><strong>και</strong></span> 
     </span>
     <span class='ocr_line' id='line_1_58' title="bbox 254 1583 997 1622; baseline 0.001 -10"><span class='ocrx_word' id='word_1_384' title='bbox 254 1595 318 1622; x_wconf 79' lang='grc' dir='ltr'>προς</span> <span class='ocrx_word' id='word_1_385' title='bbox 334 1583 443 1622; x_wconf 56' lang='grc' dir='ltr'>ἔσχατον</span> <span class='ocrx_word' id='word_1_386' title='bbox 458 1596 565 1621; x_wconf 63' lang='grc' dir='ltr'><strong>γηραιςἓ</strong></span> <span class='ocrx_word' id='word_1_387' title='bbox 555 1584 619 1618; x_wconf 75' lang='grc' dir='ltr'>ἐληλ</span> <span class='ocrx_word' id='word_1_388' title='bbox 621 1595 699 1615; x_wconf 75' lang='grc' dir='ltr'><strong>ακως·</strong></span> <span class='ocrx_word' id='word_1_389' title='bbox 715 1583 759 1612; x_wconf 71' lang='grc' dir='ltr'><strong>καὶ</strong></span> <span class='ocrx_word' id='word_1_390' title='bbox 773 1584 823 1622; x_wconf 76' lang='grc' dir='ltr'><strong>γὰρ</strong></span> <span class='ocrx_word' id='word_1_391' title='bbox 836 1583 922 1622; x_wconf 77' lang='grc' dir='ltr'>ἔ)11;γεν</span> <span class='ocrx_word' id='word_1_392' title='bbox 933 1585 997 1613; x_wconf 81' lang='grc' dir='ltr'>ε’των</span> 
     </span>
    </p>
   </div>
   <div class='ocr_carea' id='block_1_8' title="bbox 1049 1491 1927 1669">
    <p class='ocr_par' dir='ltr' id='par_1_9' title="bbox 1049 1491 1927 1669">
     <span class='ocr_line' id='line_1_59' title="bbox 1051 1491 1827 1528; baseline -0.005 -6"><span class='ocrx_word' id='word_1_393' title='bbox 1051 1493 1117 1522; x_wconf 83' lang='grc'>11010</span> <span class='ocrx_word' id='word_1_394' title='bbox 1132 1493 1292 1522; x_wconf 78' lang='lat' dir='ltr'><strong>monasteria</strong></span> <span class='ocrx_word' id='word_1_395' title='bbox 1308 1492 1473 1520; x_wconf 86' lang='lat' dir='ltr'><strong>Antiochena</strong></span> <span class='ocrx_word' id='word_1_396' title='bbox 1488 1491 1609 1520; x_wconf 86' lang='lat' dir='ltr'><strong>curabat.</strong></span> <span class='ocrx_word' id='word_1_397' title='bbox 1803 1509 1827 1528; x_wconf 56' lang='grc'><strong>9,</strong></span> 
     </span>
     <span class='ocr_line' id='line_1_60' title="bbox 1092 1537 1792 1578; baseline -0.003 -10"><span class='ocrx_word' id='word_1_398' title='bbox 1092 1539 1140 1568; x_wconf 86' lang='grc' dir='ltr'><strong>Η15</strong></span> <span class='ocrx_word' id='word_1_399' title='bbox 1156 1550 1219 1578; x_wconf 81' lang='lat' dir='ltr'><strong>ergo</strong></span> <span class='ocrx_word' id='word_1_400' title='bbox 1234 1538 1331 1567; x_wconf 90' lang='lat' dir='ltr'><strong>studiis</strong></span> <span class='ocrx_word' id='word_1_401' title='bbox 1346 1548 1452 1577; x_wconf 78' lang='lat' dir='ltr'><strong>operam</strong></span> <span class='ocrx_word' id='word_1_402' title='bbox 1470 1537 1546 1566; x_wconf 81' lang='lat' dir='ltr'><strong>dedit</strong></span> <span class='ocrx_word' id='word_1_403' title='bbox 1566 1537 1639 1565; x_wconf 82' lang='lat' dir='ltr'><strong>istaec</strong></span> <span class='ocrx_word' id='word_1_404' title='bbox 1664 1543 1756 1566; x_wconf 87' lang='lat' dir='ltr'><strong>sancta</strong></span> <span class='ocrx_word' id='word_1_405' title='bbox 1766 1544 1792 1566; x_wconf 89' lang='lat' dir='ltr'><strong>et</strong></span> 
     </span>
     <span class='ocr_line' id='line_1_61' title="bbox 1051 1583 1927 1634; baseline -0.003 -20"><span class='ocrx_word' id='word_1_406' title='bbox 1051 1587 1146 1614; x_wconf 80' lang='lat' dir='ltr'><strong>selecta</strong></span> <span class='ocrx_word' id='word_1_407' title='bbox 1157 1586 1296 1624; x_wconf 75' lang='lat' dir='ltr'><strong>juventus.</strong></span> <span class='ocrx_word' id='word_1_408' title='bbox 1310 1586 1424 1613; x_wconf 86' lang='lat' dir='ltr'><strong>Joannes</strong></span> <span class='ocrx_word' id='word_1_409' title='bbox 1437 1593 1501 1612; x_wconf 69' lang='lat' dir='ltr'><strong>velo</strong></span> <span class='ocrx_word' id='word_1_410' title='bbox 1516 1583 1623 1612; x_wconf 88' lang='lat' dir='ltr'><strong>assidue</strong></span> <span class='ocrx_word' id='word_1_411' title='bbox 1637 1593 1699 1611; x_wconf 91' lang='lat' dir='ltr'><strong>eum</strong></span> <span class='ocrx_word' id='word_1_412' title='bbox 1712 1583 1792 1612; x_wconf 78' lang='lat' dir='ltr'><strong>Basi-</strong></span> <span class='ocrx_word' id='word_1_413' title='bbox 1826 1604 1904 1634; x_wconf 34' lang='lat' dir='ltr'><strong>Chry</strong></span> <span class='ocrx_word' id='word_1_414' title='bbox 1917 1606 1927 1626; x_wconf 44' lang='grc' dir='ltr'><strong>ι,</strong></span> 
     </span>
     <span class='ocr_line' id='line_1_62' title="bbox 1049 1629 1918 1669; baseline -0.005 -9"><span class='ocrx_word' id='word_1_415' title='bbox 1049 1631 1086 1660; x_wconf 86' lang='grc'><strong>110</strong></span> <span class='ocrx_word' id='word_1_416' title='bbox 1101 1631 1233 1669; x_wconf 85' lang='lat' dir='ltr'><strong>colloquia</strong></span> <span class='ocrx_word' id='word_1_417' title='bbox 1247 1631 1386 1665; x_wconf 81' lang='lat' dir='ltr'><strong>miscebat,</strong></span> <span class='ocrx_word' id='word_1_418' title='bbox 1411 1636 1441 1658; x_wconf 88' lang='lat' dir='ltr'><strong>ut</strong></span> <span class='ocrx_word' id='word_1_419' title='bbox 1455 1630 1511 1668; x_wconf 89' lang='lat' dir='ltr'><strong>ipse</strong></span> <span class='ocrx_word' id='word_1_420' title='bbox 1528 1630 1605 1657; x_wconf 81' lang='lat' dir='ltr'><strong>refert</strong></span> <span class='ocrx_word' id='word_1_421' title='bbox 1618 1629 1689 1657; x_wconf 80' lang='lat' dir='ltr'><strong>libro</strong></span> <span class='ocrx_word' id='word_1_422' title='bbox 1703 1629 1790 1668; x_wconf 90' lang='lat' dir='ltr'><strong>primo</strong></span> <span class='ocrx_word' id='word_1_423' title='bbox 1803 1637 1891 1657; x_wconf 72' lang='lat' dir='ltr'><strong>Sacerd.</strong></span> <span class='ocrx_word' id='word_1_424' title='bbox 1902 1637 1918 1657; x_wconf 97' lang='grc'><strong>1</strong></span> 
     </span>
    </p>
   </div>
   <div class='ocr_carea' id='block_1_9' title="bbox 102 1515 240 1575">
    <p class='ocr_par' dir='ltr' id='par_1_10' title="bbox 102 1515 240 1575">
     <span class='ocr_line' id='line_1_63' title="bbox 126 1515 240 1543; baseline -0.009 -7"><span class='ocrx_word' id='word_1_425' title='bbox 126 1515 154 1536; x_wconf 88' lang='grc' dir='ltr'><strong>Τ.</strong></span> <span class='ocrx_word' id='word_1_426' title='bbox 170 1521 204 1536; x_wconf 86' lang='lat' dir='ltr'><strong>to.</strong></span> <span class='ocrx_word' id='word_1_427' title='bbox 217 1522 240 1543; x_wconf 76' lang='lat' dir='ltr'><strong>p.</strong></span> 
     </span>
     <span class='ocr_line' id='line_1_64' title="bbox 102 1552 172 1575; baseline -0.014 -8"><span class='ocrx_word' id='word_1_428' title='bbox 102 1552 140 1575; x_wconf 80' lang='lat'><strong>29·</strong></span> <span class='ocrx_word' id='word_1_429' title='bbox 152 1555 172 1566; x_wconf 75' lang='lat' dir='ltr'><strong>a.</strong></span> 
     </span>
    </p>
   </div>
   <div class='ocr_carea' id='block_1_10' title="bbox 255 1629 998 1668">
    <p class='ocr_par' dir='ltr' id='par_1_11' title="bbox 255 1629 998 1668">
     <span class='ocr_line' id='line_1_65' title="bbox 255 1629 998 1668; baseline 0.001 -11"><span class='ocrx_word' id='word_1_430' title='bbox 255 1630 313 1657; x_wconf 72' lang='lat' dir='ltr'><strong>{er</strong></span> <span class='ocrx_word' id='word_1_431' title='bbox 289 1629 419 1667; x_wconf 69' lang='grc' dir='ltr'>οιιῆκοντ</span> <span class='ocrx_word' id='word_1_432' title='bbox 422 1642 438 1658; x_wconf 80' lang='grc' dir='ltr'>α</span> <span class='ocrx_word' id='word_1_433' title='bbox 453 1640 518 1658; x_wconf 78' lang='grc' dir='ltr'>ε1ναι</span> <span class='ocrx_word' id='word_1_434' title='bbox 536 1629 564 1657; x_wconf 70' lang='grc' dir='ltr'><strong>ἅτ</strong></span> <span class='ocrx_word' id='word_1_435' title='bbox 567 1642 578 1658; x_wconf 86' lang='grc' dir='ltr'>ε</span> <span class='ocrx_word' id='word_1_436' title='bbox 593 1630 770 1668; x_wconf 65' lang='grc' dir='ltr'>κατεῦρόνησε</span> <span class='ocrx_word' id='word_1_437' title='bbox 785 1631 851 1664; x_wconf 70' lang='grc' dir='ltr'><strong>ζωῆς</strong></span> <span class='ocrx_word' id='word_1_438' title='bbox 841 1651 860 1665; x_wconf 88' lang='grc'>,</span> <span class='ocrx_word' id='word_1_439' title='bbox 877 1631 917 1658; x_wconf 78' lang='lat' dir='ltr'><strong>Et</strong></span> <span class='ocrx_word' id='word_1_440' title='bbox 932 1640 998 1658; x_wconf 79' lang='lat' dir='ltr'><strong>cum</strong></span> 
     </span>
    </p>
   </div>
   <div class='ocr_carea' id='block_1_11' title="bbox 253 1676 999 2219">
    <p class='ocr_par' dir='ltr' id='par_1_12' title="bbox 253 1676 999 2219">
     <span class='ocr_line' id='line_1_66' title="bbox 254 1676 999 1713; baseline 0.001 -11"><span class='ocrx_word' id='word_1_441' title='bbox 254 1676 295 1703; x_wconf 81' lang='lat' dir='ltr'><strong>ad</strong></span> <span class='ocrx_word' id='word_1_442' title='bbox 309 1682 467 1703; x_wconf 59' lang='lat' dir='ltr'><strong>extremam</strong></span> <span class='ocrx_word' id='word_1_443' title='bbox 483 1681 658 1703; x_wconf 80' lang='lat' dir='ltr'><strong>senectutem</strong></span> <span class='ocrx_word' id='word_1_444' title='bbox 672 1677 870 1713; x_wconf 58' lang='lat' dir='ltr'><strong>pervenisset:</strong></span> <span class='ocrx_word' id='word_1_445' title='bbox 883 1676 999 1704; x_wconf 64' lang='lat' dir='ltr'><strong>dicebat</strong></span> 
     </span>
     <span class='ocr_line' id='line_1_67' title="bbox 255 1722 997 1760; baseline 0.003 -12"><span class='ocrx_word' id='word_1_446' title='bbox 255 1724 331 1748; x_wconf 80' lang='lat' dir='ltr'><strong>enim</strong></span> <span class='ocrx_word' id='word_1_447' title='bbox 355 1731 385 1749; x_wconf 81' lang='lat' dir='ltr'><strong>se</strong></span> <span class='ocrx_word' id='word_1_448' title='bbox 402 1731 546 1749; x_wconf 81' lang='lat' dir='ltr'><strong>annorum</strong></span> <span class='ocrx_word' id='word_1_449' title='bbox 569 1724 754 1759; x_wconf 80' lang='lat' dir='ltr'><strong>septuaginta</strong></span> <span class='ocrx_word' id='word_1_450' title='bbox 776 1731 855 1758; x_wconf 84' lang='lat' dir='ltr'><strong>esse,</strong></span> <span class='ocrx_word' id='word_1_451' title='bbox 878 1722 997 1760; x_wconf 81' lang='lat' dir='ltr'><strong>qnando</strong></span> 
     </span>
     <span class='ocr_line' id='line_1_68' title="bbox 254 1766 998 1806; baseline 0.003 -12"><span class='ocrx_word' id='word_1_452' title='bbox 254 1770 350 1795; x_wconf 75' lang='lat' dir='ltr'><strong>‘vitam</strong></span> <span class='ocrx_word' id='word_1_453' title='bbox 375 1767 512 1805; x_wconf 70' lang='lat' dir='ltr'><strong>desperit.</strong></span> <span class='ocrx_word' id='word_1_454' title='bbox 534 1768 595 1796; x_wconf 92' lang='lat' dir='ltr'><strong>Jam</strong></span> <span class='ocrx_word' id='word_1_455' title='bbox 612 1766 687 1795; x_wconf 80' lang='lat' dir='ltr'><strong>vides</strong></span> <span class='ocrx_word' id='word_1_456' title='bbox 708 1767 743 1794; x_wconf 81' lang='lat' dir='ltr'><strong>ita</strong></span> <span class='ocrx_word' id='word_1_457' title='bbox 763 1767 921 1806; x_wconf 72' lang='lat' dir='ltr'><strong>explicanda</strong></span> <span class='ocrx_word' id='word_1_458' title='bbox 942 1778 998 1796; x_wconf 85' lang='lat' dir='ltr'><strong>esse</strong></span> 
     </span>
     <span class='ocr_line' id='line_1_69' title="bbox 254 1812 997 1852; baseline 0.003 -12"><span class='ocrx_word' id='word_1_459' title='bbox 254 1812 312 1840; x_wconf 89' lang='lat' dir='ltr'><strong>loca</strong></span> <span class='ocrx_word' id='word_1_460' title='bbox 322 1824 337 1840; x_wconf 88' lang='grc'><strong>3</strong></span> <span class='ocrx_word' id='word_1_461' title='bbox 348 1812 524 1841; x_wconf 86' lang='grc' dir='ltr'>Τ1118111011110</span> <span class='ocrx_word' id='word_1_462' title='bbox 539 1812 620 1840; x_wconf 87' lang='grc'>311313</span> <span class='ocrx_word' id='word_1_463' title='bbox 632 1835 640 1848; x_wconf 90' lang='grc'>,</span> <span class='ocrx_word' id='word_1_464' title='bbox 654 1819 684 1840; x_wconf 82' lang='grc'><strong>111</strong></span> <span class='ocrx_word' id='word_1_465' title='bbox 695 1812 728 1840; x_wconf 89' lang='lat' dir='ltr'><strong>de</strong></span> <span class='ocrx_word' id='word_1_466' title='bbox 740 1813 833 1841; x_wconf 86' lang='lat' dir='ltr'><strong>eodem</strong></span> <span class='ocrx_word' id='word_1_467' title='bbox 846 1813 873 1841; x_wconf 91' lang='lat' dir='ltr'><strong>in</strong></span> <span class='ocrx_word' id='word_1_468' title='bbox 884 1820 997 1852; x_wconf 88' lang='lat' dir='ltr'><strong>utraque</strong></span> 
     </span>
     <span class='ocr_line' id='line_1_70' title="bbox 253 1858 997 1898; baseline 0.004 -12"><span class='ocrx_word' id='word_1_469' title='bbox 253 1858 364 1897; x_wconf 86' lang='lat' dir='ltr'><strong>epistola</strong></span> <span class='ocrx_word' id='word_1_470' title='bbox 382 1858 527 1887; x_wconf 87' lang='lat' dir='ltr'><strong>Theodoro</strong></span> <span class='ocrx_word' id='word_1_471' title='bbox 543 1858 678 1896; x_wconf 80' lang='lat' dir='ltr'><strong>loquatur.</strong></span> <span class='ocrx_word' id='word_1_472' title='bbox 693 1859 723 1887; x_wconf 92' lang='lat' dir='ltr'><strong>ln</strong></span> <span class='ocrx_word' id='word_1_473' title='bbox 737 1859 825 1898; x_wconf 90' lang='lat' dir='ltr'><strong>prima</strong></span> <span class='ocrx_word' id='word_1_474' title='bbox 836 1859 902 1888; x_wconf 88' lang='lat' dir='ltr'><strong>dicit</strong></span> <span class='ocrx_word' id='word_1_475' title='bbox 915 1871 997 1889; x_wconf 90' lang='lat' dir='ltr'><strong>annos</strong></span> 
     </span>
     <span class='ocr_line' id='line_1_71' title="bbox 256 1904 997 1943; baseline 0.004 -12"><span class='ocrx_word' id='word_1_476' title='bbox 256 1915 392 1943; x_wconf 87' lang='lat' dir='ltr'><strong>superesse</strong></span> <span class='ocrx_word' id='word_1_477' title='bbox 406 1904 600 1943; x_wconf 81' lang='lat' dir='ltr'><strong>quinquaginta</strong></span> <span class='ocrx_word' id='word_1_478' title='bbox 615 1911 644 1932; x_wconf 85' lang='lat' dir='ltr'><strong>ut</strong></span> <span class='ocrx_word' id='word_1_479' title='bbox 662 1904 694 1933; x_wconf 81' lang='lat' dir='ltr'><strong>ad</strong></span> <span class='ocrx_word' id='word_1_480' title='bbox 712 1912 858 1934; x_wconf 82' lang='lat' dir='ltr'><strong>extremam</strong></span> <span class='ocrx_word' id='word_1_481' title='bbox 877 1912 997 1934; x_wconf 85' lang='lat' dir='ltr'><strong>senectu-</strong></span> 
     </span>
     <span class='ocr_line' id='line_1_72' title="bbox 256 1949 996 1989; baseline 0.003 -11"><span class='ocrx_word' id='word_1_482' title='bbox 256 1955 309 1978; x_wconf 80' lang='lat' dir='ltr'><strong>tem</strong></span> <span class='ocrx_word' id='word_1_483' title='bbox 322 1950 475 1989; x_wconf 82' lang='lat' dir='ltr'><strong>perveniat,</strong></span> <span class='ocrx_word' id='word_1_484' title='bbox 493 1950 520 1978; x_wconf 92' lang='lat' dir='ltr'><strong>in</strong></span> <span class='ocrx_word' id='word_1_485' title='bbox 531 1949 646 1978; x_wconf 86' lang='lat' dir='ltr'><strong>secunda</strong></span> <span class='ocrx_word' id='word_1_486' title='bbox 663 1961 725 1979; x_wconf 74' lang='lat' dir='ltr'><strong>vero</strong></span> <span class='ocrx_word' id='word_1_487' title='bbox 738 1950 816 1979; x_wconf 87' lang='lat' dir='ltr'><strong>illum</strong></span> <span class='ocrx_word' id='word_1_488' title='bbox 831 1962 930 1980; x_wconf 89' lang='lat' dir='ltr'><strong>annum</strong></span> <span class='ocrx_word' id='word_1_489' title='bbox 945 1952 996 1980; x_wconf 85' lang='lat' dir='ltr'><strong>cir—</strong></span> 
     </span>
     <span class='ocr_line' id='line_1_73' title="bbox 256 1995 996 2035; baseline 0.005 -12"><span class='ocrx_word' id='word_1_490' title='bbox 256 1995 321 2023; x_wconf 87' lang='lat' dir='ltr'><strong>citer</strong></span> <span class='ocrx_word' id='word_1_491' title='bbox 341 1995 503 2034; x_wconf 80' lang='lat' dir='ltr'><strong>vigesimum</strong></span> <span class='ocrx_word' id='word_1_492' title='bbox 525 1996 662 2035; x_wconf 79' lang='lat' dir='ltr'><strong>attigisse:</strong></span> <span class='ocrx_word' id='word_1_493' title='bbox 678 1996 704 2024; x_wconf 91' lang='lat' dir='ltr'><strong>in</strong></span> <span class='ocrx_word' id='word_1_494' title='bbox 725 1997 806 2025; x_wconf 84' lang='lat' dir='ltr'><strong>allato</strong></span> <span class='ocrx_word' id='word_1_495' title='bbox 830 2004 918 2026; x_wconf 80' lang='lat' dir='ltr'><strong>autem</strong></span> <span class='ocrx_word' id='word_1_496' title='bbox 938 1999 996 2027; x_wconf 91' lang='lat' dir='ltr'><strong>loeo</strong></span> 
     </span>
     <span class='ocr_line' id='line_1_74' title="bbox 256 2041 996 2080; baseline 0.004 -11"><span class='ocrx_word' id='word_1_497' title='bbox 256 2041 422 2080; x_wconf 79' lang='lat' dir='ltr'><strong>septuaginta</strong></span> <span class='ocrx_word' id='word_1_498' title='bbox 440 2052 522 2070; x_wconf 89' lang='lat' dir='ltr'><strong>annos</strong></span> <span class='ocrx_word' id='word_1_499' title='bbox 534 2049 611 2070; x_wconf 87' lang='lat' dir='ltr'><strong>natus</strong></span> <span class='ocrx_word' id='word_1_500' title='bbox 621 2064 628 2076; x_wconf 97' lang='lat'><strong>,</strong></span> <span class='ocrx_word' id='word_1_501' title='bbox 643 2049 769 2070; x_wconf 71' lang='lat' dir='ltr'><strong>extremae</strong></span> <span class='ocrx_word' id='word_1_502' title='bbox 787 2044 926 2072; x_wconf 80' lang='lat' dir='ltr'><strong>senectutis</strong></span> <span class='ocrx_word' id='word_1_503' title='bbox 941 2054 996 2073; x_wconf 88' lang='lat' dir='ltr'><strong>esse</strong></span> 
     </span>
     <span class='ocr_line' id='line_1_75' title="bbox 256 2086 995 2128; baseline 0.007 -14"><span class='ocrx_word' id='word_1_504' title='bbox 256 2086 364 2116; x_wconf 87' lang='lat' dir='ltr'><strong>dicitur.</strong></span> <span class='ocrx_word' id='word_1_505' title='bbox 385 2087 482 2116; x_wconf 90' lang='lat' dir='ltr'><strong>Iisdem</strong></span> <span class='ocrx_word' id='word_1_506' title='bbox 500 2098 563 2115; x_wconf 87' lang='lat' dir='ltr'><strong>usus</strong></span> <span class='ocrx_word' id='word_1_507' title='bbox 585 2087 695 2116; x_wconf 84' lang='lat' dir='ltr'><strong>vocibus</strong></span> <span class='ocrx_word' id='word_1_508' title='bbox 713 2088 922 2128; x_wconf 80' lang='lat' dir='ltr'><strong>Chrysostomus</strong></span> <span class='ocrx_word' id='word_1_509' title='bbox 940 2091 995 2119; x_wconf 89' lang='lat' dir='ltr'><strong>duo</strong></span> 
     </span>
     <span class='ocr_line' id='line_1_76' title="bbox 257 2133 995 2174; baseline 0.005 -14"><span class='ocrx_word' id='word_1_510' title='bbox 257 2133 303 2161; x_wconf 87' lang='lat' dir='ltr'><strong>illa</strong></span> <span class='ocrx_word' id='word_1_511' title='bbox 315 2133 382 2169; x_wconf 78' lang='lat' dir='ltr'><strong>loca,</strong></span> <span class='ocrx_word' id='word_1_512' title='bbox 397 2144 456 2171; x_wconf 81' lang='lat' dir='ltr'><strong>quae</strong></span> <span class='ocrx_word' id='word_1_513' title='bbox 471 2133 661 2162; x_wconf 86' lang='lat' dir='ltr'><strong>Tillemontius</strong></span> <span class='ocrx_word' id='word_1_514' title='bbox 673 2144 792 2173; x_wconf 80' lang='lat' dir='ltr'><strong>pugnare</strong></span> <span class='ocrx_word' id='word_1_515' title='bbox 802 2135 923 2174; x_wconf 86' lang='lat' dir='ltr'><strong>putabat,</strong></span> <span class='ocrx_word' id='word_1_516' title='bbox 936 2146 995 2164; x_wconf 90' lang='lat' dir='ltr'><strong>con-</strong></span> 
     </span>
     <span class='ocr_line' id='line_1_77' title="bbox 257 2179 874 2219; baseline 0.005 -13"><span class='ocrx_word' id='word_1_517' title='bbox 257 2179 346 2212; x_wconf 79' lang='lat' dir='ltr'><strong>ciliat,</strong></span> <span class='ocrx_word' id='word_1_518' title='bbox 362 2189 500 2216; x_wconf 86' lang='lat' dir='ltr'><strong>unumque</strong></span> <span class='ocrx_word' id='word_1_519' title='bbox 514 2190 568 2207; x_wconf 90' lang='lat' dir='ltr'><strong>esse</strong></span> <span class='ocrx_word' id='word_1_520' title='bbox 583 2179 756 2208; x_wconf 86' lang='lat' dir='ltr'><strong>Theodorum</strong></span> <span class='ocrx_word' id='word_1_521' title='bbox 770 2181 874 2219; x_wconf 88' lang='lat' dir='ltr'><strong>probat.</strong></span> 
     </span>
    </p>
   </div>
   <div class='ocr_carea' id='block_1_12' title="bbox 1046 1674 1793 2220">
    <p class='ocr_par' dir='ltr' id='par_1_13' title="bbox 1046 1674 1793 2220">
     <span class='ocr_line' id='line_1_78' title="bbox 1050 1674 1790 1712; baseline -0.004 -6"><span class='ocrx_word' id='word_1_522' title='bbox 1050 1677 1084 1705; x_wconf 87' lang='lat' dir='ltr'><strong>de</strong></span> <span class='ocrx_word' id='word_1_523' title='bbox 1110 1676 1280 1712; x_wconf 81' lang='lat' dir='ltr'><strong>sacerdotio,</strong></span> <span class='ocrx_word' id='word_1_524' title='bbox 1297 1676 1330 1704; x_wconf 91' lang='lat' dir='ltr'><strong>de</strong></span> <span class='ocrx_word' id='word_1_525' title='bbox 1344 1676 1406 1704; x_wconf 72' lang='lat' dir='ltr'><strong>vitae</strong></span> <span class='ocrx_word' id='word_1_526' title='bbox 1421 1675 1569 1712; x_wconf 84' lang='lat' dir='ltr'><strong>sanctitate,</strong></span> <span class='ocrx_word' id='word_1_527' title='bbox 1585 1674 1619 1703; x_wconf 89' lang='lat' dir='ltr'><strong>de</strong></span> <span class='ocrx_word' id='word_1_528' title='bbox 1642 1675 1790 1704; x_wconf 89' lang='lat' dir='ltr'><strong>virtutibus</strong></span> 
     </span>
     <span class='ocr_line' id='line_1_79' title="bbox 1050 1721 1791 1761; baseline -0.005 -8"><span class='ocrx_word' id='word_1_529' title='bbox 1050 1724 1169 1753; x_wconf 87' lang='lat' dir='ltr'><strong>asceticis</strong></span> <span class='ocrx_word' id='word_1_530' title='bbox 1184 1723 1269 1761; x_wconf 87' lang='lat' dir='ltr'><strong>deque</strong></span> <span class='ocrx_word' id='word_1_531' title='bbox 1281 1722 1343 1751; x_wconf 90' lang='lat' dir='ltr'><strong>aliis</strong></span> <span class='ocrx_word' id='word_1_532' title='bbox 1357 1721 1522 1760; x_wconf 81' lang='lat' dir='ltr'><strong>quibuslibet</strong></span> <span class='ocrx_word' id='word_1_533' title='bbox 1537 1721 1571 1750; x_wconf 82' lang='lat' dir='ltr'><strong>ad</strong></span> <span class='ocrx_word' id='word_1_534' title='bbox 1587 1722 1712 1760; x_wconf 89' lang='lat' dir='ltr'><strong>pietatem</strong></span> <span class='ocrx_word' id='word_1_535' title='bbox 1726 1732 1791 1761; x_wconf 87' lang='lat' dir='ltr'><strong>spe-</strong></span> 
     </span>
     <span class='ocr_line' id='line_1_80' title="bbox 1050 1768 1791 1805; baseline -0.004 -6"><span class='ocrx_word' id='word_1_536' title='bbox 1050 1769 1195 1799; x_wconf 85' lang='lat' dir='ltr'><strong>ctantibus.</strong></span> <span class='ocrx_word' id='word_1_537' title='bbox 1211 1770 1283 1797; x_wconf 89' lang='lat' dir='ltr'><strong>Dum</strong></span> <span class='ocrx_word' id='word_1_538' title='bbox 1294 1768 1321 1796; x_wconf 90' lang='lat' dir='ltr'><strong>in</strong></span> <span class='ocrx_word' id='word_1_539' title='bbox 1334 1768 1376 1796; x_wconf 89' lang='lat' dir='ltr'><strong>bis</strong></span> <span class='ocrx_word' id='word_1_540' title='bbox 1389 1773 1570 1803; x_wconf 79' lang='lat' dir='ltr'><strong>versarentur,</strong></span> <span class='ocrx_word' id='word_1_541' title='bbox 1588 1773 1728 1805; x_wconf 87' lang='lat' dir='ltr'><strong>postquam</strong></span> <span class='ocrx_word' id='word_1_542' title='bbox 1739 1778 1791 1796; x_wconf 87' lang='lat' dir='ltr'><strong>an-</strong></span> 
     </span>
     <span class='ocr_line' id='line_1_81' title="bbox 1049 1813 1792 1852; baseline -0.003 -7"><span class='ocrx_word' id='word_1_543' title='bbox 1049 1827 1083 1845; x_wconf 93' lang='lat' dir='ltr'><strong>no</strong></span> <span class='ocrx_word' id='word_1_544' title='bbox 1100 1817 1160 1845; x_wconf 76' lang='lat'><strong>570</strong></span> <span class='ocrx_word' id='word_1_545' title='bbox 1174 1814 1300 1844; x_wconf 83' lang='lat' dir='ltr'><strong>Meletius</strong></span> <span class='ocrx_word' id='word_1_546' title='bbox 1313 1814 1340 1842; x_wconf 93' lang='lat' dir='ltr'><strong>in</strong></span> <span class='ocrx_word' id='word_1_547' title='bbox 1355 1813 1481 1842; x_wconf 81' lang='lat' dir='ltr'><strong>exsilium</strong></span> <span class='ocrx_word' id='word_1_548' title='bbox 1495 1813 1592 1841; x_wconf 91' lang='lat' dir='ltr'><strong>missus</strong></span> <span class='ocrx_word' id='word_1_549' title='bbox 1604 1813 1690 1841; x_wconf 85' lang='lat' dir='ltr'><strong>fuerat</strong></span> <span class='ocrx_word' id='word_1_550' title='bbox 1703 1836 1711 1852; x_wconf 80' lang='lat'><strong>,</strong></span> <span class='ocrx_word' id='word_1_551' title='bbox 1729 1824 1792 1843; x_wconf 86' lang='lat' dir='ltr'><strong>cum</strong></span> 
     </span>
     <span class='ocr_line' id='line_1_82' title="bbox 1049 1859 1793 1901; baseline -0.005 -10"><span class='ocrx_word' id='word_1_552' title='bbox 1049 1861 1210 1901; x_wconf 86' lang='lat' dir='ltr'><strong>episcopales</strong></span> <span class='ocrx_word' id='word_1_553' title='bbox 1225 1859 1350 1898; x_wconf 81' lang='lat' dir='ltr'><strong>quaedam</strong></span> <span class='ocrx_word' id='word_1_554' title='bbox 1363 1859 1437 1888; x_wconf 88' lang='lat' dir='ltr'><strong>sedes</strong></span> <span class='ocrx_word' id='word_1_555' title='bbox 1451 1865 1591 1894; x_wconf 86' lang='lat' dir='ltr'><strong>vacarent,</strong></span> <span class='ocrx_word' id='word_1_556' title='bbox 1612 1869 1704 1888; x_wconf 90' lang='lat' dir='ltr'><strong>rumor</strong></span> <span class='ocrx_word' id='word_1_557' title='bbox 1717 1870 1793 1898; x_wconf 84' lang='lat' dir='ltr'><strong>spar-</strong></span> 
     </span>
     <span class='ocr_line' id='line_1_83' title="bbox 1050 1905 1791 1943; baseline -0.005 -6"><span class='ocrx_word' id='word_1_558' title='bbox 1050 1919 1096 1937; x_wconf 92' lang='lat' dir='ltr'><strong>sus</strong></span> <span class='ocrx_word' id='word_1_559' title='bbox 1116 1914 1155 1936; x_wconf 88' lang='lat' dir='ltr'><strong>est</strong></span> <span class='ocrx_word' id='word_1_560' title='bbox 1166 1929 1173 1943; x_wconf 88' lang='grc'>,</span> <span class='ocrx_word' id='word_1_561' title='bbox 1193 1908 1322 1936; x_wconf 86' lang='lat' dir='ltr'><strong>Joannem</strong></span> <span class='ocrx_word' id='word_1_562' title='bbox 1337 1912 1363 1934; x_wconf 92' lang='lat' dir='ltr'><strong>et</strong></span> <span class='ocrx_word' id='word_1_563' title='bbox 1376 1905 1509 1934; x_wconf 87' lang='lat' dir='ltr'><strong>Basilium</strong></span> <span class='ocrx_word' id='word_1_564' title='bbox 1524 1912 1554 1933; x_wconf 88' lang='grc'><strong>111</strong></span> <span class='ocrx_word' id='word_1_565' title='bbox 1569 1905 1629 1934; x_wconf 84' lang='grc'>11135</span> <span class='ocrx_word' id='word_1_566' title='bbox 1646 1905 1720 1934; x_wconf 82' lang='lat' dir='ltr'><strong>sedes</strong></span> <span class='ocrx_word' id='word_1_567' title='bbox 1735 1905 1791 1934; x_wconf 90' lang='lat' dir='ltr'><strong>im-</strong></span> 
     </span>
     <span class='ocr_line' id='line_1_84' title="bbox 1049 1951 1789 1992; baseline -0.001 -11"><span class='ocrx_word' id='word_1_568' title='bbox 1049 1953 1151 1992; x_wconf 86' lang='lat' dir='ltr'><strong>plerent</strong></span> <span class='ocrx_word' id='word_1_569' title='bbox 1170 1952 1206 1981; x_wconf 89' lang='lat' dir='ltr'><strong>ad</strong></span> <span class='ocrx_word' id='word_1_570' title='bbox 1224 1951 1402 1991; x_wconf 86' lang='lat' dir='ltr'><strong>episcopalem</strong></span> <span class='ocrx_word' id='word_1_571' title='bbox 1415 1951 1576 1989; x_wconf 84' lang='lat' dir='ltr'><strong>dignitatem</strong></span> <span class='ocrx_word' id='word_1_572' title='bbox 1593 1951 1789 1990; x_wconf 79' lang='lat' dir='ltr'><strong>promovendos</strong></span> 
     </span>
     <span class='ocr_line' id='line_1_85' title="bbox 1048 1996 1788 2037; baseline -0.003 -10"><span class='ocrx_word' id='word_1_573' title='bbox 1048 2010 1112 2027; x_wconf 87' lang='lat' dir='ltr'><strong>esse.</strong></span> <span class='ocrx_word' id='word_1_574' title='bbox 1128 1999 1167 2027; x_wconf 81' lang='lat' dir='ltr'><strong>Re</strong></span> <span class='ocrx_word' id='word_1_575' title='bbox 1181 2004 1315 2037; x_wconf 87' lang='lat' dir='ltr'><strong>comperta</strong></span> <span class='ocrx_word' id='word_1_576' title='bbox 1329 1998 1445 2027; x_wconf 80' lang='lat' dir='ltr'><strong>Joannes</strong></span> <span class='ocrx_word' id='word_1_577' title='bbox 1471 1996 1566 2025; x_wconf 88' lang='lat' dir='ltr'><strong>timore</strong></span> <span class='ocrx_word' id='word_1_578' title='bbox 1580 1996 1718 2036; x_wconf 85' lang='lat' dir='ltr'><strong>perculsus</strong></span> <span class='ocrx_word' id='word_1_579' title='bbox 1729 2004 1768 2026; x_wconf 88' lang='lat' dir='ltr'><strong>est</strong></span> <span class='ocrx_word' id='word_1_580' title='bbox 1781 2009 1788 2025; x_wconf 76' lang='lat' dir='ltr'><em>z</em></span> 
     </span>
     <span class='ocr_line' id='line_1_86' title="bbox 1047 2042 1788 2082; baseline -0.001 -9"><span class='ocrx_word' id='word_1_581' title='bbox 1047 2055 1074 2073; x_wconf 92' lang='lat' dir='ltr'><strong>se</strong></span> <span class='ocrx_word' id='word_1_582' title='bbox 1089 2045 1171 2081; x_wconf 86' lang='lat' dir='ltr'><strong>enim,</strong></span> <span class='ocrx_word' id='word_1_583' title='bbox 1194 2045 1230 2073; x_wconf 89' lang='lat' dir='ltr'><strong>ita</strong></span> <span class='ocrx_word' id='word_1_584' title='bbox 1242 2053 1336 2082; x_wconf 86' lang='lat' dir='ltr'><strong>nempe</strong></span> <span class='ocrx_word' id='word_1_585' title='bbox 1351 2042 1486 2071; x_wconf 86' lang='lat' dir='ltr'><strong>modestus</strong></span> <span class='ocrx_word' id='word_1_586' title='bbox 1497 2048 1571 2076; x_wconf 83' lang='lat' dir='ltr'><strong>erat,</strong></span> <span class='ocrx_word' id='word_1_587' title='bbox 1591 2048 1666 2071; x_wconf 85' lang='lat' dir='ltr'><strong>tanto</strong></span> <span class='ocrx_word' id='word_1_588' title='bbox 1682 2045 1788 2072; x_wconf 84' lang='lat' dir='ltr'><strong>muneri</strong></span> 
     </span>
     <span class='ocr_line' id='line_1_87' title="bbox 1047 2088 1790 2130; baseline -0.001 -11"><span class='ocrx_word' id='word_1_589' title='bbox 1047 2091 1124 2130; x_wconf 83' lang='lat' dir='ltr'><strong>longe</strong></span> <span class='ocrx_word' id='word_1_590' title='bbox 1138 2091 1267 2130; x_wconf 88' lang='lat' dir='ltr'><strong>imparem</strong></span> <span class='ocrx_word' id='word_1_591' title='bbox 1292 2090 1423 2129; x_wconf 75' lang='lat' dir='ltr'><strong>putabat,</strong></span> <span class='ocrx_word' id='word_1_592' title='bbox 1448 2099 1481 2117; x_wconf 89' lang='lat' dir='ltr'><strong>ne</strong></span> <span class='ocrx_word' id='word_1_593' title='bbox 1504 2099 1569 2117; x_wconf 78' lang='lat' dir='ltr'><strong>vero</strong></span> <span class='ocrx_word' id='word_1_594' title='bbox 1585 2088 1621 2117; x_wconf 83' lang='lat' dir='ltr'><strong>ad</strong></span> <span class='ocrx_word' id='word_1_595' title='bbox 1640 2088 1668 2116; x_wconf 91' lang='lat' dir='ltr'><strong>id</strong></span> <span class='ocrx_word' id='word_1_596' title='bbox 1682 2088 1790 2118; x_wconf 89' lang='lat' dir='ltr'><strong>honoris</strong></span> 
     </span>
     <span class='ocr_line' id='line_1_88' title="bbox 1046 2134 1790 2175; baseline -0.003 -9"><span class='ocrx_word' id='word_1_597' title='bbox 1046 2138 1089 2166; x_wconf 74' lang='lat' dir='ltr'><strong>vet</strong></span> <span class='ocrx_word' id='word_1_598' title='bbox 1105 2137 1205 2166; x_wconf 86' lang='lat' dir='ltr'><strong>invitus</strong></span> <span class='ocrx_word' id='word_1_599' title='bbox 1221 2142 1376 2175; x_wconf 86' lang='lat' dir='ltr'><strong>raperetur,</strong></span> <span class='ocrx_word' id='word_1_600' title='bbox 1399 2144 1453 2163; x_wconf 86' lang='lat' dir='ltr'><strong>sese</strong></span> <span class='ocrx_word' id='word_1_601' title='bbox 1477 2134 1630 2163; x_wconf 88' lang='lat' dir='ltr'><strong>occultandi</strong></span> <span class='ocrx_word' id='word_1_602' title='bbox 1647 2135 1790 2164; x_wconf 90' lang='lat' dir='ltr'><strong>consilium</strong></span> 
     </span>
     <span class='ocr_line' id='line_1_89' title="bbox 1047 2179 1789 2220; baseline -0.003 -9"><span class='ocrx_word' id='word_1_603' title='bbox 1047 2183 1115 2211; x_wconf 87' lang='lat' dir='ltr'><strong>iniit.</strong></span> <span class='ocrx_word' id='word_1_604' title='bbox 1130 2183 1201 2211; x_wconf 89' lang='lat' dir='ltr'><strong>Inter</strong></span> <span class='ocrx_word' id='word_1_605' title='bbox 1217 2182 1273 2210; x_wconf 85' lang='lat' dir='ltr'><strong>haec</strong></span> <span class='ocrx_word' id='word_1_606' title='bbox 1287 2180 1403 2210; x_wconf 83' lang='lat' dir='ltr'><strong>Basilius</strong></span> <span class='ocrx_word' id='word_1_607' title='bbox 1417 2179 1529 2218; x_wconf 88' lang='lat' dir='ltr'><strong>hujusce</strong></span> <span class='ocrx_word' id='word_1_608' title='bbox 1543 2179 1581 2208; x_wconf 87' lang='lat' dir='ltr'><strong>rei</strong></span> <span class='ocrx_word' id='word_1_609' title='bbox 1597 2180 1667 2208; x_wconf 85' lang='lat' dir='ltr'><strong>sama</strong></span> <span class='ocrx_word' id='word_1_610' title='bbox 1681 2191 1789 2220; x_wconf 90' lang='lat' dir='ltr'><strong>permo-</strong></span> 
     </span>
    </p>
   </div>
   <div class='ocr_carea' id='block_1_13' title="bbox 1847 2206 1919 2228">
    <p class='ocr_par' dir='ltr' id='par_1_14' title="bbox 1847 2206 1919 2228">
     <span class='ocr_line' id='line_1_90' title="bbox 1847 2206 1919 2228; baseline 0.014 -1"><span class='ocrx_word' id='word_1_611' title='bbox 1847 2206 1919 2228; x_wconf 84' lang='lat' dir='ltr'><strong>Joauu</strong></span> 
     </span>
    </p>
   </div>
   <div class='ocr_carea' id='block_1_14' title="bbox 257 2225 996 2589">
    <p class='ocr_par' dir='ltr' id='par_1_15' title="bbox 257 2225 996 2589">
     <span class='ocr_line' id='line_1_91' title="bbox 297 2225 993 2266; baseline 0.006 -14"><span class='ocrx_word' id='word_1_612' title='bbox 297 2225 373 2253; x_wconf 79' lang='lat' dir='ltr'><strong>Circa</strong></span> <span class='ocrx_word' id='word_1_613' title='bbox 388 2235 487 2252; x_wconf 81' lang='lat' dir='ltr'><strong>annum</strong></span> <span class='ocrx_word' id='word_1_614' title='bbox 503 2235 574 2261; x_wconf 71' lang='lat' dir='ltr'><strong>vero,</strong></span> <span class='ocrx_word' id='word_1_615' title='bbox 589 2236 643 2263; x_wconf 91' lang='lat' dir='ltr'><strong>quo</strong></span> <span class='ocrx_word' id='word_1_616' title='bbox 665 2225 706 2254; x_wconf 86' lang='lat' dir='ltr'><strong>hae</strong></span> <span class='ocrx_word' id='word_1_617' title='bbox 724 2227 829 2265; x_wconf 84' lang='lat' dir='ltr'><strong>scriptae</strong></span> <span class='ocrx_word' id='word_1_618' title='bbox 854 2234 916 2255; x_wconf 88' lang='lat' dir='ltr'><strong>sunt</strong></span> <span class='ocrx_word' id='word_1_619' title='bbox 937 2227 993 2266; x_wconf 83' lang='lat' dir='ltr'><strong>epi-</strong></span> 
     </span>
     <span class='ocr_line' id='line_1_92' title="bbox 259 2270 996 2307; baseline 0.003 -7"><span class='ocrx_word' id='word_1_620' title='bbox 259 2271 349 2307; x_wconf 73' lang='lat' dir='ltr'><strong>stohc,</strong></span> <span class='ocrx_word' id='word_1_621' title='bbox 363 2281 377 2299; x_wconf 87' lang='lat' dir='ltr'><strong>a</strong></span> <span class='ocrx_word' id='word_1_622' title='bbox 395 2270 569 2299; x_wconf 68' lang='lat' dir='ltr'><strong>Tillemontits</strong></span> <span class='ocrx_word' id='word_1_623' title='bbox 586 2282 638 2299; x_wconf 92' lang='lat' dir='ltr'><strong>non</strong></span> <span class='ocrx_word' id='word_1_624' title='bbox 659 2272 803 2301; x_wconf 89' lang='lat' dir='ltr'><strong>dissentior</strong></span> <span class='ocrx_word' id='word_1_625' title='bbox 814 2273 884 2301; x_wconf 85' lang='lat' dir='ltr'><strong>circa</strong></span> <span class='ocrx_word' id='word_1_626' title='bbox 900 2284 996 2302; x_wconf 88' lang='lat' dir='ltr'><strong>secun-</strong></span> 
     </span>
     <span class='ocr_line' id='line_1_93' title="bbox 257 2317 995 2356; baseline 0.008 -14"><span class='ocrx_word' id='word_1_627' title='bbox 257 2317 333 2353; x_wconf 68' lang='lat' dir='ltr'><strong>dam,</strong></span> <span class='ocrx_word' id='word_1_628' title='bbox 354 2327 434 2355; x_wconf 82' lang='lat' dir='ltr'><strong>quam</strong></span> <span class='ocrx_word' id='word_1_629' title='bbox 456 2323 532 2355; x_wconf 76' lang='lat' dir='ltr'><strong>putat</strong></span> <span class='ocrx_word' id='word_1_630' title='bbox 549 2317 674 2356; x_wconf 87' lang='lat' dir='ltr'><strong>scriptam</strong></span> <span class='ocrx_word' id='word_1_631' title='bbox 688 2318 769 2347; x_wconf 88' lang='lat' dir='ltr'><strong>fuisse</strong></span> <span class='ocrx_word' id='word_1_632' title='bbox 790 2330 858 2347; x_wconf 84' lang='lat' dir='ltr'><strong>anno</strong></span> <span class='ocrx_word' id='word_1_633' title='bbox 875 2321 933 2349; x_wconf 82' lang='lat'><strong>569</strong></span> <span class='ocrx_word' id='word_1_634' title='bbox 947 2333 953 2348; x_wconf 91' lang='lat'>:</span> <span class='ocrx_word' id='word_1_635' title='bbox 968 2327 995 2348; x_wconf 92' lang='lat' dir='ltr'><strong>at</strong></span> 
     </span>
     <span class='ocr_line' id='line_1_94' title="bbox 258 2362 995 2404; baseline 0.004 -12"><span class='ocrx_word' id='word_1_636' title='bbox 258 2370 348 2392; x_wconf 85' lang='lat' dir='ltr'><strong>eontra</strong></span> <span class='ocrx_word' id='word_1_637' title='bbox 363 2374 443 2401; x_wconf 75' lang='lat' dir='ltr'><strong>quam</strong></span> <span class='ocrx_word' id='word_1_638' title='bbox 457 2362 502 2390; x_wconf 90' lang='lat' dir='ltr'><strong>ille</strong></span> <span class='ocrx_word' id='word_1_639' title='bbox 514 2363 670 2398; x_wconf 81' lang='lat' dir='ltr'><strong>arbitratur,</strong></span> <span class='ocrx_word' id='word_1_640' title='bbox 690 2365 803 2403; x_wconf 91' lang='lat' dir='ltr'><strong>primam</strong></span> <span class='ocrx_word' id='word_1_641' title='bbox 821 2376 928 2404; x_wconf 87' lang='lat' dir='ltr'><strong>quoque</strong></span> <span class='ocrx_word' id='word_1_642' title='bbox 950 2377 995 2395; x_wconf 89' lang='lat' dir='ltr'><strong>eo-</strong></span> 
     </span>
     <span class='ocr_line' id='line_1_95' title="bbox 257 2408 995 2447; baseline 0.005 -10"><span class='ocrx_word' id='word_1_643' title='bbox 257 2409 318 2438; x_wconf 88' lang='lat' dir='ltr'><strong>dem</strong></span> <span class='ocrx_word' id='word_1_644' title='bbox 333 2409 436 2437; x_wconf 80' lang='lat' dir='ltr'><strong>circiter</strong></span> <span class='ocrx_word' id='word_1_645' title='bbox 451 2416 567 2447; x_wconf 86' lang='lat' dir='ltr'><strong>tempore</strong></span> <span class='ocrx_word' id='word_1_646' title='bbox 580 2408 669 2437; x_wconf 75' lang='lat' dir='ltr'><strong>datam</strong></span> <span class='ocrx_word' id='word_1_647' title='bbox 684 2410 764 2439; x_wconf 85' lang='lat' dir='ltr'><strong>fuisse</strong></span> <span class='ocrx_word' id='word_1_648' title='bbox 779 2411 804 2439; x_wconf 92' lang='lat' dir='ltr'><strong>in</strong></span> <span class='ocrx_word' id='word_1_649' title='bbox 822 2412 914 2440; x_wconf 88' lang='lat' dir='ltr'><strong>eodem</strong></span> <span class='ocrx_word' id='word_1_650' title='bbox 930 2414 995 2441; x_wconf 83' lang='lat' dir='ltr'><strong>Mo-</strong></span> 
     </span>
     <span class='ocr_line' id='line_1_96' title="bbox 259 2454 996 2496; baseline 0.007 -14"><span class='ocrx_word' id='word_1_651' title='bbox 259 2455 314 2483; x_wconf 87' lang='lat' dir='ltr'><strong>nito</strong></span> <span class='ocrx_word' id='word_1_652' title='bbox 327 2454 446 2494; x_wconf 77' lang='lat' dir='ltr'><strong>probavi.</strong></span> <span class='ocrx_word' id='word_1_653' title='bbox 461 2455 552 2483; x_wconf 78' lang='lat' dir='ltr'><strong>Unum</strong></span> <span class='ocrx_word' id='word_1_654' title='bbox 567 2461 652 2483; x_wconf 83' lang='lat' dir='ltr'><strong>tamen</strong></span> <span class='ocrx_word' id='word_1_655' title='bbox 669 2462 707 2483; x_wconf 90' lang='lat' dir='ltr'><strong>est</strong></span> <span class='ocrx_word' id='word_1_656' title='bbox 721 2457 792 2494; x_wconf 89' lang='lat' dir='ltr'><strong>quod</strong></span> <span class='ocrx_word' id='word_1_657' title='bbox 808 2458 944 2496; x_wconf 83' lang='lat' dir='ltr'><strong>negotium</strong></span> <span class='ocrx_word' id='word_1_658' title='bbox 956 2459 996 2487; x_wconf 85' lang='lat' dir='ltr'><strong>fa-</strong></span> 
     </span>
     <span class='ocr_line' id='line_1_97' title="bbox 258 2500 996 2543; baseline 0.007 -14"><span class='ocrx_word' id='word_1_659' title='bbox 258 2511 358 2529; x_wconf 80' lang='lat' dir='ltr'><strong>cessere</strong></span> <span class='ocrx_word' id='word_1_660' title='bbox 368 2500 460 2539; x_wconf 91' lang='lat' dir='ltr'><strong>possit.</strong></span> <span class='ocrx_word' id='word_1_661' title='bbox 474 2500 517 2528; x_wconf 78' lang='lat' dir='ltr'><strong>Ait</strong></span> <span class='ocrx_word' id='word_1_662' title='bbox 529 2500 736 2540; x_wconf 84' lang='lat' dir='ltr'><strong>Chrysostomus</strong></span> <span class='ocrx_word' id='word_1_663' title='bbox 748 2502 774 2530; x_wconf 89' lang='lat' dir='ltr'><strong>in</strong></span> <span class='ocrx_word' id='word_1_664' title='bbox 787 2503 897 2542; x_wconf 87' lang='lat' dir='ltr'><strong>epistola</strong></span> <span class='ocrx_word' id='word_1_665' title='bbox 911 2505 996 2543; x_wconf 87' lang='lat' dir='ltr'><strong>prima</strong></span> 
     </span>
     <span class='ocr_line' id='line_1_98' title="bbox 259 2546 996 2589; baseline 0.005 -14"><span class='ocrx_word' id='word_1_666' title='bbox 259 2559 286 2586; x_wconf 83' lang='lat' dir='ltr'><strong>p.</strong></span> <span class='ocrx_word' id='word_1_667' title='bbox 301 2546 349 2583; x_wconf 67' lang='grc'>98,</span> <span class='ocrx_word' id='word_1_668' title='bbox 360 2548 393 2575; x_wconf 76' lang='lat' dir='ltr'><strong>A:</strong></span> <span class='ocrx_word' id='word_1_669' title='bbox 410 2548 454 2574; x_wconf 66' lang='grc' dir='ltr'><strong>νῦν</strong></span> <span class='ocrx_word' id='word_1_670' title='bbox 476 2546 522 2584; x_wconf 69' lang='grc' dir='ltr'><strong>υὲν</strong></span> <span class='ocrx_word' id='word_1_671' title='bbox 537 2546 587 2586; x_wconf 75' lang='grc' dir='ltr'><strong>γὰρ</strong></span> <span class='ocrx_word' id='word_1_672' title='bbox 602 2558 731 2586; x_wconf 64' lang='grc' dir='ltr'><strong>κατηφεια</strong></span> <span class='ocrx_word' id='word_1_673' title='bbox 745 2548 788 2576; x_wconf 77' lang='grc' dir='ltr'><strong>τὸν</strong></span> <span class='ocrx_word' id='word_1_674' title='bbox 808 2560 859 2576; x_wconf 80' lang='grc' dir='ltr'><strong>των</strong></span> <span class='ocrx_word' id='word_1_675' title='bbox 880 2551 996 2589; x_wconf 68' lang='grc' dir='ltr'>ἀδ;λφῶν</span> 
     </span>
    </p>
   </div>
   <div class='ocr_carea' id='block_1_15' title="bbox 1045 2225 1950 2631">
    <p class='ocr_par' dir='ltr' id='par_1_16' title="bbox 1045 2225 1950 2631">
     <span class='ocr_line' id='line_1_99' title="bbox 1047 2225 1917 2266; baseline 0.001 -9"><span class='ocrx_word' id='word_1_676' title='bbox 1047 2230 1249 2264; x_wconf 74' lang='grc'>1115,.10311118111</span> <span class='ocrx_word' id='word_1_677' title='bbox 1263 2227 1378 2255; x_wconf 82' lang='lat' dir='ltr'><strong>amicum</strong></span> <span class='ocrx_word' id='word_1_678' title='bbox 1393 2232 1418 2254; x_wconf 92' lang='lat' dir='ltr'><strong>et</strong></span> <span class='ocrx_word' id='word_1_679' title='bbox 1435 2232 1584 2254; x_wconf 88' lang='lat' dir='ltr'><strong>consortem</strong></span> <span class='ocrx_word' id='word_1_680' title='bbox 1598 2225 1685 2263; x_wconf 81' lang='lat' dir='ltr'><strong>adiit,</strong></span> <span class='ocrx_word' id='word_1_681' title='bbox 1707 2238 1787 2265; x_wconf 87' lang='lat' dir='ltr'><strong>quem</strong></span> <span class='ocrx_word' id='word_1_682' title='bbox 1802 2238 1917 2266; x_wconf 70' lang='lat' dir='ltr'><strong>episcopa-</strong></span> 
     </span>
     <span class='ocr_line' id='line_1_100' title="bbox 1046 2267 1950 2322; baseline -0.002 -19"><span class='ocrx_word' id='word_1_683' title='bbox 1046 2275 1121 2303; x_wconf 79' lang='lat' dir='ltr'><strong>haee</strong></span> <span class='ocrx_word' id='word_1_684' title='bbox 1115 2284 1236 2313; x_wconf 79' lang='lat' dir='ltr'><strong>ignorate</strong></span> <span class='ocrx_word' id='word_1_685' title='bbox 1249 2273 1368 2322; x_wconf 80' lang='lat' dir='ltr'><strong>putabat.</strong></span> <span class='ocrx_word' id='word_1_686' title='bbox 1383 2271 1427 2300; x_wconf 89' lang='lat' dir='ltr'><strong>Illi</strong></span> <span class='ocrx_word' id='word_1_687' title='bbox 1443 2281 1507 2300; x_wconf 61' lang='lat' dir='ltr'><strong>xero</strong></span> <span class='ocrx_word' id='word_1_688' title='bbox 1522 2282 1578 2299; x_wconf 90' lang='lat' dir='ltr'><strong>rem</strong></span> <span class='ocrx_word' id='word_1_689' title='bbox 1593 2272 1696 2310; x_wconf 86' lang='lat' dir='ltr'><strong>aperit,</strong></span> <span class='ocrx_word' id='word_1_690' title='bbox 1719 2273 1788 2310; x_wconf 88' lang='lat' dir='ltr'><strong>quid</strong></span> <span class='ocrx_word' id='word_1_691' title='bbox 1800 2267 1919 2322; x_wconf 34' lang='lat'><strong>{3³53</strong></span> <span class='ocrx_word' id='word_1_692' title='bbox 1939 2308 1950 2314; x_wconf 86' lang='lat'><strong>..</strong></span> 
     </span>
     <span class='ocr_line' id='line_1_101' title="bbox 1047 2317 1905 2370; baseline -0.003 -21"><span class='ocrx_word' id='word_1_693' title='bbox 1047 2320 1150 2349; x_wconf 90' lang='lat' dir='ltr'><strong>consilii</strong></span> <span class='ocrx_word' id='word_1_694' title='bbox 1162 2318 1321 2359; x_wconf 86' lang='lat' dir='ltr'><strong>capiendum</strong></span> <span class='ocrx_word' id='word_1_695' title='bbox 1336 2317 1369 2346; x_wconf 94' lang='lat' dir='ltr'><strong>sit</strong></span> <span class='ocrx_word' id='word_1_696' title='bbox 1384 2324 1470 2355; x_wconf 79' lang='lat' dir='ltr'><strong>rogat,</strong></span> <span class='ocrx_word' id='word_1_697' title='bbox 1490 2328 1523 2345; x_wconf 91' lang='lat' dir='ltr'><strong>an</strong></span> <span class='ocrx_word' id='word_1_698' title='bbox 1537 2317 1786 2370; x_wconf 73' lang='lat' dir='ltr'><strong>obtemperandum,</strong></span> <span class='ocrx_word' id='word_1_699' title='bbox 1801 2329 1905 2357; x_wconf 54' lang='lat' dir='ltr'><strong>,namque</strong></span> 
     </span>
     <span class='ocr_line' id='line_1_102' title="bbox 1047 2359 1917 2412; baseline -0.001 -18"><span class='ocrx_word' id='word_1_700' title='bbox 1047 2377 1080 2394; x_wconf 90' lang='lat' dir='ltr'><strong>an</strong></span> <span class='ocrx_word' id='word_1_701' title='bbox 1099 2365 1255 2405; x_wconf 80' lang='lat' dir='ltr'><strong>fugiendum</strong></span> <span class='ocrx_word' id='word_1_702' title='bbox 1267 2386 1274 2399; x_wconf 94' lang='lat'>‚</span> <span class='ocrx_word' id='word_1_703' title='bbox 1300 2364 1326 2392; x_wconf 91' lang='lat' dir='ltr'><strong>in</strong></span> <span class='ocrx_word' id='word_1_704' title='bbox 1346 2370 1488 2400; x_wconf 77' lang='lat' dir='ltr'><strong>utrumque</strong></span> <span class='ocrx_word' id='word_1_705' title='bbox 1512 2370 1636 2402; x_wconf 83' lang='lat' dir='ltr'><strong>paratrs,</strong></span> <span class='ocrx_word' id='word_1_706' title='bbox 1661 2370 1687 2392; x_wconf 89' lang='lat' dir='ltr'><strong>et</strong></span> <span class='ocrx_word' id='word_1_707' title='bbox 1706 2359 1917 2412; x_wconf 47' lang='grc' dir='ltr'><strong>3111101ῗεῗὲὴῖι3Φ</strong></span> 
     </span>
     <span class='ocr_line' id='line_1_103' title="bbox 1045 2410 1787 2452; baseline -0.001 -12"><span class='ocrx_word' id='word_1_708' title='bbox 1045 2412 1179 2452; x_wconf 87' lang='lat' dir='ltr'><strong>judicium</strong></span> <span class='ocrx_word' id='word_1_709' title='bbox 1201 2417 1365 2450; x_wconf 74' lang='lat' dir='ltr'><strong>exspectans.</strong></span> <span class='ocrx_word' id='word_1_710' title='bbox 1386 2410 1500 2439; x_wconf 83' lang='lat' dir='ltr'><strong>Joannes</strong></span> <span class='ocrx_word' id='word_1_711' title='bbox 1523 2416 1631 2445; x_wconf 89' lang='lat' dir='ltr'><strong>autem,</strong></span> <span class='ocrx_word' id='word_1_712' title='bbox 1653 2410 1701 2448; x_wconf 89' lang='lat' dir='ltr'><strong>qui</strong></span> <span class='ocrx_word' id='word_1_713' title='bbox 1717 2417 1746 2438; x_wconf 76' lang='lat' dir='ltr'><strong>ut</strong></span> <span class='ocrx_word' id='word_1_714' title='bbox 1759 2422 1787 2440; x_wconf 88' lang='lat' dir='ltr'><strong>se</strong></span> 
     </span>
     <span class='ocr_line' id='line_1_104' title="bbox 1049 2454 1786 2497; baseline -0.001 -11"><span class='ocrx_word' id='word_1_715' title='bbox 1049 2458 1189 2497; x_wconf 81' lang='lat' dir='ltr'><strong>indiguum</strong></span> <span class='ocrx_word' id='word_1_716' title='bbox 1203 2463 1276 2486; x_wconf 89' lang='lat' dir='ltr'><strong>tanto</strong></span> <span class='ocrx_word' id='word_1_717' title='bbox 1291 2455 1380 2484; x_wconf 80' lang='lat' dir='ltr'><strong>officio</strong></span> <span class='ocrx_word' id='word_1_718' title='bbox 1394 2455 1520 2490; x_wconf 89' lang='lat' dir='ltr'><strong>rebatur,</strong></span> <span class='ocrx_word' id='word_1_719' title='bbox 1541 2455 1578 2483; x_wconf 84' lang='lat' dir='ltr'><strong>ita</strong></span> <span class='ocrx_word' id='word_1_720' title='bbox 1592 2455 1724 2484; x_wconf 83' lang='lat' dir='ltr'><strong>Basilium</strong></span> <span class='ocrx_word' id='word_1_721' title='bbox 1739 2454 1786 2485; x_wconf 89' lang='lat' dir='ltr'><strong>illo</strong></span> 
     </span>
     <span class='ocr_line' id='line_1_105' title="bbox 1050 2500 1789 2543; baseline -0.004 -10"><span class='ocrx_word' id='word_1_722' title='bbox 1050 2504 1250 2543; x_wconf 82' lang='lat' dir='ltr'><strong>dignissimum,</strong></span> <span class='ocrx_word' id='word_1_723' title='bbox 1262 2508 1320 2530; x_wconf 92' lang='lat' dir='ltr'><strong>tum</strong></span> <span class='ocrx_word' id='word_1_724' title='bbox 1331 2511 1364 2529; x_wconf 87' lang='lat' dir='ltr'><strong>ex</strong></span> <span class='ocrx_word' id='word_1_725' title='bbox 1376 2507 1495 2529; x_wconf 79' lang='lat' dir='ltr'><strong>anteacta</strong></span> <span class='ocrx_word' id='word_1_726' title='bbox 1511 2500 1566 2529; x_wconf 77' lang='lat' dir='ltr'><strong>vita</strong></span> <span class='ocrx_word' id='word_1_727' title='bbox 1575 2521 1583 2535; x_wconf 93' lang='lat'><strong>,</strong></span> <span class='ocrx_word' id='word_1_728' title='bbox 1598 2507 1655 2528; x_wconf 91' lang='lat' dir='ltr'><strong>tum</strong></span> <span class='ocrx_word' id='word_1_729' title='bbox 1669 2511 1702 2530; x_wconf 81' lang='lat' dir='ltr'><strong>ex</strong></span> <span class='ocrx_word' id='word_1_730' title='bbox 1715 2508 1789 2531; x_wconf 90' lang='lat' dir='ltr'><strong>tanto</strong></span> 
     </span>
     <span class='ocr_line' id='line_1_106' title="bbox 1051 2545 1790 2590; baseline -0.004 -11"><span class='ocrx_word' id='word_1_731' title='bbox 1051 2549 1216 2590; x_wconf 63' lang='lat' dir='ltr'><strong>capessendae</strong></span> <span class='ocrx_word' id='word_1_732' title='bbox 1228 2547 1336 2577; x_wconf 81' lang='lat' dir='ltr'><strong>virtutis</strong></span> <span class='ocrx_word' id='word_1_733' title='bbox 1347 2546 1494 2584; x_wconf 75' lang='lat' dir='ltr'><strong>desiderio,</strong></span> <span class='ocrx_word' id='word_1_734' title='bbox 1511 2556 1538 2574; x_wconf 87' lang='lat' dir='ltr'><strong>se</strong></span> <span class='ocrx_word' id='word_1_735' title='bbox 1551 2545 1682 2575; x_wconf 85' lang='lat' dir='ltr'><strong>damnum</strong></span> <span class='ocrx_word' id='word_1_736' title='bbox 1698 2547 1790 2576; x_wconf 86' lang='lat' dir='ltr'><strong>Eccle—</strong></span> 
     </span>
     <span class='ocr_line' id='line_1_107' title="bbox 1052 2592 1790 2631; baseline -0.005 -6"><span class='ocrx_word' id='word_1_737' title='bbox 1052 2597 1096 2626; x_wconf 67' lang='lat' dir='ltr'><strong>siae</strong></span> <span class='ocrx_word' id='word_1_738' title='bbox 1119 2595 1219 2624; x_wconf 87' lang='lat' dir='ltr'><strong>Christi</strong></span> <span class='ocrx_word' id='word_1_739' title='bbox 1234 2593 1383 2622; x_wconf 80' lang='lat' dir='ltr'><strong>maximum</strong></span> <span class='ocrx_word' id='word_1_740' title='bbox 1399 2592 1538 2620; x_wconf 87' lang='lat' dir='ltr'><strong>illaturum</strong></span> <span class='ocrx_word' id='word_1_741' title='bbox 1551 2601 1608 2620; x_wconf 88' lang='lat' dir='ltr'><strong>esse</strong></span> <span class='ocrx_word' id='word_1_742' title='bbox 1630 2599 1727 2631; x_wconf 86' lang='lat' dir='ltr'><strong>putans</strong></span> <span class='ocrx_word' id='word_1_743' title='bbox 1739 2614 1746 2628; x_wconf 94' lang='lat'><strong>,</strong></span> <span class='ocrx_word' id='word_1_744' title='bbox 1767 2593 1790 2621; x_wconf 92' lang='lat' dir='ltr'><strong>si</strong></span> 
     </span>
    </p>
   </div>
   <div class='ocr_carea' id='block_1_16' title="bbox 1054 2637 1790 2681">
    <p class='ocr_par' dir='ltr' id='par_1_17' title="bbox 1054 2637 1790 2681">
     <span class='ocr_line' id='line_1_108' title="bbox 1054 2637 1790 2681; baseline -0.007 -10"><span class='ocrx_word' id='word_1_745' title='bbox 1054 2651 1105 2671; x_wconf 74' lang='lat' dir='ltr'><strong>tam</strong></span> <span class='ocrx_word' id='word_1_746' title='bbox 1122 2641 1244 2681; x_wconf 76' lang='lat' dir='ltr'><strong>probum,</strong></span> <span class='ocrx_word' id='word_1_747' title='bbox 1256 2646 1309 2669; x_wconf 81' lang='lat' dir='ltr'><strong>tarn</strong></span> <span class='ocrx_word' id='word_1_748' title='bbox 1321 2639 1354 2668; x_wconf 78' lang='lat' dir='ltr'><strong>ad</strong></span> <span class='ocrx_word' id='word_1_749' title='bbox 1368 2639 1480 2668; x_wconf 84' lang='lat' dir='ltr'><strong>salutem</strong></span> <span class='ocrx_word' id='word_1_750' title='bbox 1496 2637 1639 2666; x_wconf 82' lang='lat' dir='ltr'><strong>inultorum</strong></span> <span class='ocrx_word' id='word_1_751' title='bbox 1653 2637 1790 2675; x_wconf 70' lang='lat' dir='ltr'><strong>idoneum,</strong></span> 
     </span>
    </p>
   </div>
   <div class='ocr_carea' id='block_1_17' title="bbox 1913 2248 1949 2922">
    <p class='ocr_par' dir='ltr' id='par_1_18' title="bbox 1913 2248 1949 2922">
     <span class='ocr_line' id='line_1_109' title="bbox 1913 2248 1949 2922; baseline 0 0"><span class='ocrx_word' id='word_1_752' title='bbox 1913 2248 1949 2922; x_wconf 95' lang='lat' dir='ltr'><strong>    </strong></span> 
     </span>
    </p>
   </div>
   <div class='ocr_carea' id='block_1_18' title="bbox 261 2594 997 2633">
    <p class='ocr_par' dir='ltr' id='par_1_19' title="bbox 261 2594 997 2633">
     <span class='ocr_line' id='line_1_110' title="bbox 261 2594 997 2633; baseline 0.005 -11"><span class='ocrx_word' id='word_1_753' title='bbox 261 2594 318 2632; x_wconf 61' lang='grc' dir='ltr'><strong>ἔ7Εῑ</strong></span> <span class='ocrx_word' id='word_1_754' title='bbox 330 2605 420 2633; x_wconf 59' lang='grc'>105011,</span> <span class='ocrx_word' id='word_1_755' title='bbox 443 2604 472 2627; x_wconf 84' lang='grc' dir='ltr'><em>Ἰ</em></span> <span class='ocrx_word' id='word_1_756' title='bbox 465 2594 521 2628; x_wconf 58' lang='lat'><strong>:0272</strong></span> <span class='ocrx_word' id='word_1_757' title='bbox 544 2604 569 2622; x_wconf 61' lang='grc' dir='ltr'><strong>ΟΞ</strong></span> <span class='ocrx_word' id='word_1_758' title='bbox 586 2606 654 2622; x_wconf 67' lang='lat' dir='ltr'><strong>xzt=</strong></span> <span class='ocrx_word' id='word_1_759' title='bbox 645 2595 753 2632; x_wconf 46' lang='lat' dir='ltr'><strong>&amp;dou-UA&amp;</strong></span> <span class='ocrx_word' id='word_1_760' title='bbox 767 2607 799 2624; x_wconf 66' lang='grc' dir='ltr'><strong>ἴα</strong></span> <span class='ocrx_word' id='word_1_761' title='bbox 813 2609 865 2625; x_wconf 69' lang='grc' dir='ltr'><strong>τω]</strong></span> <span class='ocrx_word' id='word_1_762' title='bbox 881 2598 997 2626; x_wconf 61' lang='lat' dir='ltr'><strong>417·2¹570)J</strong></span> 
     </span>
    </p>
   </div>
   <div class='ocr_carea' id='block_1_19' title="bbox 265 2640 996 2680">
    <p class='ocr_par' dir='ltr' id='par_1_20' title="bbox 265 2640 996 2680">
     <span class='ocr_line' id='line_1_111' title="bbox 265 2640 996 2680; baseline 0.007 -14"><span class='ocrx_word' id='word_1_763' title='bbox 265 2640 326 2669; x_wconf 66' lang='lat' dir='ltr'><strong>mts&#39;</strong></span> <span class='ocrx_word' id='word_1_764' title='bbox 360 2653 384 2668; x_wconf 71' lang='grc' dir='ltr'><strong>τι</strong></span> <span class='ocrx_word' id='word_1_765' title='bbox 405 2652 447 2669; x_wconf 71' lang='grc' dir='ltr'><strong>και</strong></span> <span class='ocrx_word' id='word_1_766' title='bbox 463 2653 493 2669; x_wconf 66' lang='grc' dir='ltr'><strong>τα</strong></span> <span class='ocrx_word' id='word_1_767' title='bbox 509 2643 558 2668; x_wconf 63' lang='lat' dir='ltr'><strong>sso-ia</strong></span> <span class='ocrx_word' id='word_1_768' title='bbox 574 2653 599 2669; x_wconf 57' lang='grc' dir='ltr'><strong>ἐι</strong></span> <span class='ocrx_word' id='word_1_769' title='bbox 595 2641 636 2670; x_wconf 68' lang='lat' dir='ltr'><strong>&#39;tm</strong></span> <span class='ocrx_word' id='word_1_770' title='bbox 651 2653 700 2669; x_wconf 55' lang='lat' dir='ltr'><strong>rom</strong></span> <span class='ocrx_word' id='word_1_771' title='bbox 718 2644 778 2680; x_wconf 66' lang='lat'><strong>¹:3010</strong></span> <span class='ocrx_word' id='word_1_772' title='bbox 782 2654 841 2679; x_wconf 58' lang='lat' dir='ltr'><strong>:toti</strong></span> <span class='ocrx_word' id='word_1_773' title='bbox 848 2654 875 2680; x_wconf 63' lang='grc' dir='ltr'><strong>ρ’,</strong></span> <span class='ocrx_word' id='word_1_774' title='bbox 863 2644 996 2671; x_wconf 49' lang='lat' dir='ltr'><strong>&#39;meh-1152&gt;</strong></span> 
     </span>
    </p>
   </div>
  </div>
 </body>
</html>
