1910 2907
648 216 736 238 *NUNC
762 215 891 238 PRIMUM

108 280 210 309 biscum
221 285 442 318 peregrlnantur,
459 279 495 307 ita
510 289 557 308 nos
571 279 668 307 officiis
680 288 845 317 prosequun-

107 332 151 353 tur
162 348 170 363 ,
186 332 215 353 ut
228 335 261 353 ne
275 325 437 353 famulorum
452 325 559 363 quidem
583 335 688 364 operam
712 324 845 362 requirere

106 381 154 400 nos
167 371 274 407 sinant,
288 381 348 399 cnm
359 371 409 410 ipsi
419 371 581 399 famulorum
595 371 686 399 munia
699 381 844 408 exsequan-

106 423 160 444 tur.
172 417 281 446 Etenim
295 427 344 456 pro
360 428 409 445 suo
427 427 490 455 erga
507 427 554 445 nos
573 428 663 453 amore
683 417 733 445 boc
747 426 845 444 munus

105 468 131 490 et
141 462 288 500 jussionem
304 463 509 501 praeripuerunt.
530 466 616 502 Atque
635 463 734 501 ubique
746 461 845 490 satelli-

106 515 162 536 tum
174 519 254 536 manu
266 509 400 547 cingimur
408 532 416 545 ,
428 520 587 547 unoquoque
597 509 722 538 videlicet
734 509 846 547 hujusce

106 555 247 583 ministerii
263 554 369 583 nomine
383 565 410 583 se
424 555 533 583 beatum
549 555 721 594 praedicante.
740 567 754 581 »

143 600 306 630 valetudine
319 601 387 629 bona
398 601 538 629 fruebatur
549 601 595 629 ille
604 624 610 636 ,
626 600 732 639 quando
748 600 841 630 Nicaea

105 647 239 686 profectus
257 653 314 682 est;
333 646 378 675 sed
395 657 453 675 cum
468 647 524 675 dies
539 654 679 685 noctesque
694 647 743 675 iter
761 647 846 674 facere

105 700 253 731 cogeretur,
263 693 298 721 ita
315 699 376 720 utet
391 700 455 721 aestu
466 700 654 732 oppressus‚et
666 692 767 731 vigiliis
782 703 846 721 con-

105 739 189 767 fectus
202 761 209 774 ,
226 745 251 767 ct
267 749 357 766 rerum
372 739 579 767 necessariarum
597 739 707 778 penuria
720 749 844 778 pressus,

104 785 152 814 illo
164 793 300 824 pergeret,
317 795 364 813 nec
377 785 498 814 adessent
514 785 561 823 qui
576 792 681 824 possent
700 785 777 813 illum
799 785 846 823 ju-

104 841 186 867 vare;
202 831 228 859 in
253 831 350 859 febrim
374 830 468 859 incidit
482 844 487 858 :
505 838 585 869 atque
599 831 631 859 iis
644 853 651 866 ,
672 830 759 868 inquit
771 852 780 866 ,
798 829 843 868 qui

105 877 139 905 ad
156 876 263 905 metalla
279 880 459 912 damnantur,
474 876 518 905 vel
542 876 589 914 qui
612 876 639 904 in
665 875 780 904 vinculis
803 882 843 903 te-

10 940 26 958 r,
43 937 78 964 ¹4-
104 930 218 959 nentur,
235 923 358 961 graviora
373 929 397 950 et
412 923 542 950 atrociora
560 922 678 961 pertulit.
694 924 843 959 Antequam

105 979 170 997 vero
195 969 222 997 in
241 968 438 1007 Cappadociam
462 969 627 1007 perveniret,
644 968 772 996 liberatus
791 967 843 995 fui:

102 1025 117 1043 a
133 1015 229 1044 Galata
240 1036 247 1049 ,
264 1014 365 1052 inquit,
383 1014 431 1051 qni
451 1021 563 1042 mortem
580 1014 631 1042 sibi
646 1013 841 1050 minitabatur;

102 1059 229 1088 videlicet
245 1070 259 1087 a
277 1060 399 1095 Leontio,
419 1061 531 1099 Ancyrae
547 1059 572 1087 in
589 1059 697 1088 Galatia
710 1059 843 1098 episcopo,

102 1106 148 1144 qui
162 1106 230 1134 inter
240 1105 421 1145 primipilares
433 1106 618 1144 Chrysostomi
634 1106 755 1134 inimicos
767 1106 842 1145 prin-

102 1163 164 1191 ceps
186 1159 251 1182 erat.
265 1151 317 1180 Sed
341 1152 493 1180 nuntiatum
512 1152 551 1180 illi
574 1152 625 1180 fuit
648 1153 839 1188 theu-mm,

103 1199 229 1227 Caesareae
247 1199 400 1237 episcopum
412 1221 419 1234 ‚
438 1198 526 1237 ipsum
542 1206 695 1238 exspectare
708 1222 715 1234 ‚
735 1206 764 1228 ut
784 1200 842 1239 ipse

103 1255 182 1273 omne
195 1245 314 1272 caritatis
337 1245 470 1283 specimen
492 1245 640 1273 exhiberet.
661 1245 711 1273 Ille
729 1256 794 1274 vero
810 1246 842 1274 iis

104 1291 185 1319 fidem
210 1301 261 1319 non
289 1290 401 1325 habuit,
419 1291 472 1319 imo
489 1291 619 1319 contraria
641 1291 692 1319 sibi
717 1298 843 1319 eventura

27 1337 224 1376 ⁵⁰⁵m.put‹¹³bat.
245 1335 421 1374 Tandemque
443 1338 590 1365 Caesaream
611 1337 637 1364 in
655 1337 822 1376 Cappadocia
835 1359 843 1372 ,

26 1382 92 1417 ⁰3⁶²·
104 1382 215 1422 perinde
227 1389 307 1420 atque
333 1393 347 1410 a
368 1389 520 1420 tempestate
536 1382 562 1409 in
585 1382 762 1419 tranquillum
777 1394 843 1422 por-

13 1420 87 1464 23:25„
104 1436 162 1457 tum
179 1428 309 1468 pervenit.
327 1429 419 1466 Neque
435 1428 525 1455 statim
540 1428 628 1467 potuit
643 1438 657 1456 a
673 1428 751 1456 tantis
768 1429 845 1457 malis

102 1475 215 1504 recreari
228 1486 237 1511 5
249 1474 297 1502 sed
321 1481 408 1502 tamen
433 1473 552 1501 animum
567 1474 703 1509 resumsit,
717 1474 778 1511 quia
794 1485 846 1513 pu-

102 1531 159 1549 ram
180 1531 277 1558 aquam
300 1519 387 1553 bibit,
406 1530 500 1558 panem
526 1530 578 1547 non
599 1519 723 1547 foetidum
746 1527 770 1548 et
789 1520 846 1548 du-

103 1578 177 1601 rum,
194 1573 224 1594 nt
240 1573 316 1601 ante,
340 1566 471 1601 comedit,
484 1565 586 1594 balneis
602 1573 734 1594 recreatus
751 1573 805 1600 est,
820 1573 845 1594 et

19 1640 25 1645 ,
40 1624 76 1652 ¹4-
103 1613 131 1641 in
143 1613 210 1642 lecto
230 1612 402 1641 recumbendi
422 1619 579 1650 potestatem
598 1612 704 1639 babuit.
727 1612 846 1650 Eratque

103 1659 132 1688 in
148 1659 206 1699 ipso
219 1659 337 1687 tertianae
353 1658 434 1686 febris
449 1657 561 1693 ardore,
577 1657 778 1696 hospitiumque
792 1657 845 1685 113-

103 1705 163 1734 buit
177 1706 204 1734 in
218 1712 338 1734 extremo
353 1704 428 1732 urbis
442 1714 556 1732 recessu.
574 1704 647 1731 Tum
669 1714 732 1732 vero
756 1703 845 1732 clerici

104 1763 210 1785 omnes,
240 1751 371 1791 populus,
396 1750 519 1779 monachi
531 1772 538 1786 ,
567 1750 703 1778 111003011ῑο
716 1772 724 1787 ,
748 1750 845 1779 10011101

105 1797 248 1826 adfuerunt
260 1819 268 1833 ‚
282 1807 296 1824 a
311 1796 411 1834 quibus
431 1806 562 1835 perquam
585 1795 702 1824 officiose
719 1803 845 1835 exceptus

58 1851 94 1869 1⁵⁸
103 1843 170 1877 fuit,
187 1841 311 1870 omnihus
337 1841 530 1869 famulantibus
552 1848 576 1868 et
599 1841 746 1869 necessaria
771 1852 844 1879 qua:-

104 1899 156 1927 que
173 1887 224 1927 ipsi
246 1886 524 1919 subministrantibus.
539 1888 617 1915 Tunc
634 1894 722 1915 autem
742 1887 844 1925 ingenti

103 1937 218 1965 flammae
236 1934 331 1963 ardore
354 1933 522 1973 deflagrans,
536 1934 563 1962 in
585 1941 704 1962 extremo
722 1935 843 1973 periculo

104 1981 282 2010 versabatur:
296 1980 404 2008 demum
419 1980 548 2019 paulatim
560 1981 693 2008 remittere
709 1991 740 2008 ac
756 1981 843 2009 sedari

104 2027 215 2055 morbus
228 2026 315 2065 eoepit.
332 2026 487 2054 Pharetrius
508 2037 571 2055 vero
583 2049 590 2062 ‚
606 2026 652 2064 qui
675 2033 711 2054 tot
727 2027 842 2055 venienti

103 2072 215 2101 officiosi
236 2072 319 2100 animi
343 2072 419 2110 signa
442 2071 502 2100 dari
522 2079 680 2108 curaverat,
693 2083 842 2111 numquam

104 2119 270 2158 comparuit,
284 2118 338 2147 imo
349 2118 408 2146 dira
423 2118 603 2147 meditabatur
613 2142 619 2154 ,
635 2126 664 2147 ut
679 2119 841 2149 videbimus.

105 2164 341 2193 Praestantissimos
353 2171 440 2192 autem
452 2165 489 2193 1111
505 2165 745 2203 celeberrimosque
757 2165 842 2194 medi-

105 2221 150 2238 cos
170 2210 281 2247 habuit,
301 2221 316 2238 a
336 2211 435 2248 quibus
458 2221 509 2239 1100
530 2218 585 2239 tam
604 2211 668 2239 artis
690 2211 840 2250 subsidiis,

107 2268 186 2295 qnam
199 2257 425 2285 commiseratione
434 2264 459 2285 et
469 2257 586 2285 amicitia
599 2257 753 2286 curabatur.
767 2260 841 2294 Quo-

104 2313 166 2330 rum
180 2302 259 2330 etiam
272 2313 352 2339 unus,
362 2313 414 2340 quo
426 2303 471 2331 ille
483 2311 571 2342 postea
587 2315 689 2343 semper
701 2311 725 2332 et
737 2304 840 2332 medico

105 2355 130 2376 et
148 2348 235 2377 amico
250 2358 313 2376 usus
331 2355 385 2381 est,
401 2359 489 2377 5000111
511 2350 690 2388 profecturum
710 2361 765 2378 esse
779 2361 841 2389 spo-

104 2393 198 2433 pondit
211 2416 217 2429 ‚
234 2394 349 2431 itemque
361 2393 406 2422 alii
422 2395 572 2433 complures
587 2406 678 2424 eorum
691 2396 736 2434 qni
751 2395 841 2434 digni-

104 2447 157 2468 tate.
167 2439 312 2478 pollebant.

143 2485 226 2513 Illum
247 2485 383 2513 visitatum
402 2484 475 2513 venit
489 2485 570 2514 frater
580 2486 694 2514 Maximi
706 2486 822 2526 episcopi
833 2509 841 2522 ,

103 2541 118 2558 a
133 2541 185 2571 quo
205 2541 233 2559 se
252 2531 376 2569 sperabat
391 2530 482 2558 literas
501 2539 672 2570 accepturum
692 2532 841 2571 Olympia-

104 2576 146 2604 dis
157 2583 182 2605 et
194 2577 283 2615 Tigrii
295 2577 453 2616 presbyteri.
468 2578 571 2606 Verum
587 2578 725 2616 respondit
736 2579 781 2607 ille
792 2601 800 2615 ,
814 2590 841 2607 se

103 2622 193 2651 literas
212 2623 403 2662 postulavisse,
416 2623 459 2651 sed
480 2623 604 2652 abnuisse
621 2624 690 2653 illos.
707 2625 782 2654 Binis
800 2626 840 2654 in-

12 618 29 634 Ι.
45 619 95 635 [90.

19 2198 26 2203 .
42 2187 78 2204 12.

921 216 1032 238 anona
1046 217 1118 238 ira.
1579 206 1640 248 187

898 278 1032 316 terpositis
1047 286 1105 317 post
1122 278 1268 306 adrentum
1290 277 1362 306 illius
1383 277 1478 305 diebus
1500 277 1642 316 epistolam

898 325 971 353 misit
991 325 1024 353 ad
1042 325 1234 364 Olympiadem
1246 347 1254 359 ,
1269 335 1350 362 quam
1366 324 1454 363 primo
1469 324 1503 352 de
1518 324 1641 352 restituta

899 370 1052 398 valetudine
1076 382 1122 399 sua
1145 370 1285 399 certiorem
1308 370 1392 405 facit,
1415 369 1501 407 deque
1525 369 1643 398 adventu

899 416 987 444 fratris
1012 417 1044 444 B.
1070 416 1186 444 Maximi
1213 416 1350 455 episcopi,
1372 416 1551 454 objurgatque
1567 415 1644 443 illam

898 462 970 499 qnod
984 462 1074 490 literas
1089 462 1122 490 ad
1138 473 1164 490 se
1179 473 1230 490 non
1247 462 1362 497 miserit,
1377 469 1401 490 et
1417 462 1450 490 de
1462 461 1558 500 Tigrio
1574 472 1641 500 quo-

899 518 950 544 que
966 507 1057 536 cadem
1075 507 1109 536 de
1123 519 1200 536 causa
1215 508 1395 546 conqueritur.
1411 509 1451 536 De
1471 508 1528 536 loco
1550 506 1642 535 exsilii

898 554 938 581 sui
955 554 1085 582 mutando
1101 565 1133 582 ne
1148 554 1217 582 ultra
1234 561 1321 587 curet,
1335 561 1360 582 et
1375 565 1407 582 ne
1421 554 1488 582 alios
1503 553 1536 581 ad
1551 553 1579 581 id
1595 564 1642 592 po-

900 600 1055 628 stulandum
1076 600 1202 628 adhibeat
1222 599 1300 628 edicit
1314 622 1321 635 ,
1339 600 1486 638 paucisque
1499 599 1533 628 de
1545 600 1644 637 Perga-

899 646 946 674 mii
960 646 1097 674 sororibus
1109 669 1115 677 .
1145 653 1170 674 et
1191 646 1225 674 de
1243 646 1357 684 Cyriaco
1378 646 1501 685 episcopo
1524 645 1622 673 additis
1635 666 1643 681 ,

899 691 1038 730 epistolam
1052 691 1163 720 claudit.
1182 692 1306 720 Caesareae
1324 701 1386 718 cum
1401 699 1484 727 esset,
1503 691 1535 719 ad
1552 691 1642 720 Theo·
1656 702 1728 730 Epist.
1747 708 1798 725 120,

898 736 992 765 doram
1006 747 1111 775 qnoque
1132 737 1252 775 scripsit,
1268 743 1293 764 et
1315 747 1373 774 qnae
1389 737 1440 765 sibi
1461 737 1488 765 in
1503 737 1548 765 via
1566 737 1641 765 acci-

899 783 993 812 derant
1016 783 1110 822 paucis
1132 783 1277 822 patefecit:
1301 782 1335 810 de
1356 783 1402 810 illa
1429 783 1508 811 etiam
1529 793 1643 820 conque-

899 829 967 857 ritur
979 828 1050 866 quod
1060 851 1070 863 ,
1084 839 1145 857 cum
1160 829 1217 867 jam
1233 835 1356 866 quartam
1371 828 1416 856 vel
1435 828 1557 866 quintam
1580 829 1641 867 epi·
1654 838 1788 866 Episi.12x.

898 875 996 903 stolam
1016 875 1049 904 ad
1074 875 1159 914 ipsam
1180 875 1300 912 miserit,
1318 886 1398 904 unam
1413 882 1518 904 tantum
1536 875 1571 904 ab
1595 875 1641 904 illa
1655 886 1727 914 Epist.
1744 891 1779 907 ια.

897 920 1040 959 acceperit.

945 966 1070 994 Caesareae
1086 968 1164 994 etiam
1182 967 1298 1006 recipere
1315 967 1403 1006 potuit
1426 966 1567 1006 epistolam
1578 970 1643 996 Ara-

898 1012 952 1046 bii,
967 1012 1018 1040 viri
1033 1013 1084 1040 sibi
1097 1012 1293 1048 addictissimi,
1308 1014 1385 1052 cujus
1398 1024 1468 1041 uxor
1479 1013 1641 1052 Olympiadi

904 1058 988 1086 amica
999 1059 1175 1087 etfamiliaris
1189 1066 1254 1087 erat.
1270 1061 1296 1088 Is
1316 1070 1378 1087 cum
1401 1067 1506 1098 putaret
1521 1060 1599 1088 illum
1616 1060 1642 1088 in

897 1104 1024 1132 exsilium
1048 1105 1117 1132 mitti
1146 1105 1274 1133 Sebasten
1286 1128 1293 1139 ,
1318 1106 1475 1134 obsecrabat
1501 1106 1580 1134 illum
1613 1113 1641 1135 ut

897 1150 924 1178 in
947 1150 1052 1178 aedibns
1065 1151 1119 1179 suis
1134 1151 1160 1179 in
1178 1151 1223 1179 illa
1245 1151 1310 1180 urbe
1336 1151 1394 1180 sitis
1420 1151 1495 1180 sedes
1520 1159 1640 1191 poneret.

898 1196 1045 1234 Respondit
1062 1196 1098 1225 [lli
1108 1196 1316 1236 Chryses-tomus
1329 1197 1417 1225 exsilii
1432 1198 1472 1225 sui
1485 1197 1574 1226 locum
1588 1209 1641 1226 non
1655 1207 1728 1235 Epist.
1745 1213 1796 1229 121.

897 1241 1024 1270 Sebasten
1035 1264 1042 1277 ‚
1064 1241 1109 1270 sed
1128 1242 1263 1270 Cucnsum
1280 1253 1344 1271 esse.

937 1289 1005 1316 Cum
1030 1298 1092 1326 ergo
1111 1289 1226 1317 ,loannes
1245 1289 1370 1317 morbum
1386 1288 1483 1316 sensim
1498 1289 1642 1317 remissum

897 1339 922 1361 et
948 1333 1068 1362 sedatum
1095 1344 1151 1362 esse
1168 1334 1288 1369 videret,
1303 1333 1337 1362 de
1366 1333 1483 1362 discessu
1507 1335 1643 1372 cogitabat

899 1386 927 1406 nt
949 1380 1084 1408 Cucusum
1109 1386 1224 1418 peteret,
1238 1387 1317 1417 atque
1333 1380 1367 1408 ab
1387 1380 1489 1408 itineris
1513 1392 1640 1409 aerumnis

898 1425 1004 1453 tandem
1020 1426 1172 1464 quiesceret.
1192 1427 1291 1455 Verum
1311 1426 1401 1454 subito
1417 1427 1555 1454 nuntiatur
1568 1428 1641 1455 Isan-

898 1482 940 1500 ros
956 1482 1015 1499 cnm
1032 1472 1170 1500 innumera
1188 1472 1326 1500 bominum
1347 1483 1428 1500 mann
1447 1473 1639 1501 Caesariensem

899 1528 993 1555 agrum
1010 1518 1147 1556 populari,
1165 1525 1244 1555 atque
1265 1529 1391 1556 magnum
1413 1518 1548 1556 quoddam
1563 1520 1642 1558 oppi-

899 1563 964 1591 dum
980 1563 1129 1592 incendisse
1144 1574 1205 1591 cum
1220 1564 1318 1601 ingenti
1335 1564 1419 1592 clade.
1438 1565 1498 1600 Qua
1518 1575 1545 1592 re
1560 1565 1642 1593 audi-

899 1617 925 1639 ta
941 1610 1064 1638 tribunus
1080 1620 1141 1638 curn
1155 1610 1289 1638 militibus
1304 1610 1430 1638 omnibus
1444 1611 1500 1639 suis
1517 1611 1582 1639 urbe
1597 1622 1642 1639 ex-

898 1657 975 1685 cessit
988 1668 994 1684 :
1009 1657 1138 1685 timebant
1152 1658 1222 1685 enim
1239 1667 1269 1685 ne
1281 1657 1374 1685 urbem
1383 1667 1490 1695 quoque
1503 1657 1639 1685 adoriren-

897 1711 951 1734 tur.
963 1704 1064 1733 Omnes
1075 1704 1102 1732 in
1117 1711 1189 1732 metu
1204 1711 1229 1733 et
1242 1704 1419 1743 trepidatione
1431 1712 1517 1740 erant,
1531 1704 1565 1733 de
1580 1705 1639 1744 ipso

898 1760 1002 1788 quoque
1025 1750 1111 1788 patrio
1135 1750 1190 1778 solo
1212 1750 1412 1789 periclitante53
1427 1749 1492 1778 adeo
1516 1759 1545 1778 ut
1567 1761 1641 1778 senes

897 1796 976 1824 etiam
993 1796 1043 1834 ipsi
1057 1806 1197 1824 murorum
1211 1795 1360 1824 custodiam
1375 1796 1550 1834 susciperent.

939 1842 1094 1870 t‘haretrius
1109 1853 1172 1870 vero
1184 1864 1192 1878 ‚
1209 1842 1255 1880 qui
1274 1841 1378 1880 pridem
1394 1841 1585 1870 benevolentiae
1601 1842 1638 1869 si-
1654 1853 1726 1880 ΕΡῑῃ,
1743 1851 1786 1881 ¹4-'

898 1899 948 1927 gna
963 1888 1062 1918 Joanni
1089 1887 1218 1924 dederat,
1235 1898 1313 1925 quem
1333 1887 1542 1927 proficiscentem
1564 1887 1640 1915 invi-

898 1941 1018 1970 taverat,
1037 1935 1093 1973 jam
1112 1934 1189 1962 illum
1212 1933 1330 1961 Caesarea
1348 1933 1444 1972 pellere
1460 1932 1640 1969 monebam-3

896 1981 991 2010 mutati
1004 1988 1092 2010 autem
1103 1980 1186 2008 animi
1196 1990 1304 2008 cansam
1315 1980 1395 2008 fuisse
1404 1979 1555 2018 suspicatur
1563 1981 1641 2009 Joan-

896 2037 942 2056 nes
954 2027 1083 2055 invidiam
1100 2037 1192 2054 unam.
1208 2027 1277 2054 Cum
1290 2025 1392 2054 videret
1409 2036 1499 2054 omnes
1509 2025 1542 2054 ad
1554 2027 1638 2055 11030-

897 2084 955 2101 nem
978 2073 1128 2107 confluere,
1149 2072 1304 2110 optimates,
1324 2071 1483 2107 monachos,
1500 2072 1635 2109 virgines,

896 2120 1032 2158 praefectos
1044 2142 1051 2153 ,
1067 2118 1164 2146 milites
1180 2141 1186 2153 ,
1201 2117 1318 2146 medicos
1346 2128 1490 2155 omnesque
1515 2118 1636 2146 certatim

897 2166 947 2204 ipsi
966 2166 1053 2193 officia
1064 2188 1070 2199 ,
1087 2164 1234 2192 ministeria
1245 2187 1252 2199 ,
1270 2164 1410 2192 facultates
1432 2164 1527 2192 offerre
1537 2187 1544 2197 ,
1557 2171 1637 2202 atque

897 2212 922 2240 in
939 2219 1041 2251 partem
1055 2211 1213 2239 calamitatis
1229 2210 1334 2247 venire;
1352 2210 1408 2238 brec
1425 2220 1476 2238 non
1496 2211 1531 2238 ita
1546 2207 1634 2238 liberi-

897 2265 935 2286 ter
949 2258 1039 2293 vidit,
1057 2257 1101 2285 sed
1114 2257 1197 2285 livore
1211 2255 1308 2284 ductus
1318 2279 1326 2293 ,
1343 2257 1431 2294 ipsum
1442 2267 1456 2284 e
1469 2256 1569 2284 finibus
1581 2256 1637 2285 suis

897 2304 995 2342 pellere
1013 2303 1129 2331 decrevit
1142 2314 1148 2329 ε
1162 2302 1197 2330 ad
1214 2313 1325 2340 eamque
1340 2313 1395 2330 rem
1411 2302 1557 2330 ministerio
1573 2313 1636 2331 usus
1664 2313 1791 2335 Prummu,

896 2357 933 2377 cst
949 2349 1140 2377 monachornm
1153 2348 1332 2386 quorumdam
1344 2370 1351 2384 ,
1367 2348 1414 2386 qui
1428 2359 1461 2376 ex
1476 2359 1504 2376 re
1518 2356 1589 2387 gesta
1599 2349 1634 2377 ad
1648 2345 1756 2388 *ΙΝ-ΜΨ

897 2395 1079 2434 expeditiones
1098 2394 1199 2422 similes
1213 2395 1350 2422 exercitati
1365 2394 1446 2422 fuisse
1460 2395 1632 2424 videbantur.
1647 2383 1775 2428 32⁵⁰&ssss

897 2442 966 2469 Cum
982 2452 1044 2479 ergo
1061 2452 1102 2469 res
1116 2451 1161 2475 eo,
1175 2451 1228 2478 quo
1247 2440 1368 2468 diximus
1381 2463 1388 2474 ‚
1406 2440 1433 2468 in
1448 2447 1518 2470 statu
1536 2449 1634 2477 essent,
1649 2446 1685 2489 '⁰3²2
1694 2436 1792 2467 1⁸⁹¹¹¹j”‘

896 2486 1011 2525 quadam
1037 2487 1082 2515 die
1107 2486 1276 2514 illucescente
1302 2497 1396 2514 aurora
1407 2509 1415 2521 ,
1442 2487 1633 2516 monachorum
1687 2485 1693 2491 ⁸

896 2544 990 2570 agmen
999 2555 1006 2568 ‚
1019 2534 1141 2573 ὃροῧγγος
1153 2555 1160 2568 ,
1173 2531 1284 2560 domum
1294 2555 1302 2567 ,
1322 2532 1348 2560 in
1366 2543 1418 2570 qua
1433 2535 1546 2561 Joanncs
1560 2532 1635 2561 sedes

897 2579 1013 2608 babebat
1023 2580 1177 2607 invaserunt
1190 2601 1197 2613 ‚
1212 2589 1239 2607 50
1253 2589 1311 2607 eam
1323 2578 1476 2606 incensuros
1485 2601 1493 2612 ,
1506 2578 1633 2607 etJoanni

896 2633 1011 2654 extrema
1033 2635 1145 2664 quaeque
1162 2624 1230 2653 mala
1247 2624 1368 2653 illaturos
1390 2634 1446 2652 esse
1465 2623 1632 2658 minitantes,
