1884 2922
861 219 963 241 INDEX

233 208 298 256 176

229 287 292 312 519.
307 292 334 311 c.
350 281 452 310 Altaria
465 280 565 309 Christi
577 280 676 317 ubique
689 279 813 308 excitata.
829 285 848 308 I.
861 284 924 308 702.
942 290 964 309 n.

228 325 331 354 Altaria
343 324 397 353 duo
412 322 594 361 Jerosolymis.
612 329 644 351 v.
661 326 723 350 518.
746 322 845 350 Altaris
860 321 964 350 sacrifi-

227 369 331 397 ciorum
346 368 379 396 ab
389 367 482 396 altaris
495 367 600 394 incenso
612 365 765 394 discrimen.
783 373 816 395 11.
829 370 923 395 4260
934 377 962 394 n.

266 414 492 440 ALTERCATIONIS
513 408 628 438 vitandae
645 408 749 437 moduS.
768 416 815 438 XI.
839 413 903 438 582.
933 420 961 439 E.

267 458 375 483 Ammu
391 454 430 482 fac
446 452 517 490 quod
529 452 578 481 tibi
595 452 652 480 fieri
668 452 721 489 vis,
739 459 769 480 ut
783 453 810 480 in
827 453 903 492 vulgi
919 464 963 481 ore

226 499 370 528 serebatur.
388 505 422 526 X.
436 501 499 525 664.
515 506 544 525 n.

266 544 370 569 Aurum
386 550 477 579 sapere
491 545 549 579 post
561 546 713 578 peccatum,
730 540 839 578 gravius
853 546 891 568 est
905 539 962 578 ipso

226 592 342 625 peccato.
361 591 408 614 IX.
423 588 487 613 502.
506 594 533 612 Ε.

266 631 374 657 Aurio
389 627 481 655 scribit
496 626 714 665 Chrysostomus.
730 634 774 655 III.
788 632 852 656 829.
871 638 900 657 n.

266 674 360 700 Animi
382 671 480 698 montis
495 669 588 698 ineolae
609 670 636 698 in
652 670 788 709 impietate
809 677 962 707 versantes,

226 716 260 745 ab
272 714 382 754 Elpidio
398 714 553 753 presbytero
567 713 602 742 ad
616 714 696 743 fidem
711 713 899 743 instituuntur.
914 721 960 743 III.

226 765 290 788 843.
306 769 332 788 c.
347 769 376 787 n.

266 806 368 832 Amani-2
391 801 532 830 Christum
548 801 615 840 quid
629 802 673 830 sit.
692 809 739 831 IX.
757 807 802 831 61.
820 814 846 831 A.
863 804 962 831 Aman-

226 854 279 876 tem
298 847 344 885 qui
363 856 415 874 non
431 844 569 883 redamat,
587 846 652 884 ipsis
668 846 730 874 feiis
747 845 856 874 inferior
866 853 912 875 est.
926 853 960 875 X.

226 897 290 921 747.
304 903 331 921 Α.

266 937 446 963 ΑΜΔΜΤυυο
471 940 510 962 est
531 933 698 962 intolerabile
724 933 822 962 vitium
838 956 845 970 ,
870 934 963 962 animae

226 980 337 1008 afferens
351 979 499 1008 interitum.
520 985 566 1006 XI.
583 982 645 1006 126.
661 988 687 1005 c.
706 977 862 1006 Amaritudo
877 978 963 1006 omnis

226 1023 346 1052 tollenda
360 1029 415 1057 est,
435 1032 467 1050 ne
483 1021 590 1050 tristitia
608 1020 741 1048 afficiatur
757 1020 875 1059 Spiritus
899 1032 963 1050 san-

226 1073 296 1096 ctus.
313 1074 360 1096 XI.
375 1070 438 1095 132.
455 1076 483 1094 n.

267 1113 485 1139 AMARULENTIA
500 1109 545 1136 irae
561 1115 586 1136 et
608 1108 801 1148 indignationis
817 1108 895 1136 radix
912 1116 961 1138 est.

228 1162 273 1183 XI.
291 1159 352 1182 128.
369 1164 395 1182 c.

267 1200 447 1226 AMASIORL'M
463 1206 558 1225 mores.
582 1203 651 1225 VIII.
675 1201 740 1225 537.
758 1208 783 1225 n.
806 1208 832 1226 c.
851 1197 964 1225 Amasis:

226 1250 251 1271 et
268 1242 417 1271 meretrices
441 1241 633 1280 turpitudinem
656 1249 681 1270 et
700 1242 874 1280 ignominiam
894 1242 964 1271 infe-

227 1294 298 1315 runt.
321 1294 390 1315 VIII.
414 1290 477 1314 538.
502 1296 529 1314 n.
553 1285 655 1314 Amasii
677 1285 816 1314 munditiae
831 1287 964 1325 corporali

226 1330 342 1359 student.
360 1337 406 1359 XI.
423 1334 487 1360 664.
506 1340 531 1356 Β.

267 1378 392 1403 Amnon
410 1374 529 1402 sincerus
544 1383 594 1402 11011
608 1374 729 1412 vulgaris
743 1373 890 1402 thesaurus.
915 1382 961 1403 III.

229 1428 294 1452 850.
311 1433 339 1451 D.

267 1469 396 1495 Amnirio
419 1476 469 1493 arx
491 1472 516 1493 et
536 1472 615 1504 caput
639 1466 780 1495 malorum.
807 1473 827 1496 I.
854 1471 916 1495 104.
936 1478 961 1495 A.

227 1510 368 1539 Hominem
384 1509 410 1537 in
426 1509 509 1537 feram
523 1509 663 1538 convertit.
683 1516 716 1537 v.
730 1514 776 1538 60.
794 1520 821 1538 c.
840 1509 964 1537 Animam

226 1561 311 1594 potest
323 1553 442 1593 perdere.
460 1560 530 1582 VIII.
546 1558 610 1581 571.
629 1553 791 1581 Ambitionis
803 1553 854 1581 viae
870 1553 932 1581 filiis
949 1564 963 1581 a

228 1598 348 1638 patribus
370 1604 489 1626 ostensae.
519 1604 539 1626 1.
565 1602 627 1625 103.
651 1607 680 1626 D.
706 1608 731 1624 E.
758 1602 821 1626 10⁷4.
845 1597 964 1626 Ambitio

226 1653 306 1681 quam
322 1641 490 1675 insatiabilis,
503 1647 600 1678 quanta
614 1641 760 1680 cupiditate
773 1641 961 1669 inflammetur.

227 1694 262 1716 X.
280 1691 343 1715 419.
361 1697 384 1714 n.
403 1696 428 1714 c.
440 1685 559 1713 Ambitio
570 1692 594 1713 ct
606 1695 681 1713 amor
693 1685 799 1724 imperii
814 1685 963 1714 Ecclesiam

226 1729 337 1759 dividit.
355 1736 401 1758 XI.
417 1734 462 1758 99.
480 1739 506 1758 e.
523 1739 586 1767 sqq.

266 1776 445 1803 Ammmosus
457 1783 486 1801 ea
501 1772 599 1810 quihus
612 1782 638 1800 se
653 1773 741 1800 ornari
757 1779 846 1811 putat.
862 1773 964 1801 etiamsi

227 1819 280 1847 sint
298 1818 358 1846 aliis
376 1817 457 1846 noxia
471 1838 478 1852 ,
501 1816 535 1845 ad
554 1827 650 1846 vanam
671 1816 784 1855 gloriam
808 1817 910 1846 retinet.
928 1825 961 1846 X.

230 1867 291 1891 198.
308 1874 332 1891 Β.

266 1906 434 1934 AMENTIAM
450 1904 559 1943 pariunt
570 1903 683 1932 divitiae.
702 1911 748 1933 XI.
766 1909 830 1934 320.
849 1916 873 1934 F.

267 1952 478 1978 AMICITIARUM
492 1948 566 1976 varia
588 1958 690 1986 genera.
706 1955 751 1978 XI.
772 1953 836 1978 374.
854 1960 879 1977 F.
897 1959 961 1987 sqq.

227 1993 357 2022 Amicitioe
370 2002 439 2021 verae
455 1992 532 2020 ratio.
550 1999 595 2020 IX.
614 1996 712 2021 341.11,
728 1992 886 2020 Christianae
902 1993 964 2020 ami-

227 2038 294 2066 citiae
313 2036 478 2075 exemplum.
500 2043 545 2064 XI.
564 2040 627 2064 506.
644 2046 669 2063 F.
688 2036 827 2064 Amicitias
842 2037 964 2075 curjun-

226 2082 266 2110 xit
281 2082 364 2110 Deus.
379 2087 437 2108 VII.
456 2084 518 2108 566.
532 2090 557 2107 n.
573 2079 696 2107 Amicitia
711 2090 744 2108 ex
755 2080 964 2118 pietatejunctos

226 2136 281 2153 esse
289 2131 402 2164 oportet.
415 2130 472 2153 5¹11.
488 2128 551 2151 678.
564 2135 590 2152 a.
607 2123 736 2151 Amicitiae
746 2134 830 2152 causae
840 2123 963 2153 diversae.

227 2177 284 2198 VII.
304 2173 366 2197 686.
376 2178 400 2196 c.
414 2167 544 2196 Amicitiae
568 2166 690 2195 debitum
716 2178 861 2205 numquam
884 2168 965 2196 solvi-

228 2220 280 2242 tur.
300 2220 346 2241 111.
366 2218 390 2240 1.
410 2223 436 2240 Α.
462 2210 616 2239 Amicitiam
636 2210 704 2238 nihil
727 2211 761 2239 ita
779 2211 883 2239 solvere
899 2211 965 2240 solet

228 2264 257 2285 ut
271 2255 385 2286 formido
403 2262 428 2283 et
442 2254 601 2293 proditionis
614 2255 714 2293 opinio.
734 2263 778 2283 XI.
795 2260 859 2283 712.
878 2266 903 2283 E.

268 2304 380 2329 AMicus
390 2298 478 2327 fidelis
491 2309 584 2327 verum
597 2298 820 2327 medicamentum
831 2300 903 2327 vitaz.
919 2306 963 2328 XI.

229 2349 332 2374 5061).
342 2343 452 2372 Amicus
464 2353 541 2371 verus
551 2342 607 2381 ipsa
617 2342 675 2370 luce
687 2342 899 2373 desiderabilior.
915 2350 962 2371 XI.

230 2394 294 2418 507.
311 2400 335 2418 B.
353 2388 451 2416 Melius
466 2393 503 2415 est
517 2386 610 2424 degere
625 2386 651 2414 in
667 2387 782 2415 tenebris
799 2397 879 2424 quam
895 2387 965 2415 ami-

229 2433 266 2461 cis
277 2432 440 2471 privari.1b.
450 2430 528 2459 amici
540 2430 723 2468 voxjucunda
734 2438 793 2469 post
808 2432 964 2459 commotio-

229 2487 273 2504 nes
284 2476 378 2505 animi.
392 2482 435 2503 lv.
450 2480 514 2504 899.
531 2474 684 2502 Amicorum
699 2475 839 2513 praesentia
852 2482 965 2513 exopta-

229 2527 272 2548 tur
287 2520 379 2548 ardore
393 2519 440 2557 qui
461 2525 499 2546 est
513 2518 586 2546 febre
606 2518 797 2549 vehementior.
822 2526 868 2548 111.
892 2524 919 2547 3.
935 2530 962 2549 c.

229 2563 314 2591 Amici
329 2564 397 2591 dona
411 2562 582 2600 quantumvis
597 2563 695 2601 exigua
710 2563 796 2591 amico
809 2573 903 2601 magna
922 2563 965 2591 vi-

228 2607 334 2637 dentur.
357 2613 424 2634 VIII.
446 2610 508 2634 137.
532 2606 641 2635 Amicus
665 2614 763 2647 quanto
783 2615 845 2636 cum
868 2607 966 2644 gaudio

996 218 1120 240 RERUM.

1016 279 1139 318 excipere
1152 279 1234 308 soleat
1252 280 1378 308 amicum.
1398 288 1467 312 VIII.
1490 287 1552 313 136.
1574 294 1603 312 n.
1619 284 1754 322 Operibus

1017 323 1219 362 comprobatur.
1235 324 1312 352 [hid.
1331 334 1359 352 Ε.

1056 367 1143 395 Amici
1163 367 1219 395 veri
1245 367 1373 395 officium.
1404 375 1447 396 III.
1474 373 1535 397 139.
1558 380 1585 398 ε.
1611 371 1697 399 Amici
1715 379 1752 398 est

1016 410 1133 438 amicum
1166 410 1370 449 reprehendere.
1411 412 1485 440 Ibid.
1523 424 1548 441 Λ.
1576 414 1661 442 Amici
1688 415 1751 452 qui-

1017 463 1077 482 nam
1090 454 1236 492 qumi-endi.
1256 462 1313 484 VII.
1332 459 1396 484 565.
1413 467 1438 484 Α.
1462 456 1579 492 Quinam
1603 458 1751 495 rejiciendi.

1018 504 1076 527 VII.
1098 503 1158 526 566.
1175 510 1200 528 11.
1217 509 1244 528 c.
1261 499 1348 527 Amici
1363 499 1385 527 si
1404 500 1592 537 scandalizent,
1611 501 1751 539 abjiciendi

1016 548 1089 570 sunt.
1104 549 1123 570 1.
1141 546 1204 572 552.
1222 553 1248 572 c.
1268 542 1374 571 Amicos
1386 543 1454 571 male
1466 544 1620 582 conjunctos
1634 545 1753 574 abscindi

1017 592 1128 623 oportet.
1153 592 1223 613 VIII.
1242 590 1305 616 384,
1329 597 1353 614 0.
1370 586 1456 614 Amici
1474 587 1554 615 etiam
1569 590 1753 617 contemnendi

1016 628 1110 657 salutis
1122 639 1210 657 causa.
1224 636 1257 658 V.
1275 634 1319 658 33.
1334 640 1362 659 E.
1378 630 1466 658 Amici
1480 638 1589 670 propter
1606 632 1692 659 Dcum
1707 643 1754 660 ac-

1016 672 1140 710 quirendi
1163 679 1234 701 sunt.
1258 680 1277 701 I.
1297 677 1362 702 861.
1386 684 1411 702 C.
1432 674 1535 703 Rursus
1550 675 1672 704 inimicos
1693 675 1753 704 licet

1016 715 1102 744 facere
1117 723 1226 755 propter
1238 717 1334 744 Deum.
1351 717 1427 745 Ibid.
1442 727 1470 745 1).

1056 759 1157 788 Amicis
1177 760 1296 788 utiliores
1316 760 1429 788 inimici.
1455 768 1498 789 IV.
1521 766 1585 790 896.
1610 772 1639 790 f..
1668 763 1753 791 Amici

1018 810 1180 842 temporum.
1198 810 1229 832 V.
1245 808 1289 833 60.
1305 814 1332 832 D.
1348 804 1475 833 Emcntiti
1491 806 1692 844 comperiuntur
1706 807 1753 835 ubi

1015 847 1124 876 advenit
1139 847 1251 876 mutatio
1262 858 1361 876 rerum.
1383 854 1413 875 V.
1430 853 1494 877 612.
1514 849 1569 877 Ubi
1583 850 1664 878 semel
1675 850 1756 878 incli-

1016 899 1076 919 nata
1094 902 1135 919 res
1151 898 1190 920 est
1203 915 1210 928 ,
1229 891 1307 920 3111101
1330 892 1399 920 fiunt
1417 892 1450 921 de
1474 892 1571 922 medio.
1595 901 1614 922 I.
1640 898 1704 922 953.
1726 905 1753 922 n.

1017 935 1125 964 Amicos
1161 936 1296 974 aspernari
1325 936 1429 974 primus
1461 937 1569 965 malitiae
1591 937 1699 977 gradus.
1731 946 1750 967 1,

1017 985 1062 1010 96.
1075 981 1161 1010 Amici
1177 982 1205 1009 in
1218 981 1272 1009 vita
1287 982 1409 1020 praesenti
1426 982 1539 1010 faciendi
1556 989 1617 1011 sunt
1629 993 1676 1021 per
1687 983 1756 1011 elee-

1016 1035 1149 1064 mosynas.
1170 1032 1199 1053 v.
1224 1030 1286 1053 210.
1314 1036 1336 1053 B.
1360 1026 1482 1054 Amicus
1505 1026 1582 1054 alter
1603 1037 1664 1065 eg0.
1682 1034 1751 1056 VIII.

1019 1076 1085 1100 992.
1104 1082 1127 1099 Β.

1057 1117 1168 1143 Ammon
1186 1115 1308 1143 Thamar
1319 1125 1436 1143 sororem
1454 1115 1546 1144 violat.
1562 1123 1581 1144 1.
1594 1120 1658 1144 264.

1057 1161 1144 1187 ΑΜο11
1159 1159 1209 1188 Dei
1224 1169 1286 1197 erga
1302 1159 1434 1187 homines.
1456 1167 1477 1188 1.
1495 1164 1559 1188 204.
1574 1172 1599 1187 A.
1616 1162 1754 1195 Quantum

1017 1203 1091 1230 Deus
1106 1202 1232 1231 dilexerit
1244 1202 1384 1230 mundum.
1398 1210 1468 1232 VIII.
1484 1208 1547 1232 179.
1562 1214 1586 1230 A.
1599 1205 1682 1232 Amor
1693 1214 1754 1242 erga

1017 1246 1105 1274 Deum
1120 1245 1330 1275 commendatur.
1348 1253 1390 1274 Iv.
1407 1251 1471 1275 324.
1490 1256 1516 1275 c.
1537 1246 1641 1275 Amoris
1661 1254 1754 1276 natura

1017 1290 1164 1318 satietatem
1176 1300 1227 1318 non
1243 1289 1328 1318 novit.
1342 1296 1388 1318 111.
1403 1294 1429 1318 3.
1447 1301 1472 1318 A.
1488 1291 1568 1318 Amor
1586 1300 1754 1319 communem

1018 1334 1164 1362 Dominum
1180 1340 1208 1362 ut
1224 1334 1363 1373 proprium
1378 1333 1428 1362 sibi
1443 1333 1571 1362 vindicat.
1588 1341 1632 1362 III.
1649 1339 1711 1364 155.
1728 1347 1753 1363 13.

1018 1379 1115 1406 Amore
1130 1377 1178 1406 Dei
1199 1384 1291 1417 captus
1310 1377 1442 1416 quispiam
1458 1376 1545 1405 omnia
1561 1377 1613 1405 alia
1629 1377 1752 1416 despicit.

1019 1429 1052 1449 V.
1075 1426 1138 1450 165.
1155 1433 1181 1449 Α.
1204 1432 1227 1450 n.
1244 1424 1325 1449 Amor
1342 1421 1488 1450 caelestium
1502 1428 1629 1458 quantum
1643 1421 1753 1451 bonum.

1018 1472 1049 1495 Y.
1064 1470 1124 1493 168.
1141 1476 1165 1494 13.
1183 1475 1209 1493 c.
1228 1468 1311 1493 Amor
1329 1464 1376 1493 Dei
1387 1475 1492 1493 omnem
1505 1465 1660 1493 thesaurum
1675 1476 1755 1505 supe-

1017 1516 1068 1538 rat.
1085 1516 1117 1539 V.
1139 1514 1201 1538 165.
1227 1520 1252 1538 Ε.
1268 1510 1343 1537 Unus
1358 1519 1432 1536 amor
1453 1508 1502 1536 Dei
1519 1509 1629 1543 sufficit,
1645 1517 1670 1538 et
1689 1511 1754 1538 reli-

1017 1564 1069 1591 qua
1091 1553 1178 1581 omnia
1200 1560 1357 1591 sequuntur.
1384 1559 1430 1581 IX.
1455 1557 1518 1580 656.
1543 1563 1571 1582 Ε.
1596 1554 1678 1581 Amor
1692 1564 1754 1592 erga

1018 1598 1104 1625 Deum
1120 1607 1174 1626 non
1191 1597 1280 1625 verbis
1296 1603 1399 1625 tantum
1412 1619 1420 1630 ,
1442 1595 1486 1624 sed
1502 1607 1530 1624 rc
1548 1596 1627 1624 etiam
1641 1596 1755 1626 demon-

1018 1641 1154 1669 strandus-
1174 1648 1220 1669 lx.
1241 1646 1307 1670 776.
1332 1643 1430 1669 Amare
1444 1641 1531 1668 Deum
1549 1650 1690 1678 possumus
1705 1643 1754 1670 etsi

1019 1695 1070 1713 11011
1088 1684 1235 1713 videamus.
1255 1692 1287 1715 V.
1308 1689 1370 1713 160.
1392 1695 1420 1713 D.
1440 1686 1560 1712 Amorem
1582 1684 1632 1712 Dei
1649 1685 1716 1713 inter
1730 1693 1755 1717 ej

1017 1739 1135 1757 amorem
1148 1728 1454 1757 meretricisdiscrimen.
1470 1734 1539 1756 VIII.
1553 1732 1616 1757 538.
1630 1739 1658 1756 n.
1674 1730 1755 1758 Amo-

1018 1784 1046 1801 re
1076 1772 1209 1812 spirituali
1232 1773 1279 1811 qui
1305 1772 1416 1807 ardent,
1435 1771 1463 1800 id
1485 1771 1559 1800 fateri
1582 1782 1614 1800 ne
1641 1780 1752 1802 cessent.

1020 1824 1066 1846 III.
1085 1821 1148 1846 347.
1166 1828 1189 1844 n.
1205 1827 1268 1855 sqq.
1288 1819 1371 1844 Amor
1390 1816 1438 1844 Dei
1454 1815 1559 1844 silentio
1577 1825 1627 1843 non
1642 1816 1751 1854 tegitur.

1020 1868 1054 1891 v,
1078 1865 1141 1889 160.
1166 1870 1193 1890 c.
1215 1860 1321 1888 Amoris
1340 1858 1487 1898 spiritualis
1503 1865 1601 1897 quanta
1617 1859 1753 1890 violentia.

1021 1911 1066 1933 XI.
1082 1908 1145 1933 228.
1166 1914 1193 1931 E.

1054 1950 1136 1977 Amor
1160 1947 1261 1976 Christi
1281 1947 1391 1975 affectus
1409 1947 1505 1975 minuit
1526 1958 1588 1985 erg-1
1608 1955 1752 1977 creaturas.

1020 1999 1075 2021 VII.
1088 1997 1134 2021 75.
1149 1994 1232 2020 Amor
1246 1991 1344 2020 Christi
1361 2002 1450 2019 rerum
1462 1998 1626 2019 terrenarum
1640 1998 1755 2019 contem-

1019 2043 1075 2064 tum
1096 2037 1175 2075 parit.
1199 2043 1269 2064 VIII.
1295 2040 1356 2063 596.
1379 2045 1404 2062 0.
1423 2037 1505 2062 Amor
1525 2041 1677 2063 sanctorum
1693 2045 1754 2073 erga

1018 2081 1142 2119 populos.
1156 2087 1199 2108 VI.
1217 2084 1244 2108 2.
1259 2091 1285 2109 A.

1060 2126 1142 2152 Amor
1154 2123 1324 2152 inimieorum
1337 2145 1344 2157 ‚
1358 2122 1487 2150 redemtio
1504 2122 1620 2149 maxima
1633 2129 1755 2161 peccato-

1018 2178 1088 2196 rum.
1107 2175 1150 2195 lv.
1165 2172 1209 2195 39.
1224 2178 1246 2194 A.
1256 2167 1369 2204 Superat
1383 2176 1449 2204 pene
1464 2172 1585 2193 naturam
1598 2165 1752 2195 humanam.

1019 2218 1063 2239 IV.
1081 2216 1145 2239 876.
1164 2221 1187 2238 B.
1207 2210 1336 2247 Magnum
1350 2216 1374 2237 et
1389 2209 1503 2237 arduum
1519 2215 1689 2248 praeceptum.
1707 2215 1752 2239 IV,

1020 2259 1063 2283 39.
1085 2266 1111 2284 A.
1130 2253 1183 2282 Sed
1196 2254 1221 2282 in
1239 2263 1394 2292 supremum
1409 2252 1512 2280 culmen
1527 2252 1616 2281 educit
1632 2263 1693 2280 eum
1707 2252 1755 2290 qui

1018 2298 1085 2326 hanc
1099 2297 1170 2326 valet
1187 2298 1292 2336 operari
1307 2297 1443 2325 virtutem.
1458 2303 1503 2326 IV.
1525 2301 1570 2324 37.
1589 2307 1616 2326 c.
1635 2296 1755 2334 Denique

1019 2352 1143 2380 magnam
1159 2341 1286 2370 fiduciam
1308 2351 1370 2379 erga
1383 2342 1469 2369 Deum
1482 2339 1557 2368 indit.
1574 2347 1619 2369 IV.
1639 2344 1683 2368 38.

1060 2390 1142 2415 Amor
1155 2386 1255 2414 11111113·>
1270 2385 1408 2421 docti-inae,
1425 2383 1574 2423 spiritualis
1587 2383 1707 2412 sanitatis
1717 2383 1754 2412 si-

1019 2441 1110 2469 gnum.
1128 2438 1171 2459 IV.
1190 2435 1250 2458 136.
1266 2441 1293 2460 E.
1318 2429 1421 2457 Amoris
1440 2428 1585 2457 Christiani
1600 2427 1677 2455 ratio.
1695 2434 1752 2455 VII.

1020 2480 1082 2504 687.
1097 2486 1118 2503 B.
1136 2476 1218 2503 Amor
1228 2474 1316 2502 omnia
1332 2473 1422 2511 gravia
1438 2479 1555 2511 superat.
1570 2478 1628 2500 Vll.
1646 2476 1708 2499 567.
1723 2481 1751 2499 1).

1019 2522 1102 2548 Amor
1116 2519 1234 2547 sincerus
1248 2529 1294 2557 per
1307 2518 1396 2546 literas
1416 2516 1575 2544 declaratus.
1595 2522 1640 2543 III.
1653 2519 1715 2543 758.
1729 2524 1753 2543 Ε.

1020 2564 1125 2591 Amoris
1141 2562 1236 2591 sinceri
1255 2573 1316 2590 vcra
1336 2568 1440 2589 natura.
1459 2567 1504 2589 III.
1522 2564 1587 2588 779.
1606 2561 1688 2586 Amor
1703 2568 1754 2586 non

1018 2607 1108 2637 voi-bis
1119 2605 1285 2642 tant=1n1,scd
1296 2605 1420 2645 operibus
1428 2603 1753 2633 exhibeuir.v111.137.c.
