1910 2907
112 270 226 299 Romam
241 268 416 307 navigaturus
427 275 493 306 erat,
509 279 580 297 nunc
592 269 724 307 proficisci
738 279 789 298 non
801 279 852 308 po—

111 316 204 351 tuisse,
227 314 299 353 quod
320 314 405 343 multo
427 315 520 344 labore
543 315 677 344 consectus
699 323 775 344 esset.
798 315 852 344 Sed

109 363 239 392 Joannem
270 362 456 402 presbyterum
487 369 512 391 et
545 362 658 390 Paulum
686 361 850 397 diaconum,

109 420 172 437 cum
187 408 306 446 undique
326 416 498 443 vexarentur,
521 415 545 436 et
560 419 691 446 nusquam
710 409 850 436 consistere

109 455 152 483 vel
180 454 334 483 delitescere
367 461 494 494 possent,
526 455 641 483 Romam
674 454 745 493 ipsos
775 454 850 482 adire

109 510 212 531 coactos
235 502 328 537 fuisse,
344 509 474 541 rogatque
496 513 558 530 cum
579 503 690 531 caritate
711 502 782 541 ipsos
802 512 851 530 ex-

109 549 218 588 cipiant.

36 607 95 628 actus
147 596 208 624 Jam
220 595 254 624 ad
267 595 320 624 alia
334 605 488 628 evocamur,
503 606 561 633 qua:
573 595 621 623 etsi
636 605 745 633 prorsus
760 604 849 622 rerum

23 646 56 662 *Ψ
71 643 94 674 5³¹
106 640 198 670 faciem
218 652 268 670 non
285 648 429 677 mutavere,
445 641 529 669 multa
544 641 673 669 induxere
687 651 765 668 nova.
782 640 849 668 Ter-

31 677 93 722 {21¹³ss
106 687 143 715 tio
152 698 266 726 namque
276 687 337 716 idus
348 687 509 716 Novembris
519 687 651 721 Arsacias,
665 686 710 724 qui
721 686 849 715 Constan-

33 733 87 753 ΠΜ·
105 733 310 773 tinopolitanam
325 733 414 762 sedem
434 734 578 766 invaserat,
590 743 635 761 seu
651 733 739 772 potius
750 732 776 760 iu
789 742 847 760 eam

35 774 53 796 ¹·
68 774 92 796 ⁶·
105 779 230 808 inductus
246 780 339 815 fuerat,
353 780 420 808 obiit
435 791 440 807 :
455 781 499 808 vir
513 789 591 817 quem
605 778 731 807 laudibus
742 777 847 806 extollit

19 857 51 869 m
74 849 80 870 ¹
105 826 245 863 Socrates;
261 827 422 856 Sozomcnus
433 837 497 854 vero
511 825 577 853 dicit
591 825 670 853 fuisse
682 824 760 852 illum
772 833 846 851 man-

21 865 62 909 27:
84 866 90 871 ⁴
104 880 208 901 suetum
223 880 248 901 et
263 874 428 911 religiosum,
447 872 493 901 sed
506 871 612 900 laudem
627 871 702 899 illam
718 870 846 898 minuisse

104 919 213 948 clericos
228 919 371 957 quosdam,
385 919 431 957 qui
445 918 533 946 omnia
547 928 595 956 pro
611 917 699 945 lubitu
712 916 825 955 agebant
837 928 843 944 :

102 976 197 994 verum
209 966 317 994 infamia
329 965 446 1003 quadam
457 971 560 992 notasse
573 964 651 992 illum
662 974 700 999 ea,
713 973 770 1000 quie
782 973 844 991 cou-

102 1018 142 1040 tra
157 1011 340 1050 Chrysostomi
354 1011 469 1039 fautores
486 1016 557 1048 gesta
570 1016 642 1038 sunt.
660 1011 693 1037 At
706 1008 792 1037 deliro
802 1019 845 1037 se-

101 1057 129 1085 ni
150 1067 201 1086 non
222 1068 269 1085 sua
288 1057 407 1091 fortasse,
430 1055 475 1085 sed
494 1056 610 1084 aliorum
624 1055 751 1090 facinora,
773 1055 842 1083 hanc

100 1109 189 1130 not-zm
202 1102 342 1131 invexere.
354 1103 391 1131 [t
402 1109 432 1130 ut
445 1112 484 1130 res
494 1108 543 1137 est,
556 1101 643 1130 Graeci
656 1101 735 1129 illum
748 1101 774 1128 in
786 1102 842 1129 Me-

99 1149 164 1176 naeis
180 1149 235 1177 suis
254 1156 406 1177 sanctorum
426 1158 537 1176 numero
553 1147 727 1186 adscripsere.
746 1147 840 1175 Tantae

99 1194 170 1222 sedis
183 1205 213 1222 ac
225 1194 365 1233 dignitatis
377 1193 539 1233 occupandae
552 1193 678 1232 cupidine
690 1193 764 1221 ducti
778 1193 842 1231 plu-

98 1239 172 1275 rimi,
183 1240 321 1269 machinas
332 1251 423 1269 omnes
434 1239 570 1268 intendere
581 1251 587 1266 :
598 1239 761 1276 demumque
772 1238 842 1267 Aui-

98 1296 145 1314 cus
168 1287 317 1326 presbyter,
343 1297 377 1315 ex
401 1286 583 1314 ambientibus
607 1295 686 1319 unus,
705 1285 753 1323 qui
773 1295 840 1313 con-

98 1338 139 1359 tra
159 1333 288 1361 Joannem
313 1332 537 1372 Chrysostomum
561 1332 717 1370 episcopum
739 1342 838 1369 suum,

97 1388 159 1407 cum
179 1378 205 1406 in
219 1378 345 1407 exsilium
360 1379 513 1417 pelleretur,
531 1378 618 1406 multa
633 1385 768 1413 moverat,
786 1377 840 1406 ele-

97 1432 155 1454 ctus
170 1424 360 1463 ordinatusque
376 1425 427 1454 suit
440 1437 446 1453 ι
460 1424 507 1454 vir
521 1424 683 1461 industrius,
700 1424 841 1453 mediocri-

97 1477 138 1499 ter
151 1471 246 1500 doctus
261 1478 285 1500 et
301 1471 440 1509 eloquens,
458 1481 520 1510 erga
536 1481 579 1499 eos
596 1477 700 1506 autem,
719 1471 764 1509 qui
778 1481 839 1510 par-

96 1523 135 1545 tes
152 1528 213 1546 suas
229 1528 281 1546 non
295 1518 466 1546 sectabantur
477 1541 484 1554 ,
502 1517 598 1546 ardeus
610 1524 638 1545 et
652 1518 795 1546 terribilis.

138 1563 180 1593 Ex
196 1564 306 1594 OrIente
322 1565 435 1592 Romam
451 1564 528 1592 multi
545 1563 724 1599 advenerant,
740 1571 797 1593 tum
809 1572 839 1594 ut

95 1609 158 1649 suga
173 1610 309 1639 securitati
322 1621 375 1639 suae
389 1610 568 1646 consulerent,
589 1617 648 1638 tum
661 1617 691 1638 ut
708 1611 838 1639 Innocen-

21 1664 84 1697 *copi
96 1656 163 1684 tium
183 1657 284 1696 Papam
304 1656 338 1684 de
357 1656 553 1684 calamitatibus
565 1679 572 1692 ‚
595 1667 654 1694 quae
672 1656 837 1686 Orientalem

28 1701 36 1713 ¹
96 1701 245 1731 Ecclesiam
262 1702 443 1736 divexabant,
466 1702 660 1739 informarent,
680 1709 759 1740 atque
777 1714 838 1732 eum

25 1756 82 1777 iuni.
96 1754 125 1776 ut
139 1747 256 1776 remedia
273 1747 413 1776 adhiberet
425 1747 588 1777 inducerent.
611 1748 749 1788 Cyriacus,
768 1750 838 1789 Syn-

95 1796 229 1825 nadorum
251 1797 392 1836 episcopus
404 1819 413 1833 ,
434 1796 515 1824 nullis
536 1797 682 1826 instructus
698 1797 816 1835 epistolis
828 1820 836 1835 ‚

95 1842 144 1872 scd
156 1843 191 1871 ad
204 1854 263 1871 eam
274 1853 331 1871 rem
343 1842 508 1871 tractandam
520 1842 638 1878 idoneus,
654 1843 771 1872 edictum
784 1844 838 1872 lm-

95 1889 196 1928 periale
209 1888 385 1924 ostendebat,
405 1899 458 1926 quo
474 1887 648 1923 edicebatur,
668 1896 698 1917 ut
717 1889 839 1928 quisquis

96 1945 159 1963 cum
181 1934 344 1974 Theophilo,
360 1935 468 1963 Arsacio
487 1941 512 1962 et
526 1934 678 1974 Porphyrio
692 1946 745 1964 non
764 1947 839 1964 com-

96 1980 262 2017 municaret,
279 1981 316 2010 ab
332 1981 487 2020 episcopatu
506 1987 653 2015 arceretur,
667 1987 692 2009 et
704 1981 839 2020 quidquid

96 2038 178 2066 opum
190 2027 234 2057 vel
250 2027 407 2056 facultatum
420 2027 530 2055 haberet
541 2027 682 2056 amitteret.
700 2029 763 2058 Post
777 2039 838 2057 eum

97 2073 246 2112 Eulysius,
263 2076 388 2113 Apameae
400 2073 427 2101 in
442 2073 571 2112 Bithynia
587 2073 736 2113 episcopus,
754 2075 837 2104 venit:

98 2119 143 2156 qui
166 2120 257 2148 literas
277 2120 403 2148 afferebat
423 2119 579 2158 quindecim
607 2120 798 2160 episcoporum
826 2133 840 2150 e

97 2165 207 2204 Synodo
221 2166 340 2202 Joannis‚
353 2173 378 2195 et
393 2166 487 2205 optimi
503 2167 573 2195 senis
590 2167 684 2206 Anysii
696 2190 703 2203 ‚
717 2167 834 2196 Thessa-

97 2210 196 2240 lonices
209 2213 343 2251 episcopi,
362 2219 388 2241 et
401 2220 558 2252 praesentem
573 2220 599 2241 et
617 2213 735 2252 priorem
756 2215 838 2244 totius

98 2257 346 2297 Constantinopolis
362 2258 541 2297 direptionem
554 2260 734 2289 testificantes.
759 2263 836 2300 Any-

97 2303 152 2331 sius
166 2315 228 2332 vero
243 2304 349 2333 dicebat
362 2304 503 2344 sejudicio
520 2305 643 2334 Ecclesiae
658 2306 833 2344 acquiescere.

136 2349 237 2389 Elapso
252 2360 342 2378 mense
354 2351 463 2379 accessit
474 2351 611 2379 Palladius
622 2374 629 2386 ,
644 2351 837 2391 Helenopoleos

95 2396 235 2435 episcopus
246 2419 254 2430 ,
287 2407 314 2424 se
339 2396 455 2424 furorem
480 2397 654 2435 magistratus
683 2397 836 2426 declinandi

96 2450 176 2468 causa
191 2439 290 2478 fugisse
310 2450 435 2475 narrans,
463 2447 488 2468 et
506 2451 566 2478 quze
580 2448 643 2469 tunc
657 2440 715 2468 dira
730 2451 835 2469 exerce-

95 2483 194 2512 bantur
206 2484 369 2521 significans.
384 2484 447 2512 Post
460 2484 611 2512 Palladium
628 2485 701 2512 venit
721 2484 836 2513 Germa—

95 2539 147 2558 nus
164 2529 314 2569 presbyter.
336 2536 361 2558 et
379 2540 440 2557 cum
462 2529 509 2558 illo
523 2531 665 2559 Cassanus
684 2530 813 2560 diaconus
826 2555 834 2568 ,

95 2575 122 2603 in
138 2583 192 2604 toto
206 2576 272 2604 orbe
287 2575 440 2604 Christiano
460 2576 667 2606 celeberrimus:
680 2577 726 2615 qui
745 2577 835 2607 literas

96 2622 239 2651 afferebant
256 2622 336 2651 totius
357 2622 429 2651 Cleri
448 2623 558 2653 Joannis
577 2623 775 2661 Chrysostomi,
797 2631 834 2652 te-

25 1572 49 1595 d.
59 1581 83 1602 p.

634 206 724 229 NUNC
749 206 880 230 PRIMUM
906 206 1104 230 ADORNATA.

1580 200 1647 233 203

906 268 1048 298 stificantes
1064 269 1218 308 episcopum
1233 280 1312 298 suunt
1327 270 1467 310 tyrannice
1480 270 1506 299 in
1521 271 1650 304 exsilium

905 321 995 343 actum
1007 325 1061 343 esse
1072 325 1120 354 per
1131 315 1273 344 factionem
1284 316 1373 345 Aeacii
1386 316 1544 354 Beroeensis,
1560 319 1637 349 Theo
1645 337 1651 342 ·

906 361 973 400 phili
990 361 1179 397 Alexandrini,
1195 361 1319 390 Antiochi
1339 363 1536 400 Ptolemaidos,
1551 373 1578 393 et
1597 367 1646 395 Se-

907 408 1008 436 vcriani
1027 408 1204 437 Gabalorum.
1226 408 1268 437 Ad
1286 408 1344 437 haec
1363 409 1536 438 breviculum
1563 418 1651 440 osten-

905 453 1013 490 derunt,
1035 466 1088 492 quo
1109 455 1222 494 pretiosa
1244 465 1305 483 vasa
1322 455 1487 484 tradiderant
1502 467 1593 485 coram
1605 458 1650 496 ju-

904 500 1021 534 dicibus,
1039 500 1136 529 Studio
1148 501 1276 530 Praefecto
1290 502 1375 537 urbis,
1388 501 1560 541 Eutychiano
1580 504 1651 532 Prte-

903 546 970 574 fecto
986 547 1118 584 Praetorii,
1135 549 1236 577 Joanne
1251 548 1355 577 Comite
1371 548 1567 587 thesaurorum,
1591 550 1647 578 Eu-

904 593 1001 621 stathio
1016 595 1155 628 Quzestore
1170 601 1195 622 et
1215 594 1386 629 Tabulariis‚
1400 595 1427 623 in
1445 606 1522 630 auro,
1539 603 1649 635 argento

903 645 927 667 et
943 638 1070 673 vestibus,
1085 640 1247 668 calumniam
1260 641 1355 669 Joanni
1367 641 1492 680 episcopo
1507 643 1649 672 confictam

902 685 1097 723 propulsantes.
1113 686 1173 720 Qua
1193 689 1225 715 de
1245 697 1272 714 re
1288 693 1377 715 actum
1397 694 1449 723 est,
1471 698 1532 716 cum
1547 688 1580 718 de
1601 700 1649 718 ex-

901 730 1021 769 pulsione
1036 731 1225 770 Chrysostomi
1238 732 1318 760 verba
1331 732 1453 761 fecimus.

941 777 1005 804 Post
1019 776 1080 805 illos
1100 776 1190 813 rediit,
1211 777 1258 815 qui
1278 778 1333 816 jam
1346 785 1407 806 ante
1422 786 1533 807 venerat
1550 780 1649 809 Deme-

901 822 978 857 trius,
997 822 1163 851 Pessinuntis
1185 823 1345 862 episcopus,
1363 824 1409 862 qui
1429 825 1568 853 Orientem
1589 836 1648 864 per-

899 875 1035 905 currerat,
1054 869 1201 908 praedicans
1223 870 1407 898 Romanorum
1429 871 1645 901 communionem

900 923 961 941 eum
982 915 1084 944 Joanne
1101 915 1243 954 episcopo,
1268 915 1379 944 ostensis
1406 915 1551 944 Innocentii
1567 916 1648 956 Papae

898 959 1001 997 literis;
1025 967 1089 989 tunc
1110 968 1197 989 autem
1218 961 1331 990 afferens
1351 962 1441 991 literas
1460 963 1648 1002 episcoporum

899 1006 999 1041 Cariae,
1017 1007 1065 1045 qui
1086 1007 1199 1037 Joannis
1214 1008 1430 1037 communionem
1445 1009 1648 1048 amplecteban-

899 1058 957 1086 tur,
977 1053 1097 1091 aliasque
1114 1053 1334 1093 presbyterorum
1350 1055 1509 1090 Antiochiae,
1526 1056 1573 1094 qui
1595 1057 1648 1084 Ro-

897 1108 1004 1127 manam
1018 1099 1191 1139 disciplinam
1205 1101 1393 1139 sequebantur,
1415 1101 1647 1141 deplorabantque

898 1145 1045 1184 Porphyrii
1060 1146 1254 1175 ordinationem
1269 1155 1359 1176 contra
1369 1148 1415 1186 jus
1427 1148 1519 1186 fasque
1531 1148 1645 1177 inducti.

937 1191 1001 1219 Post
1018 1192 1078 1220 illos
1093 1203 1184 1221 omues
1204 1193 1278 1221 venit
1295 1194 1468 1222 Domitianus
1483 1195 1640 1234 presbyter,

896 1246 1047 1265 oeconomus
1064 1238 1188 1267 Ecclesiae
1200 1239 1513 1279 Constantinopolitanae‚
1531 1248 1556 1269 et
1572 1241 1640 1270 Val-

895 1282 969 1322 lagas
981 1284 1105 1322 quidam,
1124 1286 1265 1324 presbyter
1281 1286 1438 1323 Nisibenus,
1460 1297 1572 1315 narrans
1587 1298 1646 1316 ino-

896 1330 1070 1357 nasteiiorum
1085 1331 1286 1369 Mesopotamia}
1300 1331 1482 1360 afflictionem.
1505 1332 1541 1360 Hi
1561 1334 1643 1360 etiam

896 1375 1065 1413 protulerunt
1082 1383 1139 1404 acta
1163 1377 1257 1415 Optati
1275 1377 1413 1413 Praefecti,
1432 1378 1459 1406 in
1481 1378 1556 1414 queis
1576 1378 1690 1407 sere-171

896 1420 975 1449 batur
991 1421 1114 1450 honestas
1130 1422 1255 1451 mulieres
1271 1433 1302 1452 ex
1321 1433 1414 1462 genere
1429 1424 1567 1452 consulum
1582 1424 1643 1453 dia—

895 1468 1009 1497 conissas
1031 1469 1158 1498 Ecclesiae
1175 1470 1492 1510 Constantinopolitanae,
1513 1472 1540 1500 in
1557 1473 1643 1501 oculis

894 1515 987 1554 populi
1001 1516 1036 1544 ad
1050 1527 1111 1544 eum
1129 1516 1273 1553 adductas,
1289 1524 1393 1545 coactas
1414 1517 1496 1546 fuisse
1515 1524 1560 1546 aut
1578 1529 1642 1547 cum

894 1563 1003 1592 Arsacio
1027 1563 1243 1598 communicare,
1265 1570 1311 1592 aut
1334 1564 1397 1592 fisco
1422 1563 1489 1592 dare
1510 1563 1638 1593 ducentas

892 1608 951 1636 auri
970 1609 1062 1637 libras.
1081 1611 1184 1638 Ascetae
1206 1620 1312 1648 quoque
1329 1616 1356 1638 et
1370 1609 1487 1648 virgines
1506 1609 1620 1638 aderant
1632 1633 1640 1645 ,

892 1655 1060 1684 ostendentes
1074 1656 1175 1684 sulcata
1188 1656 1270 1684 latera
1284 1656 1313 1684 in
1331 1655 1444 1694 equuleo
1458 1678 1466 1692 ,
1482 1662 1507 1684 et
1521 1656 1549 1684 in
1565 1663 1640 1696 tergo

892 1702 1035 1730 verberum
1051 1709 1134 1731 notas.

933 1747 981 1776 His
988 1750 1135 1787 conspectis
1146 1747 1273 1777 omnibus
1284 1748 1456 1776 Innocentius
1464 1749 1535 1787 Papa
1548 1748 1639 1788 Chry-

893 1800 1040 1829 sostomo‚a
1054 1805 1108 1833 quo
1123 1795 1213 1823 literas
1228 1801 1381 1833 acceperat,
1400 1795 1549 1833 rescripsit,
1565 1801 1589 1823 et
1606 1795 1639 1823 ad

894 1839 1049 1877 patientiam
1063 1840 1090 1868 in
1106 1847 1178 1868 tanta
1194 1839 1334 1868 subeunda
1350 1840 1500 1868 calamitate
1517 1840 1639 1868 cohorta-

893 1892 937 1914 tus
951 1893 999 1916 est.
1015 1886 1160 1926 Episcopis
1173 1886 1252 1914 etiam
1264 1908 1273 1920 ,
1287 1885 1466 1924 presbyteris,
1480 1885 1600 1915 diaconis
1615 1892 1641 1914 et
1652 1885 1675 1908 8·
1689 1896 1709 1909 c.
1725 1887 1762 1909 26-

894 1932 1019 1961 universo
1035 1933 1112 1961 Clero
1125 1932 1251 1961 Ecclesiae
1268 1931 1579 1970 Constantinopolitanae,
1591 1931 1639 1970 qui

893 1978 947 2006 sibi
963 1979 1054 2006 literas
1066 1978 1259 2016 miserant‚per
1272 1978 1440 2006 Germanum
1450 1977 1638 2016 presbyterum

894 2031 920 2052 et
935 2024 1092 2053 Cassianum
1104 2023 1247 2052 diaconum
1258 2021 1406 2061 respondit,
1419 2029 1523 2050 tantum
1535 2023 1638 2052 malum

894 2071 945 2099 sibi
958 2070 1105 2098 renuntiari
1120 2070 1211 2097 dicens
1224 2091 1231 2104 ‚
1248 2075 1277 2096 ut
1292 2068 1347 2096 sola
1362 2068 1496 2107 patientiae
1514 2069 1640 2097 consola-

893 2117 965 2145 tione
979 2116 1067 2144 sanari
1085 2125 1161 2154 posse
1175 2121 1260 2154 putet.
1274 2115 1345 2142 Tum
1359 2124 1414 2148 eos,
1433 2114 1478 2152 qui
1493 2124 1544 2142 non
1560 2114 1640 2142 audi-

893 2170 951 2192 tum
963 2164 1092 2193 Joannem
1107 2161 1311 2194 damnaverant,
1324 2167 1353 2188 ut
1363 2160 1525 2189 facinorosos
1540 2161 1639 2200 impro-

893 2209 939 2237 bat
955 2221 960 2236 z
980 2208 1214 2244 necessariumque
1233 2217 1288 2235 esse
1311 2206 1348 2234 ait
1367 2206 1509 2245 Synodum
1526 2216 1638 2245 cogere,

892 2266 953 2293 quae
967 2255 1001 2283 de
1017 2261 1089 2282 tanta
1106 2264 1133 2282 re
1148 2253 1230 2292 possit
1242 2252 1392 2281 decernere.
1406 2252 1440 2281 Se
1454 2262 1518 2281 vero
1527 2253 1634 2290 omnia,

894 2312 952 2340 quae
968 2300 1019 2339 ipsi
1035 2300 1198 2335 narrabant,
1211 2298 1345 2326 audivisse
1361 2297 1428 2326 dicit
1441 2309 1456 2326 a
1473 2298 1637 2338 coepiscopis

892 2347 948 2375 suis
961 2346 1106 2381 Demetrio,
1119 2345 1232 2384 Cyriaco
1244 2367 1251 2381 ,
1264 2343 1379 2383 Eulysio
1394 2351 1419 2372 et
1433 2343 1555 2372 Palladio
1565 2367 1573 2381 ,
1589 2345 1636 2382 qui

893 2400 956 2421 tunc
971 2393 1063 2420 Romae
1080 2399 1163 2420 eraut.

933 2440 973 2467 De
983 2438 1102 2466 Concilio
1117 2437 1199 2476 igitur
1210 2436 1389 2466 Oecumenico
1405 2435 1522 2475 cogendo
1534 2435 1567 2464 ad
1576 2437 1634 2465 Ho-

892 2485 998 2514 nor-ium
1017 2485 1209 2523 Imperatorem
1234 2489 1299 2511 tunc
1322 2483 1457 2510 Ravennae
1483 2489 1634 2511 versantem

891 2530 1006 2570 scripsit.
1024 2529 1079 2565 Qui
1092 2539 1149 2558 rem
1168 2539 1336 2568 summopere
1352 2528 1466 2567 probans
1480 2529 1559 2567 jussit
1580 2529 1634 2556 Oc-

891 2576 1065 2606 cidentalium
1078 2575 1219 2615 Syuodum
1231 2575 1300 2613 cogi.
1312 2575 1402 2603 Coacti
1418 2574 1500 2613 igitur
1514 2574 1632 2613 episcopi

891 2623 984 2658 Itali-r,
998 2630 1027 2652 ut
1041 2623 1078 2651 ait
1086 2621 1240 2658 Palladius(
1250 2628 1349 2650 caetcrae
1366 2631 1481 2658 namque
1497 2619 1632 2649 Occiden—

1655 1783 1715 1810 snrpae
1730 1784 1780 1804 lite-

1653 1822 1689 1834 rte.

1671 1751 1796 1774 Innocentii

1678 1858 1764 1878 sozom.
1778 1857 1793 1878 l.
