<?xml version="1.0" encoding="UTF-8"?>
<!DOCTYPE html PUBLIC "-//W3C//DTD XHTML 1.0 Transitional//EN"
    "http://www.w3.org/TR/xhtml1/DTD/xhtml1-transitional.dtd">
<html xmlns="http://www.w3.org/1999/xhtml" xml:lang="en" lang="en">
 <head>
  <title>
</title>
<meta http-equiv="Content-Type" content="text/html;charset=utf-8" />
  <meta name='ocr-system' content='tesseract 3.04.00' />
  <meta name='ocr-capabilities' content='ocr_page ocr_carea ocr_par ocr_line ocrx_word'/>
</head>
<body>
  <div class='ocr_page' id='page_1' title='image "./operaomniaquaeex13johnuoft_0751.png"; bbox 0 0 1884 2922; ppageno 0'>
   <div class='ocr_carea' id='block_1_1' title="bbox 708 215 970 240">
    <p class='ocr_par' dir='ltr' id='par_1_1' title="bbox 708 215 970 240">
     <span class='ocr_line' id='line_1_1' title="bbox 708 215 970 240; baseline -0.011 0"><span class='ocrx_word' id='word_1_1' title='bbox 708 215 816 240; x_wconf 73' lang='lat' dir='ltr'>INDEX</span> <span class='ocrx_word' id='word_1_2' title='bbox 845 215 953 239; x_wconf 69' lang='lat' dir='ltr'>RERUM</span> <span class='ocrx_word' id='word_1_3' title='bbox 964 233 970 237; x_wconf 94' lang='lat'>.</span> 
     </span>
    </p>
   </div>
   <div class='ocr_carea' id='block_1_2' title="bbox 75 277 834 2632">
    <p class='ocr_par' dir='ltr' id='par_1_2' title="bbox 75 277 834 2097">
     <span class='ocr_line' id='line_1_2' title="bbox 76 277 816 318; baseline -0.005 -9"><span class='ocrx_word' id='word_1_4' title='bbox 76 280 130 309; x_wconf 86' lang='lat' dir='ltr'>illis</span> <span class='ocrx_word' id='word_1_5' title='bbox 151 278 271 318; x_wconf 79' lang='lat' dir='ltr'>praecisa.</span> <span class='ocrx_word' id='word_1_6' title='bbox 302 283 359 306; x_wconf 69' lang='lat' dir='ltr'>VII.</span> <span class='ocrx_word' id='word_1_7' title='bbox 382 282 446 306; x_wconf 85' lang='lat'>825.</span> <span class='ocrx_word' id='word_1_8' title='bbox 467 289 491 305; x_wconf 76' lang='lat' dir='ltr'>A.</span> <span class='ocrx_word' id='word_1_9' title='bbox 520 277 723 307; x_wconf 81' lang='lat' dir='ltr'>Inexcusabiles</span> <span class='ocrx_word' id='word_1_10' title='bbox 747 286 816 307; x_wconf 87' lang='lat' dir='ltr'>sunt.</span> 
     </span>
     <span class='ocr_line' id='line_1_3' title="bbox 76 321 817 352; baseline -0.001 0"><span class='ocrx_word' id='word_1_11' title='bbox 76 330 125 352; x_wconf 78' lang='lat' dir='ltr'>IX.</span> <span class='ocrx_word' id='word_1_12' title='bbox 148 327 214 351; x_wconf 84' lang='lat'>705.</span> <span class='ocrx_word' id='word_1_13' title='bbox 238 332 261 350; x_wconf 76' lang='lat' dir='ltr'>n.</span> <span class='ocrx_word' id='word_1_14' title='bbox 285 331 311 349; x_wconf 89' lang='lat' dir='ltr'>e.</span> <span class='ocrx_word' id='word_1_15' title='bbox 328 321 431 350; x_wconf 84' lang='lat' dir='ltr'>nullam</span> <span class='ocrx_word' id='word_1_16' title='bbox 456 328 592 350; x_wconf 77' lang='lat' dir='ltr'>merentur</span> <span class='ocrx_word' id='word_1_17' title='bbox 614 323 733 350; x_wconf 69' lang='lat' dir='ltr'>veniam.</span> <span class='ocrx_word' id='word_1_18' title='bbox 757 329 817 351; x_wconf 72' lang='lat' dir='ltr'>VII.</span> 
     </span>
     <span class='ocr_line' id='line_1_4' title="bbox 75 365 818 404; baseline -0.001 -9"><span class='ocrx_word' id='word_1_19' title='bbox 75 371 140 396; x_wconf 87' lang='lat'>754.</span> <span class='ocrx_word' id='word_1_20' title='bbox 158 377 184 395; x_wconf 78' lang='grc' dir='ltr'>ε.</span> <span class='ocrx_word' id='word_1_21' title='bbox 202 365 276 394; x_wconf 76' lang='lat' dir='ltr'>Mala</span> <span class='ocrx_word' id='word_1_22' title='bbox 291 366 412 404; x_wconf 83' lang='lat' dir='ltr'>ipsorum</span> <span class='ocrx_word' id='word_1_23' title='bbox 428 366 538 394; x_wconf 84' lang='lat' dir='ltr'>immota</span> <span class='ocrx_word' id='word_1_24' title='bbox 554 373 661 394; x_wconf 85' lang='lat' dir='ltr'>manent</span> <span class='ocrx_word' id='word_1_25' title='bbox 673 388 680 402; x_wconf 85' lang='lat'><em>,</em></span> <span class='ocrx_word' id='word_1_26' title='bbox 697 373 723 394; x_wconf 90' lang='lat' dir='ltr'>et</span> <span class='ocrx_word' id='word_1_27' title='bbox 741 377 818 395; x_wconf 86' lang='lat' dir='ltr'>nemo</span> 
     </span>
     <span class='ocr_line' id='line_1_5' title="bbox 77 408 817 449; baseline 0.001 -11"><span class='ocrx_word' id='word_1_28' title='bbox 77 416 162 449; x_wconf 87' lang='lat' dir='ltr'>potest</span> <span class='ocrx_word' id='word_1_29' title='bbox 176 409 214 437; x_wconf 91' lang='lat' dir='ltr'>eis</span> <span class='ocrx_word' id='word_1_30' title='bbox 228 408 340 438; x_wconf 81' lang='lat' dir='ltr'>mederi.</span> <span class='ocrx_word' id='word_1_31' title='bbox 368 416 427 439; x_wconf 74' lang='lat' dir='ltr'>VII.</span> <span class='ocrx_word' id='word_1_32' title='bbox 448 414 512 438; x_wconf 88' lang='lat'>516.</span> <span class='ocrx_word' id='word_1_33' title='bbox 537 420 559 437; x_wconf 83' lang='lat' dir='ltr'>B.</span> <span class='ocrx_word' id='word_1_34' title='bbox 575 420 601 437; x_wconf 81' lang='lat' dir='ltr'>e.</span> <span class='ocrx_word' id='word_1_35' title='bbox 627 410 733 444; x_wconf 88' lang='lat' dir='ltr'>Quanta</span> <span class='ocrx_word' id='word_1_36' title='bbox 755 410 817 440; x_wconf 84' lang='lat' dir='ltr'>sint.</span> 
     </span>
     <span class='ocr_line' id='line_1_6' title="bbox 79 452 817 491; baseline -0.001 -9"><span class='ocrx_word' id='word_1_37' title='bbox 79 460 149 482; x_wconf 68' lang='lat' dir='ltr'>VIII.</span> <span class='ocrx_word' id='word_1_38' title='bbox 167 457 232 482; x_wconf 87' lang='lat'>347.</span> <span class='ocrx_word' id='word_1_39' title='bbox 253 463 278 481; x_wconf 89' lang='lat' dir='ltr'>c.</span> <span class='ocrx_word' id='word_1_40' title='bbox 296 453 354 481; x_wconf 84' lang='lat' dir='ltr'>Non</span> <span class='ocrx_word' id='word_1_41' title='bbox 370 453 426 491; x_wconf 83' lang='lat' dir='ltr'>pari</span> <span class='ocrx_word' id='word_1_42' title='bbox 441 460 504 481; x_wconf 87' lang='lat' dir='ltr'>sunt</span> <span class='ocrx_word' id='word_1_43' title='bbox 520 452 671 482; x_wconf 87' lang='lat' dir='ltr'>conditione</span> <span class='ocrx_word' id='word_1_44' title='bbox 685 463 715 481; x_wconf 87' lang='lat' dir='ltr'>ac</span> <span class='ocrx_word' id='word_1_45' title='bbox 738 454 817 482; x_wconf 89' lang='lat' dir='ltr'>Nini-</span> 
     </span>
     <span class='ocr_line' id='line_1_7' title="bbox 78 497 820 533; baseline 0.001 -7"><span class='ocrx_word' id='word_1_46' title='bbox 78 497 154 526; x_wconf 70' lang='lat' dir='ltr'>vitae.</span> <span class='ocrx_word' id='word_1_47' title='bbox 182 504 242 525; x_wconf 72' lang='lat' dir='ltr'>VII.</span> <span class='ocrx_word' id='word_1_48' title='bbox 260 502 323 525; x_wconf 78' lang='grc'>1517.</span> <span class='ocrx_word' id='word_1_49' title='bbox 342 508 367 524; x_wconf 75' lang='grc' dir='ltr'>Β.</span> <span class='ocrx_word' id='word_1_50' title='bbox 388 502 451 527; x_wconf 85' lang='lat'>518.</span> <span class='ocrx_word' id='word_1_51' title='bbox 479 497 621 533; x_wconf 90' lang='lat' dir='ltr'>Quomodo</span> <span class='ocrx_word' id='word_1_52' title='bbox 636 497 820 527; x_wconf 77' lang='lat' dir='ltr'>exciderunta</span> 
     </span>
     <span class='ocr_line' id='line_1_8' title="bbox 79 540 820 570; baseline 0 0"><span class='ocrx_word' id='word_1_53' title='bbox 79 541 253 570; x_wconf 55' lang='lat' dir='ltr'>testamentis</span> <span class='ocrx_word' id='word_1_54' title='bbox 271 548 318 569; x_wconf 76' lang='lat' dir='ltr'>XI.</span> <span class='ocrx_word' id='word_1_55' title='bbox 337 545 380 569; x_wconf 86' lang='grc'>38.</span> <span class='ocrx_word' id='word_1_56' title='bbox 397 552 423 570; x_wconf 78' lang='grc' dir='ltr'>ε.</span> <span class='ocrx_word' id='word_1_57' title='bbox 451 540 540 570; x_wconf 78' lang='lat' dir='ltr'>Judaei</span> <span class='ocrx_word' id='word_1_58' title='bbox 563 540 596 569; x_wconf 89' lang='lat' dir='ltr'>ad</span> <span class='ocrx_word' id='word_1_59' title='bbox 613 541 730 570; x_wconf 79' lang='lat' dir='ltr'>liliorum</span> <span class='ocrx_word' id='word_1_60' title='bbox 752 541 820 570; x_wconf 85' lang='lat' dir='ltr'>ado-</span> 
     </span>
     <span class='ocr_line' id='line_1_9' title="bbox 80 581 821 624; baseline 0.003 -11"><span class='ocrx_word' id='word_1_61' title='bbox 80 585 200 624; x_wconf 89' lang='lat' dir='ltr'>ptionem</span> <span class='ocrx_word' id='word_1_62' title='bbox 226 585 329 619; x_wconf 74' lang='lat' dir='ltr'>vocati,</span> <span class='ocrx_word' id='word_1_63' title='bbox 354 585 380 612; x_wconf 92' lang='lat' dir='ltr'>in</span> <span class='ocrx_word' id='word_1_64' title='bbox 399 595 475 613; x_wconf 84' lang='lat' dir='ltr'>canes</span> <span class='ocrx_word' id='word_1_65' title='bbox 495 581 701 623; x_wconf 80' lang='lat' dir='ltr'>degenerarunt.</span> <span class='ocrx_word' id='word_1_66' title='bbox 720 592 740 613; x_wconf 90' lang='lat'>1.</span> <span class='ocrx_word' id='word_1_67' title='bbox 756 591 821 615; x_wconf 86' lang='lat'>718.</span> 
     </span>
     <span class='ocr_line' id='line_1_10' title="bbox 80 627 822 663; baseline 0.001 -7"><span class='ocrx_word' id='word_1_68' title='bbox 80 639 107 658; x_wconf 71' lang='lat' dir='ltr'>e.</span> <span class='ocrx_word' id='word_1_69' title='bbox 125 639 150 656; x_wconf 92' lang='lat' dir='ltr'>A.</span> <span class='ocrx_word' id='word_1_70' title='bbox 169 627 255 656; x_wconf 84' lang='lat' dir='ltr'>Primi</span> <span class='ocrx_word' id='word_1_71' title='bbox 269 627 339 655; x_wconf 87' lang='lat' dir='ltr'>enim</span> <span class='ocrx_word' id='word_1_72' title='bbox 355 628 389 656; x_wconf 90' lang='lat' dir='ltr'>ad</span> <span class='ocrx_word' id='word_1_73' title='bbox 405 627 487 656; x_wconf 82' lang='lat' dir='ltr'>fidem</span> <span class='ocrx_word' id='word_1_74' title='bbox 499 628 623 656; x_wconf 86' lang='lat' dir='ltr'>accedere</span> <span class='ocrx_word' id='word_1_75' title='bbox 636 628 768 663; x_wconf 84' lang='lat' dir='ltr'>debuere,</span> <span class='ocrx_word' id='word_1_76' title='bbox 789 640 822 658; x_wconf 82' lang='lat' dir='ltr'>ex</span> 
     </span>
     <span class='ocr_line' id='line_1_11' title="bbox 82 671 820 710; baseline 0.003 -11"><span class='ocrx_word' id='word_1_77' title='bbox 82 671 182 700; x_wconf 83' lang='lat' dir='ltr'>Christi</span> <span class='ocrx_word' id='word_1_78' title='bbox 199 679 223 700; x_wconf 94' lang='lat' dir='ltr'>et</span> <span class='ocrx_word' id='word_1_79' title='bbox 243 672 425 710; x_wconf 88' lang='lat' dir='ltr'>apostolorum</span> <span class='ocrx_word' id='word_1_80' title='bbox 441 672 581 700; x_wconf 87' lang='lat' dir='ltr'>sententia.</span> <span class='ocrx_word' id='word_1_81' title='bbox 604 679 650 701; x_wconf 81' lang='grc' dir='ltr'>ΙΧ.</span> <span class='ocrx_word' id='word_1_82' title='bbox 668 677 735 701; x_wconf 86' lang='grc'>714.</span> <span class='ocrx_word' id='word_1_83' title='bbox 753 684 776 701; x_wconf 79' lang='grc' dir='ltr'>Β.</span> <span class='ocrx_word' id='word_1_84' title='bbox 794 683 820 701; x_wconf 88' lang='lat' dir='ltr'>c.</span> 
     </span>
     <span class='ocr_line' id='line_1_12' title="bbox 82 714 821 751; baseline 0.003 -8"><span class='ocrx_word' id='word_1_85' title='bbox 82 714 135 744; x_wconf 88' lang='lat' dir='ltr'>Sed</span> <span class='ocrx_word' id='word_1_86' title='bbox 152 725 199 743; x_wconf 87' lang='lat' dir='ltr'>nec</span> <span class='ocrx_word' id='word_1_87' title='bbox 218 722 337 744; x_wconf 89' lang='lat' dir='ltr'>mortuos</span> <span class='ocrx_word' id='word_1_88' title='bbox 352 716 479 744; x_wconf 78' lang='lat' dir='ltr'>excitatos</span> <span class='ocrx_word' id='word_1_89' title='bbox 493 716 623 751; x_wconf 69' lang='lat' dir='ltr'>videntes,</span> <span class='ocrx_word' id='word_1_90' title='bbox 639 716 821 745; x_wconf 87' lang='lat' dir='ltr'>crediderunt.</span> 
     </span>
     <span class='ocr_line' id='line_1_13' title="bbox 83 757 825 798; baseline 0.003 -12"><span class='ocrx_word' id='word_1_91' title='bbox 83 765 105 786; x_wconf 93' lang='lat'>1.</span> <span class='ocrx_word' id='word_1_92' title='bbox 131 763 195 787; x_wconf 78' lang='lat'>925.</span> <span class='ocrx_word' id='word_1_93' title='bbox 219 769 245 786; x_wconf 67' lang='lat' dir='ltr'>A.</span> <span class='ocrx_word' id='word_1_94' title='bbox 267 757 427 787; x_wconf 81' lang='lat' dir='ltr'>Invidebant</span> <span class='ocrx_word' id='word_1_95' title='bbox 449 759 567 797; x_wconf 83' lang='lat' dir='ltr'>gentium</span> <span class='ocrx_word' id='word_1_96' title='bbox 588 760 685 795; x_wconf 80' lang='lat' dir='ltr'>saluti,</span> <span class='ocrx_word' id='word_1_97' title='bbox 710 759 825 798; x_wconf 84' lang='lat' dir='ltr'>ideoque</span> 
     </span>
     <span class='ocr_line' id='line_1_14' title="bbox 83 802 824 843; baseline 0.004 -14"><span class='ocrx_word' id='word_1_98' title='bbox 83 808 232 840; x_wconf 86' lang='lat' dir='ltr'>carpuntur</span> <span class='ocrx_word' id='word_1_99' title='bbox 244 813 258 830; x_wconf 90' lang='lat' dir='ltr'>a</span> <span class='ocrx_word' id='word_1_100' title='bbox 271 802 365 833; x_wconf 83' lang='lat' dir='ltr'>Paulo.</span> <span class='ocrx_word' id='word_1_101' title='bbox 387 809 458 831; x_wconf 73' lang='lat' dir='ltr'>vlu.</span> <span class='ocrx_word' id='word_1_102' title='bbox 475 807 522 831; x_wconf 84' lang='grc'>63.</span> <span class='ocrx_word' id='word_1_103' title='bbox 539 803 642 832; x_wconf 84' lang='lat' dir='ltr'>Judaeis</span> <span class='ocrx_word' id='word_1_104' title='bbox 657 804 737 832; x_wconf 80' lang='lat' dir='ltr'>fidem</span> <span class='ocrx_word' id='word_1_105' title='bbox 751 805 824 843; x_wconf 83' lang='lat' dir='ltr'>abji-</span> 
     </span>
     <span class='ocr_line' id='line_1_15' title="bbox 83 845 823 884; baseline 0.005 -12"><span class='ocrx_word' id='word_1_106' title='bbox 83 845 215 873; x_wconf 83' lang='lat' dir='ltr'>cientibus</span> <span class='ocrx_word' id='word_1_107' title='bbox 237 845 348 884; x_wconf 80' lang='lat' dir='ltr'>gentiles</span> <span class='ocrx_word' id='word_1_108' title='bbox 363 846 467 874; x_wconf 80' lang='lat' dir='ltr'>suffecti</span> <span class='ocrx_word' id='word_1_109' title='bbox 480 853 540 874; x_wconf 90' lang='lat' dir='ltr'>sunt</span> <span class='ocrx_word' id='word_1_110' title='bbox 565 854 589 875; x_wconf 90' lang='lat' dir='ltr'>et</span> <span class='ocrx_word' id='word_1_111' title='bbox 605 847 786 876; x_wconf 85' lang='lat' dir='ltr'>crediderunt.</span> <span class='ocrx_word' id='word_1_112' title='bbox 802 855 823 877; x_wconf 98' lang='grc' dir='ltr'>Ι.</span> 
     </span>
     <span class='ocr_line' id='line_1_16' title="bbox 83 888 826 929; baseline 0.004 -13"><span class='ocrx_word' id='word_1_113' title='bbox 83 893 149 917; x_wconf 94' lang='grc'>701.</span> <span class='ocrx_word' id='word_1_114' title='bbox 167 888 279 916; x_wconf 87' lang='lat' dir='ltr'>Illorum</span> <span class='ocrx_word' id='word_1_115' title='bbox 292 889 466 918; x_wconf 83' lang='lat' dir='ltr'>incredulitas</span> <span class='ocrx_word' id='word_1_116' title='bbox 480 890 545 917; x_wconf 89' lang='lat' dir='ltr'>olim</span> <span class='ocrx_word' id='word_1_117' title='bbox 558 901 572 918; x_wconf 88' lang='lat' dir='ltr'>a</span> <span class='ocrx_word' id='word_1_118' title='bbox 588 891 725 929; x_wconf 83' lang='lat' dir='ltr'>prophetis</span> <span class='ocrx_word' id='word_1_119' title='bbox 739 892 826 920; x_wconf 86' lang='lat' dir='ltr'>suerat</span> 
     </span>
     <span class='ocr_line' id='line_1_17' title="bbox 83 932 826 971; baseline 0.005 -12"><span class='ocrx_word' id='word_1_120' title='bbox 83 932 221 971; x_wconf 83' lang='lat' dir='ltr'>praedicta.</span> <span class='ocrx_word' id='word_1_121' title='bbox 240 942 260 963; x_wconf 89' lang='grc' dir='ltr'>Ι.</span> <span class='ocrx_word' id='word_1_122' title='bbox 285 937 349 961; x_wconf 86' lang='lat'>692.</span> <span class='ocrx_word' id='word_1_123' title='bbox 372 944 394 962; x_wconf 64' lang='grc'>1.</span> <span class='ocrx_word' id='word_1_124' title='bbox 412 938 474 961; x_wconf 64' lang='grc' dir='ltr'>693Δ</span> <span class='ocrx_word' id='word_1_125' title='bbox 499 933 610 962; x_wconf 79' lang='lat' dir='ltr'>Judaeos</span> <span class='ocrx_word' id='word_1_126' title='bbox 625 941 654 962; x_wconf 80' lang='lat' dir='ltr'>ut</span> <span class='ocrx_word' id='word_1_127' title='bbox 674 935 826 964; x_wconf 83' lang='lat' dir='ltr'>incredulos</span> 
     </span>
     <span class='ocr_line' id='line_1_18' title="bbox 82 976 825 1017; baseline 0.005 -14"><span class='ocrx_word' id='word_1_128' title='bbox 82 976 247 1014; x_wconf 85' lang='lat' dir='ltr'>abjiciendos</span> <span class='ocrx_word' id='word_1_129' title='bbox 261 999 268 1012; x_wconf 90' lang='lat'>,</span> <span class='ocrx_word' id='word_1_130' title='bbox 285 977 396 1013; x_wconf 82' lang='lat' dir='ltr'>gentiles</span> <span class='ocrx_word' id='word_1_131' title='bbox 408 983 497 1005; x_wconf 90' lang='lat' dir='ltr'>autem</span> <span class='ocrx_word' id='word_1_132' title='bbox 511 976 674 1006; x_wconf 88' lang='lat' dir='ltr'>inducendos</span> <span class='ocrx_word' id='word_1_133' title='bbox 689 989 744 1006; x_wconf 87' lang='lat' dir='ltr'>esse</span> <span class='ocrx_word' id='word_1_134' title='bbox 757 990 825 1017; x_wconf 83' lang='lat' dir='ltr'>prae-</span> 
     </span>
     <span class='ocr_line' id='line_1_19' title="bbox 84 1019 826 1051; baseline 0.005 -4"><span class='ocrx_word' id='word_1_135' title='bbox 84 1019 220 1048; x_wconf 87' lang='lat' dir='ltr'>nuntiarat</span> <span class='ocrx_word' id='word_1_136' title='bbox 234 1019 368 1049; x_wconf 83' lang='lat' dir='ltr'>Christus.</span> <span class='ocrx_word' id='word_1_137' title='bbox 387 1027 446 1049; x_wconf 63' lang='lat' dir='ltr'>vll.</span> <span class='ocrx_word' id='word_1_138' title='bbox 464 1024 530 1048; x_wconf 87' lang='lat'>756.</span> <span class='ocrx_word' id='word_1_139' title='bbox 547 1031 574 1049; x_wconf 84' lang='lat' dir='ltr'>D.</span> <span class='ocrx_word' id='word_1_140' title='bbox 591 1026 657 1050; x_wconf 82' lang='lat'>757.</span> <span class='ocrx_word' id='word_1_141' title='bbox 676 1021 765 1051; x_wconf 78' lang='lat' dir='ltr'>Judaei</span> <span class='ocrx_word' id='word_1_142' title='bbox 777 1023 826 1051; x_wconf 83' lang='lat' dir='ltr'>mi-</span> 
     </span>
     <span class='ocr_line' id='line_1_20' title="bbox 84 1063 824 1104; baseline 0.007 -13"><span class='ocrx_word' id='word_1_143' title='bbox 84 1063 147 1098; x_wconf 83' lang='lat' dir='ltr'>seri,</span> <span class='ocrx_word' id='word_1_144' title='bbox 167 1063 213 1101; x_wconf 91' lang='lat' dir='ltr'>qui</span> <span class='ocrx_word' id='word_1_145' title='bbox 227 1070 265 1091; x_wconf 86' lang='lat' dir='ltr'>tot</span> <span class='ocrx_word' id='word_1_146' title='bbox 284 1063 352 1092; x_wconf 89' lang='lat' dir='ltr'>bona</span> <span class='ocrx_word' id='word_1_147' title='bbox 376 1064 477 1092; x_wconf 65' lang='lat' dir='ltr'>crelitus</span> <span class='ocrx_word' id='word_1_148' title='bbox 499 1064 588 1093; x_wconf 85' lang='lat' dir='ltr'>oblata</span> <span class='ocrx_word' id='word_1_149' title='bbox 610 1066 784 1104; x_wconf 81' lang='lat' dir='ltr'>repudiarint.</span> <span class='ocrx_word' id='word_1_150' title='bbox 803 1075 824 1097; x_wconf 91' lang='grc' dir='ltr'>Ι.</span> 
     </span>
     <span class='ocr_line' id='line_1_21' title="bbox 84 1108 825 1150; baseline 0.007 -15"><span class='ocrx_word' id='word_1_151' title='bbox 84 1112 149 1137; x_wconf 85' lang='grc'>842.</span> <span class='ocrx_word' id='word_1_152' title='bbox 166 1118 195 1136; x_wconf 84' lang='grc'>1).</span> <span class='ocrx_word' id='word_1_153' title='bbox 212 1112 275 1136; x_wconf 84' lang='grc'>843.</span> <span class='ocrx_word' id='word_1_154' title='bbox 290 1108 448 1137; x_wconf 73' lang='lat' dir='ltr'>Judoeorum</span> <span class='ocrx_word' id='word_1_155' title='bbox 461 1108 609 1143; x_wconf 83' lang='lat' dir='ltr'>calamitas,</span> <span class='ocrx_word' id='word_1_156' title='bbox 625 1109 696 1147; x_wconf 91' lang='lat' dir='ltr'>quod</span> <span class='ocrx_word' id='word_1_157' title='bbox 710 1121 825 1150; x_wconf 83' lang='lat' dir='ltr'>evange-</span> 
     </span>
     <span class='ocr_line' id='line_1_22' title="bbox 82 1151 828 1194; baseline 0.004 -14"><span class='ocrx_word' id='word_1_158' title='bbox 82 1151 140 1180; x_wconf 81' lang='lat' dir='ltr'>licae</span> <span class='ocrx_word' id='word_1_159' title='bbox 151 1151 332 1191; x_wconf 62' lang='lat' dir='ltr'>praedicationi</span> <span class='ocrx_word' id='word_1_160' title='bbox 345 1152 491 1182; x_wconf 84' lang='lat' dir='ltr'>obfuerint.</span> <span class='ocrx_word' id='word_1_161' title='bbox 504 1160 524 1181; x_wconf 89' lang='lat'>1.</span> <span class='ocrx_word' id='word_1_162' title='bbox 537 1158 582 1181; x_wconf 83' lang='lat'>62..</span> <span class='ocrx_word' id='word_1_163' title='bbox 598 1157 644 1181; x_wconf 88' lang='grc'>63.</span> <span class='ocrx_word' id='word_1_164' title='bbox 663 1153 750 1183; x_wconf 74' lang='lat' dir='ltr'>Judaei</span> <span class='ocrx_word' id='word_1_165' title='bbox 765 1166 828 1194; x_wconf 86' lang='lat' dir='ltr'>apo-</span> 
     </span>
     <span class='ocr_line' id='line_1_23' title="bbox 82 1196 828 1236; baseline 0.001 -12"><span class='ocrx_word' id='word_1_166' title='bbox 82 1196 163 1224; x_wconf 85' lang='lat' dir='ltr'>stolos</span> <span class='ocrx_word' id='word_1_167' title='bbox 173 1203 308 1231; x_wconf 72' lang='lat' dir='ltr'>vexantes,</span> <span class='ocrx_word' id='word_1_168' title='bbox 320 1197 398 1224; x_wconf 89' lang='lat' dir='ltr'>malis</span> <span class='ocrx_word' id='word_1_169' title='bbox 410 1207 465 1225; x_wconf 87' lang='lat' dir='ltr'>sese</span> <span class='ocrx_word' id='word_1_170' title='bbox 477 1196 662 1236; x_wconf 77' lang='lat' dir='ltr'>implicabant.</span> <span class='ocrx_word' id='word_1_171' title='bbox 678 1204 711 1228; x_wconf 72' lang='lat' dir='ltr'>v.</span> <span class='ocrx_word' id='word_1_172' title='bbox 727 1203 791 1227; x_wconf 80' lang='lat'>125.</span> <span class='ocrx_word' id='word_1_173' title='bbox 804 1210 828 1227; x_wconf 67' lang='grc' dir='ltr'>Β.</span> 
     </span>
     <span class='ocr_line' id='line_1_24' title="bbox 84 1239 826 1279; baseline 0.003 -12"><span class='ocrx_word' id='word_1_174' title='bbox 84 1240 192 1276; x_wconf 87' lang='lat' dir='ltr'>Quanta</span> <span class='ocrx_word' id='word_1_175' title='bbox 224 1239 326 1267; x_wconf 81' lang='lat' dir='ltr'>saevitia</span> <span class='ocrx_word' id='word_1_176' title='bbox 350 1239 507 1268; x_wconf 80' lang='lat' dir='ltr'>Judaeorum</span> <span class='ocrx_word' id='word_1_177' title='bbox 534 1240 560 1268; x_wconf 93' lang='lat' dir='ltr'>in</span> <span class='ocrx_word' id='word_1_178' title='bbox 585 1241 730 1279; x_wconf 87' lang='lat' dir='ltr'>apostolos.</span> <span class='ocrx_word' id='word_1_179' title='bbox 768 1250 826 1271; x_wconf 77' lang='grc' dir='ltr'>ΧΙΙ.</span> 
     </span>
     <span class='ocr_line' id='line_1_25' title="bbox 86 1283 827 1315; baseline 0.005 -4"><span class='ocrx_word' id='word_1_180' title='bbox 86 1287 111 1311; x_wconf 89' lang='grc'>3.</span> <span class='ocrx_word' id='word_1_181' title='bbox 128 1294 156 1310; x_wconf 70' lang='grc' dir='ltr'>Α.</span> <span class='ocrx_word' id='word_1_182' title='bbox 174 1288 199 1311; x_wconf 78' lang='grc'>4.</span> <span class='ocrx_word' id='word_1_183' title='bbox 225 1283 327 1312; x_wconf 74' lang='lat' dir='ltr'>Judaeis</span> <span class='ocrx_word' id='word_1_184' title='bbox 350 1293 446 1312; x_wconf 80' lang='lat' dir='ltr'>exosus</span> <span class='ocrx_word' id='word_1_185' title='bbox 465 1290 520 1312; x_wconf 89' lang='lat' dir='ltr'>erat</span> <span class='ocrx_word' id='word_1_186' title='bbox 542 1284 652 1312; x_wconf 87' lang='lat' dir='ltr'>Paulus.</span> <span class='ocrx_word' id='word_1_187' title='bbox 681 1292 739 1313; x_wconf 77' lang='lat' dir='ltr'>XII.</span> <span class='ocrx_word' id='word_1_188' title='bbox 759 1290 786 1315; x_wconf 83' lang='lat'>2.</span> <span class='ocrx_word' id='word_1_189' title='bbox 802 1297 827 1315; x_wconf 79' lang='grc' dir='ltr'>Β.</span> 
     </span>
     <span class='ocr_line' id='line_1_26' title="bbox 85 1326 828 1360; baseline 0.004 -6"><span class='ocrx_word' id='word_1_190' title='bbox 85 1326 203 1360; x_wconf 83' lang='lat' dir='ltr'>Quidam</span> <span class='ocrx_word' id='word_1_191' title='bbox 215 1337 249 1354; x_wconf 74' lang='lat' dir='ltr'>ex</span> <span class='ocrx_word' id='word_1_192' title='bbox 257 1327 293 1355; x_wconf 91' lang='lat' dir='ltr'>eis</span> <span class='ocrx_word' id='word_1_193' title='bbox 301 1327 336 1354; x_wconf 94' lang='lat' dir='ltr'>Pa</span> <span class='ocrx_word' id='word_1_194' title='bbox 342 1327 418 1355; x_wconf 89' lang='lat' dir='ltr'>ulum</span> <span class='ocrx_word' id='word_1_195' title='bbox 425 1327 627 1356; x_wconf 81' lang='lat' dir='ltr'>contemnebant</span> <span class='ocrx_word' id='word_1_196' title='bbox 637 1335 660 1356; x_wconf 85' lang='lat' dir='ltr'>et</span> <span class='ocrx_word' id='word_1_197' title='bbox 669 1328 828 1357; x_wconf 77' lang='lat' dir='ltr'>lacerabant.</span> 
     </span>
     <span class='ocr_line' id='line_1_27' title="bbox 84 1370 828 1405; baseline 0.005 -7"><span class='ocrx_word' id='word_1_198' title='bbox 84 1376 118 1398; x_wconf 81' lang='lat' dir='ltr'>X.</span> <span class='ocrx_word' id='word_1_199' title='bbox 130 1375 193 1398; x_wconf 87' lang='lat'>486.</span> <span class='ocrx_word' id='word_1_200' title='bbox 206 1381 234 1398; x_wconf 83' lang='lat' dir='ltr'>n.</span> <span class='ocrx_word' id='word_1_201' title='bbox 245 1381 272 1398; x_wconf 78' lang='lat' dir='ltr'>E.</span> <span class='ocrx_word' id='word_1_202' title='bbox 285 1370 390 1405; x_wconf 82' lang='lat' dir='ltr'>Quanta</span> <span class='ocrx_word' id='word_1_203' title='bbox 399 1371 554 1400; x_wconf 61' lang='lat' dir='ltr'>judaeorum</span> <span class='ocrx_word' id='word_1_204' title='bbox 566 1372 654 1400; x_wconf 84' lang='lat' dir='ltr'>rabies</span> <span class='ocrx_word' id='word_1_205' title='bbox 666 1372 692 1400; x_wconf 83' lang='lat' dir='ltr'>in</span> <span class='ocrx_word' id='word_1_206' title='bbox 702 1373 828 1402; x_wconf 90' lang='lat' dir='ltr'>Paulum.</span> 
     </span>
     <span class='ocr_line' id='line_1_28' title="bbox 87 1414 831 1454; baseline 0.004 -12"><span class='ocrx_word' id='word_1_207' title='bbox 87 1421 134 1442; x_wconf 77' lang='lat' dir='ltr'>lx.</span> <span class='ocrx_word' id='word_1_208' title='bbox 149 1419 289 1443; x_wconf 49' lang='lat' dir='ltr'>[ioth-410.</span> <span class='ocrx_word' id='word_1_209' title='bbox 313 1414 456 1444; x_wconf 85' lang='lat' dir='ltr'>Judaicam</span> <span class='ocrx_word' id='word_1_210' title='bbox 468 1415 684 1454; x_wconf 72' lang='lat' dir='ltr'>purificationem</span> <span class='ocrx_word' id='word_1_211' title='bbox 693 1426 740 1444; x_wconf 90' lang='lat' dir='ltr'>cur</span> <span class='ocrx_word' id='word_1_212' title='bbox 764 1417 831 1445; x_wconf 90' lang='lat' dir='ltr'>sub-</span> 
     </span>
     <span class='ocr_line' id='line_1_29' title="bbox 86 1457 831 1498; baseline 0.005 -13"><span class='ocrx_word' id='word_1_213' title='bbox 86 1457 148 1486; x_wconf 83' lang='lat' dir='ltr'>ierit</span> <span class='ocrx_word' id='word_1_214' title='bbox 162 1457 274 1487; x_wconf 86' lang='lat' dir='ltr'>Paulus.</span> <span class='ocrx_word' id='word_1_215' title='bbox 300 1465 347 1487; x_wconf 80' lang='lat' dir='ltr'>lx.</span> <span class='ocrx_word' id='word_1_216' title='bbox 367 1462 431 1488; x_wconf 88' lang='lat'>389.</span> <span class='ocrx_word' id='word_1_217' title='bbox 446 1469 472 1486; x_wconf 88' lang='lat' dir='ltr'>D.</span> <span class='ocrx_word' id='word_1_218' title='bbox 487 1458 552 1493; x_wconf 71' lang='lat' dir='ltr'>Qua:</span> <span class='ocrx_word' id='word_1_219' title='bbox 564 1458 615 1487; x_wconf 90' lang='lat' dir='ltr'>sub</span> <span class='ocrx_word' id='word_1_220' title='bbox 629 1460 793 1498; x_wconf 77' lang='lat' dir='ltr'>Vespasiano</span> <span class='ocrx_word' id='word_1_221' title='bbox 807 1468 831 1489; x_wconf 86' lang='lat' dir='ltr'>et</span> 
     </span>
     <span class='ocr_line' id='line_1_30' title="bbox 87 1499 831 1542; baseline 0.005 -14"><span class='ocrx_word' id='word_1_222' title='bbox 87 1499 151 1529; x_wconf 87' lang='lat' dir='ltr'>Tito</span> <span class='ocrx_word' id='word_1_223' title='bbox 170 1500 239 1540; x_wconf 87' lang='lat' dir='ltr'>passi</span> <span class='ocrx_word' id='word_1_224' title='bbox 254 1507 317 1528; x_wconf 87' lang='lat' dir='ltr'>sunt</span> <span class='ocrx_word' id='word_1_225' title='bbox 331 1500 429 1536; x_wconf 79' lang='lat' dir='ltr'>Judaei,</span> <span class='ocrx_word' id='word_1_226' title='bbox 451 1512 484 1529; x_wconf 88' lang='lat' dir='ltr'>ne</span> <span class='ocrx_word' id='word_1_227' title='bbox 507 1502 625 1530; x_wconf 85' lang='lat' dir='ltr'>enarrari</span> <span class='ocrx_word' id='word_1_228' title='bbox 644 1503 753 1540; x_wconf 86' lang='lat' dir='ltr'>quidem</span> <span class='ocrx_word' id='word_1_229' title='bbox 770 1515 831 1542; x_wconf 86' lang='lat' dir='ltr'>pos-</span> 
     </span>
     <span class='ocr_line' id='line_1_31' title="bbox 85 1545 830 1585; baseline 0.005 -13"><span class='ocrx_word' id='word_1_230' title='bbox 85 1545 201 1579; x_wconf 88' lang='lat' dir='ltr'>sunt‚ita</span> <span class='ocrx_word' id='word_1_231' title='bbox 210 1555 316 1572; x_wconf 88' lang='lat' dir='ltr'>omnem</span> <span class='ocrx_word' id='word_1_232' title='bbox 325 1545 504 1573; x_wconf 86' lang='lat' dir='ltr'>calamitatem</span> <span class='ocrx_word' id='word_1_233' title='bbox 514 1545 619 1574; x_wconf 81' lang='lat' dir='ltr'>excedit</span> <span class='ocrx_word' id='word_1_234' title='bbox 633 1547 679 1574; x_wconf 88' lang='lat' dir='ltr'>illa</span> <span class='ocrx_word' id='word_1_235' title='bbox 691 1547 830 1585; x_wconf 83' lang='lat' dir='ltr'>tragoedia.</span> 
     </span>
     <span class='ocr_line' id='line_1_32' title="bbox 86 1589 833 1629; baseline 0.003 -11"><span class='ocrx_word' id='word_1_236' title='bbox 86 1596 108 1618; x_wconf 88' lang='lat'>1.</span> <span class='ocrx_word' id='word_1_237' title='bbox 119 1592 183 1617; x_wconf 88' lang='lat'>695.</span> <span class='ocrx_word' id='word_1_238' title='bbox 200 1595 292 1618; x_wconf 55' lang='grc' dir='ltr'>ΒᾸἹΙ.</span> <span class='ocrx_word' id='word_1_239' title='bbox 306 1592 368 1617; x_wconf 85' lang='lat'>520.</span> <span class='ocrx_word' id='word_1_240' title='bbox 383 1599 406 1617; x_wconf 89' lang='lat' dir='ltr'>c.</span> <span class='ocrx_word' id='word_1_241' title='bbox 416 1599 444 1618; x_wconf 89' lang='grc'>1).</span> <span class='ocrx_word' id='word_1_242' title='bbox 454 1589 528 1618; x_wconf 84' lang='lat' dir='ltr'>Mala</span> <span class='ocrx_word' id='word_1_243' title='bbox 539 1589 596 1618; x_wconf 78' lang='lat' dir='ltr'>haec</span> <span class='ocrx_word' id='word_1_244' title='bbox 609 1591 696 1619; x_wconf 82' lang='lat' dir='ltr'>omnia</span> <span class='ocrx_word' id='word_1_245' title='bbox 707 1602 833 1629; x_wconf 62' lang='lat' dir='ltr'>praenun-</span> 
     </span>
     <span class='ocr_line' id='line_1_33' title="bbox 86 1632 832 1671; baseline 0.004 -10"><span class='ocrx_word' id='word_1_246' title='bbox 86 1632 198 1661; x_wconf 78' lang='lat' dir='ltr'>tiaverat</span> <span class='ocrx_word' id='word_1_247' title='bbox 212 1632 346 1660; x_wconf 87' lang='lat' dir='ltr'>Christus.</span> <span class='ocrx_word' id='word_1_248' title='bbox 362 1640 418 1661; x_wconf 75' lang='lat' dir='ltr'>VII.</span> <span class='ocrx_word' id='word_1_249' title='bbox 436 1638 502 1662; x_wconf 88' lang='lat'>825.</span> <span class='ocrx_word' id='word_1_250' title='bbox 520 1645 546 1662; x_wconf 77' lang='grc' dir='ltr'>Ε.</span> <span class='ocrx_word' id='word_1_251' title='bbox 568 1634 614 1662; x_wconf 88' lang='lat' dir='ltr'>sed</span> <span class='ocrx_word' id='word_1_252' title='bbox 634 1634 777 1671; x_wconf 85' lang='lat' dir='ltr'>incassum;</span> <span class='ocrx_word' id='word_1_253' title='bbox 791 1643 832 1664; x_wconf 92' lang='lat' dir='ltr'>et-</span> 
     </span>
     <span class='ocr_line' id='line_1_34' title="bbox 86 1676 834 1717; baseline 0.003 -14"><span class='ocrx_word' id='word_1_254' title='bbox 86 1676 217 1704; x_wconf 91' lang='lat' dir='ltr'>enimnon</span> <span class='ocrx_word' id='word_1_255' title='bbox 233 1676 414 1714; x_wconf 85' lang='lat' dir='ltr'>resipuerunt.</span> <span class='ocrx_word' id='word_1_256' title='bbox 433 1684 490 1705; x_wconf 72' lang='lat' dir='ltr'>VII.</span> <span class='ocrx_word' id='word_1_257' title='bbox 509 1681 573 1706; x_wconf 87' lang='lat'>808.</span> <span class='ocrx_word' id='word_1_258' title='bbox 588 1678 718 1706; x_wconf 90' lang='lat' dir='ltr'>Omnium</span> <span class='ocrx_word' id='word_1_259' title='bbox 731 1680 834 1717; x_wconf 70' lang='lat' dir='ltr'>gravis.</span> 
     </span>
     <span class='ocr_line' id='line_1_35' title="bbox 86 1720 833 1759; baseline 0.007 -12"><span class='ocrx_word' id='word_1_260' title='bbox 86 1720 153 1747; x_wconf 88' lang='lat' dir='ltr'>sima</span> <span class='ocrx_word' id='word_1_261' title='bbox 168 1720 241 1758; x_wconf 83' lang='lat' dir='ltr'>passi</span> <span class='ocrx_word' id='word_1_262' title='bbox 261 1727 335 1756; x_wconf 87' lang='lat' dir='ltr'>suut,</span> <span class='ocrx_word' id='word_1_263' title='bbox 352 1721 416 1758; x_wconf 89' lang='lat' dir='ltr'>quia</span> <span class='ocrx_word' id='word_1_264' title='bbox 427 1721 548 1749; x_wconf 91' lang='lat' dir='ltr'>omnium</span> <span class='ocrx_word' id='word_1_265' title='bbox 563 1721 721 1759; x_wconf 83' lang='lat' dir='ltr'>gravissima</span> <span class='ocrx_word' id='word_1_266' title='bbox 735 1723 833 1752; x_wconf 84' lang='lat' dir='ltr'>scelera</span> 
     </span>
     <span class='ocr_line' id='line_1_36' title="bbox 86 1765 833 1802; baseline 0.005 -11"><span class='ocrx_word' id='word_1_267' title='bbox 86 1770 283 1802; x_wconf 89' lang='lat' dir='ltr'>perpetrarunt.</span> <span class='ocrx_word' id='word_1_268' title='bbox 297 1771 352 1792; x_wconf 71' lang='lat' dir='ltr'>vn.</span> <span class='ocrx_word' id='word_1_269' title='bbox 369 1769 433 1793; x_wconf 88' lang='lat'>808.</span> <span class='ocrx_word' id='word_1_270' title='bbox 450 1775 475 1793; x_wconf 80' lang='grc' dir='ltr'>Ε.</span> <span class='ocrx_word' id='word_1_271' title='bbox 495 1776 522 1794; x_wconf 83' lang='lat' dir='ltr'>A.</span> <span class='ocrx_word' id='word_1_272' title='bbox 539 1765 600 1802; x_wconf 86' lang='lat' dir='ltr'>quia</span> <span class='ocrx_word' id='word_1_273' title='bbox 613 1765 752 1794; x_wconf 85' lang='lat' dir='ltr'>Christum</span> <span class='ocrx_word' id='word_1_274' title='bbox 764 1777 833 1795; x_wconf 89' lang='lat' dir='ltr'>eme-</span> 
     </span>
     <span class='ocr_line' id='line_1_37' title="bbox 86 1807 833 1847; baseline 0.008 -13"><span class='ocrx_word' id='word_1_275' title='bbox 86 1813 146 1834; x_wconf 89' lang='lat' dir='ltr'>rant</span> <span class='ocrx_word' id='word_1_276' title='bbox 160 1817 175 1834; x_wconf 87' lang='lat' dir='ltr'>a</span> <span class='ocrx_word' id='word_1_277' title='bbox 190 1807 338 1845; x_wconf 85' lang='lat' dir='ltr'>proditore.</span> <span class='ocrx_word' id='word_1_278' title='bbox 361 1815 407 1836; x_wconf 77' lang='lat' dir='ltr'>IX.</span> <span class='ocrx_word' id='word_1_279' title='bbox 424 1812 468 1836; x_wconf 84' lang='lat'>32.</span> <span class='ocrx_word' id='word_1_280' title='bbox 492 1818 518 1837; x_wconf 88' lang='lat' dir='ltr'>c.</span> <span class='ocrx_word' id='word_1_281' title='bbox 542 1815 567 1837; x_wconf 88' lang='lat' dir='ltr'>et</span> <span class='ocrx_word' id='word_1_282' title='bbox 588 1809 651 1847; x_wconf 87' lang='lat' dir='ltr'>quia</span> <span class='ocrx_word' id='word_1_283' title='bbox 667 1809 833 1840; x_wconf 77' lang='lat' dir='ltr'>Salvatorem</span> 
     </span>
     <span class='ocr_line' id='line_1_38' title="bbox 87 1851 833 1893; baseline 0.008 -15"><span class='ocrx_word' id='word_1_284' title='bbox 87 1851 290 1879; x_wconf 81' lang='lat' dir='ltr'>crucifixerunt.</span> <span class='ocrx_word' id='word_1_285' title='bbox 319 1858 377 1880; x_wconf 74' lang='grc' dir='ltr'>ΠΙ.</span> <span class='ocrx_word' id='word_1_286' title='bbox 394 1856 459 1880; x_wconf 87' lang='grc'>826.</span> <span class='ocrx_word' id='word_1_287' title='bbox 474 1864 500 1879; x_wconf 94' lang='lat' dir='ltr'>A.</span> <span class='ocrx_word' id='word_1_288' title='bbox 520 1856 585 1880; x_wconf 86' lang='lat'>827.</span> <span class='ocrx_word' id='word_1_289' title='bbox 600 1852 673 1890; x_wconf 86' lang='lat' dir='ltr'>quod</span> <span class='ocrx_word' id='word_1_290' title='bbox 688 1861 725 1881; x_wconf 88' lang='lat' dir='ltr'>est</span> <span class='ocrx_word' id='word_1_291' title='bbox 740 1865 833 1893; x_wconf 73' lang='lat' dir='ltr'>pecca-</span> 
     </span>
     <span class='ocr_line' id='line_1_39' title="bbox 88 1895 833 1927; baseline 0.007 -5"><span class='ocrx_word' id='word_1_292' title='bbox 88 1900 176 1922; x_wconf 87' lang='lat' dir='ltr'>torum</span> <span class='ocrx_word' id='word_1_293' title='bbox 193 1895 352 1923; x_wconf 76' lang='lat' dir='ltr'>maximum.</span> <span class='ocrx_word' id='word_1_294' title='bbox 368 1902 387 1924; x_wconf 92' lang='lat' dir='ltr'>I.</span> <span class='ocrx_word' id='word_1_295' title='bbox 401 1900 465 1924; x_wconf 83' lang='grc'>798.</span> <span class='ocrx_word' id='word_1_296' title='bbox 486 1906 512 1926; x_wconf 79' lang='lat' dir='ltr'>c,</span> <span class='ocrx_word' id='word_1_297' title='bbox 530 1896 666 1925; x_wconf 77' lang='lat' dir='ltr'>Adversus</span> <span class='ocrx_word' id='word_1_298' title='bbox 683 1897 833 1927; x_wconf 87' lang='lat' dir='ltr'>Romanum</span> 
     </span>
     <span class='ocr_line' id='line_1_40' title="bbox 87 1937 830 1978; baseline 0.008 -13"><span class='ocrx_word' id='word_1_299' title='bbox 87 1937 230 1977; x_wconf 87' lang='lat' dir='ltr'>imperium</span> <span class='ocrx_word' id='word_1_300' title='bbox 245 1938 334 1968; x_wconf 76' lang='lat' dir='ltr'>Judaei</span> <span class='ocrx_word' id='word_1_301' title='bbox 358 1938 459 1967; x_wconf 89' lang='lat' dir='ltr'>bellum</span> <span class='ocrx_word' id='word_1_302' title='bbox 479 1947 660 1978; x_wconf 85' lang='lat' dir='ltr'>susceperant.</span> <span class='ocrx_word' id='word_1_303' title='bbox 683 1947 704 1968; x_wconf 90' lang='lat'>1.</span> <span class='ocrx_word' id='word_1_304' title='bbox 720 1947 786 1970; x_wconf 87' lang='lat'>711.</span> <span class='ocrx_word' id='word_1_305' title='bbox 803 1954 830 1971; x_wconf 77' lang='lat' dir='ltr'>A.</span> 
     </span>
     <span class='ocr_line' id='line_1_41' title="bbox 88 1981 830 2021; baseline 0.004 -11"><span class='ocrx_word' id='word_1_306' title='bbox 88 1982 127 2010; x_wconf 83' lang='lat' dir='ltr'>Ut</span> <span class='ocrx_word' id='word_1_307' title='bbox 149 1981 268 2010; x_wconf 83' lang='lat' dir='ltr'>seditiosi</span> <span class='ocrx_word' id='word_1_308' title='bbox 294 1982 527 2018; x_wconf 74' lang='lat' dir='ltr'>observabantur.</span> <span class='ocrx_word' id='word_1_309' title='bbox 550 1983 718 2021; x_wconf 87' lang='lat' dir='ltr'>jusseratque</span> <span class='ocrx_word' id='word_1_310' title='bbox 740 1987 830 2013; x_wconf 81' lang='lat' dir='ltr'>Caesar</span> 
     </span>
     <span class='ocr_line' id='line_1_42' title="bbox 88 2026 832 2057; baseline 0.004 -3"><span class='ocrx_word' id='word_1_311' title='bbox 88 2035 180 2054; x_wconf 88' lang='lat' dir='ltr'>omnes</span> <span class='ocrx_word' id='word_1_312' title='bbox 193 2026 376 2055; x_wconf 74' lang='lat' dir='ltr'>exterminari.</span> <span class='ocrx_word' id='word_1_313' title='bbox 405 2033 464 2054; x_wconf 74' lang='grc' dir='ltr'>ΠΙ.</span> <span class='ocrx_word' id='word_1_314' title='bbox 481 2031 544 2055; x_wconf 87' lang='grc'>819.</span> <span class='ocrx_word' id='word_1_315' title='bbox 560 2037 585 2054; x_wconf 83' lang='lat'>13.</span> <span class='ocrx_word' id='word_1_316' title='bbox 602 2036 626 2054; x_wconf 90' lang='lat' dir='ltr'>c.</span> <span class='ocrx_word' id='word_1_317' title='bbox 652 2028 723 2055; x_wconf 70' lang='lat' dir='ltr'>Vide</span> <span class='ocrx_word' id='word_1_318' title='bbox 738 2029 832 2057; x_wconf 72' lang='lat' dir='ltr'>,Innu-</span> 
     </span>
     <span class='ocr_line' id='line_1_43' title="bbox 88 2078 197 2097; baseline 0.009 -1"><span class='ocrx_word' id='word_1_319' title='bbox 88 2078 197 2097; x_wconf 57' lang='lat' dir='ltr'>sareu.</span> 
     </span>
    </p>

    <p class='ocr_par' dir='ltr' id='par_1_3' title="bbox 89 2112 833 2632">
     <span class='ocr_line' id='line_1_44' title="bbox 129 2112 832 2153; baseline 0.004 -13"><span class='ocrx_word' id='word_1_320' title='bbox 129 2112 217 2141; x_wconf 78' lang='lat' dir='ltr'>Judaei</span> <span class='ocrx_word' id='word_1_321' title='bbox 230 2123 278 2141; x_wconf 91' lang='lat' dir='ltr'>cur</span> <span class='ocrx_word' id='word_1_322' title='bbox 292 2113 440 2151; x_wconf 86' lang='lat' dir='ltr'>reprobati.</span> <span class='ocrx_word' id='word_1_323' title='bbox 459 2120 506 2142; x_wconf 82' lang='lat' dir='ltr'>lx.</span> <span class='ocrx_word' id='word_1_324' title='bbox 524 2118 590 2143; x_wconf 86' lang='lat'>713.</span> <span class='ocrx_word' id='word_1_325' title='bbox 607 2114 659 2142; x_wconf 88' lang='lat' dir='ltr'>Ista</span> <span class='ocrx_word' id='word_1_326' title='bbox 675 2114 832 2153; x_wconf 85' lang='lat' dir='ltr'>reprobatio</span> 
     </span>
     <span class='ocr_line' id='line_1_45' title="bbox 89 2156 830 2197; baseline 0.003 -13"><span class='ocrx_word' id='word_1_327' title='bbox 89 2156 215 2196; x_wconf 85' lang='lat' dir='ltr'>pluribus</span> <span class='ocrx_word' id='word_1_328' title='bbox 227 2164 365 2185; x_wconf 81' lang='lat' dir='ltr'>enarratur</span> <span class='ocrx_word' id='word_1_329' title='bbox 379 2164 403 2185; x_wconf 87' lang='lat' dir='ltr'>ct</span> <span class='ocrx_word' id='word_1_330' title='bbox 417 2156 625 2186; x_wconf 87' lang='lat' dir='ltr'>demonstratur.</span> <span class='ocrx_word' id='word_1_331' title='bbox 643 2165 664 2186; x_wconf 89' lang='lat' dir='ltr'>l.</span> <span class='ocrx_word' id='word_1_332' title='bbox 681 2163 745 2186; x_wconf 80' lang='lat'>798.</span> <span class='ocrx_word' id='word_1_333' title='bbox 762 2168 830 2197; x_wconf 85' lang='lat' dir='ltr'>sqq.</span> 
     </span>
     <span class='ocr_line' id='line_1_46' title="bbox 89 2200 833 2240; baseline 0.003 -12"><span class='ocrx_word' id='word_1_334' title='bbox 89 2200 223 2228; x_wconf 88' lang='lat' dir='ltr'>Probatur</span> <span class='ocrx_word' id='word_1_335' title='bbox 249 2210 282 2228; x_wconf 79' lang='lat' dir='ltr'>ex</span> <span class='ocrx_word' id='word_1_336' title='bbox 306 2200 457 2239; x_wconf 83' lang='lat' dir='ltr'>prophetis.</span> <span class='ocrx_word' id='word_1_337' title='bbox 481 2208 502 2228; x_wconf 93' lang='grc'>1.</span> <span class='ocrx_word' id='word_1_338' title='bbox 528 2205 593 2230; x_wconf 84' lang='lat'>801.</span> <span class='ocrx_word' id='word_1_339' title='bbox 617 2211 681 2240; x_wconf 77' lang='lat' dir='ltr'>sqq.</span> <span class='ocrx_word' id='word_1_340' title='bbox 700 2202 833 2239; x_wconf 84' lang='lat' dir='ltr'>Tempore</span> 
     </span>
     <span class='ocr_line' id='line_1_47' title="bbox 90 2243 832 2282; baseline 0.001 -10"><span class='ocrx_word' id='word_1_341' title='bbox 90 2243 276 2282; x_wconf 88' lang='lat' dir='ltr'>Chrysostomi</span> <span class='ocrx_word' id='word_1_342' title='bbox 293 2243 371 2272; x_wconf 89' lang='lat' dir='ltr'>multi</span> <span class='ocrx_word' id='word_1_343' title='bbox 387 2243 481 2273; x_wconf 79' lang='lat' dir='ltr'>Judaei</span> <span class='ocrx_word' id='word_1_344' title='bbox 498 2245 524 2272; x_wconf 93' lang='lat' dir='ltr'>in</span> <span class='ocrx_word' id='word_1_345' title='bbox 538 2245 696 2281; x_wconf 74' lang='lat' dir='ltr'>Palaestina,</span> <span class='ocrx_word' id='word_1_346' title='bbox 712 2245 790 2273; x_wconf 86' lang='lat' dir='ltr'>multi</span> <span class='ocrx_word' id='word_1_347' title='bbox 806 2245 832 2273; x_wconf 88' lang='lat' dir='ltr'>in</span> 
     </span>
     <span class='ocr_line' id='line_1_48' title="bbox 91 2286 832 2324; baseline 0.003 -9"><span class='ocrx_word' id='word_1_348' title='bbox 91 2286 230 2315; x_wconf 81' lang='lat' dir='ltr'>Phoenicia</span> <span class='ocrx_word' id='word_1_349' title='bbox 242 2308 250 2320; x_wconf 92' lang='lat'>,</span> <span class='ocrx_word' id='word_1_350' title='bbox 274 2286 353 2314; x_wconf 86' lang='lat' dir='ltr'>multi</span> <span class='ocrx_word' id='word_1_351' title='bbox 370 2286 482 2324; x_wconf 87' lang='lat' dir='ltr'>ubique.</span> <span class='ocrx_word' id='word_1_352' title='bbox 502 2295 525 2317; x_wconf 90' lang='grc' dir='ltr'>Ι.</span> <span class='ocrx_word' id='word_1_353' title='bbox 544 2293 608 2316; x_wconf 86' lang='grc'>709.</span> <span class='ocrx_word' id='word_1_354' title='bbox 625 2300 650 2317; x_wconf 80' lang='lat' dir='ltr'>A.</span> <span class='ocrx_word' id='word_1_355' title='bbox 670 2289 756 2318; x_wconf 82' lang='lat' dir='ltr'>Judaei</span> <span class='ocrx_word' id='word_1_356' title='bbox 772 2289 832 2317; x_wconf 87' lang='lat' dir='ltr'>ideo</span> 
     </span>
     <span class='ocr_line' id='line_1_49' title="bbox 91 2330 830 2371; baseline 0.003 -13"><span class='ocrx_word' id='word_1_357' title='bbox 91 2330 216 2369; x_wconf 82' lang='lat' dir='ltr'>dispersi,</span> <span class='ocrx_word' id='word_1_358' title='bbox 238 2330 301 2367; x_wconf 83' lang='lat' dir='ltr'>quia</span> <span class='ocrx_word' id='word_1_359' title='bbox 312 2330 447 2358; x_wconf 87' lang='lat' dir='ltr'>Christum</span> <span class='ocrx_word' id='word_1_360' title='bbox 459 2331 621 2359; x_wconf 88' lang='lat' dir='ltr'>occiderunt.</span> <span class='ocrx_word' id='word_1_361' title='bbox 636 2338 669 2361; x_wconf 76' lang='lat' dir='ltr'>V.</span> <span class='ocrx_word' id='word_1_362' title='bbox 688 2337 749 2360; x_wconf 90' lang='grc'>101.</span> <span class='ocrx_word' id='word_1_363' title='bbox 766 2343 830 2371; x_wconf 86' lang='lat' dir='ltr'>sqq.</span> 
     </span>
     <span class='ocr_line' id='line_1_50' title="bbox 91 2373 832 2413; baseline 0.004 -12"><span class='ocrx_word' id='word_1_364' title='bbox 91 2377 126 2402; x_wconf 79' lang='lat' dir='ltr'>At</span> <span class='ocrx_word' id='word_1_365' title='bbox 140 2373 180 2402; x_wconf 90' lang='lat' dir='ltr'>illi</span> <span class='ocrx_word' id='word_1_366' title='bbox 193 2373 356 2402; x_wconf 85' lang='lat' dir='ltr'>contendunt</span> <span class='ocrx_word' id='word_1_367' title='bbox 372 2384 400 2402; x_wconf 89' lang='lat' dir='ltr'>se</span> <span class='ocrx_word' id='word_1_368' title='bbox 418 2375 453 2402; x_wconf 87' lang='lat' dir='ltr'>ita</span> <span class='ocrx_word' id='word_1_369' title='bbox 468 2374 594 2413; x_wconf 87' lang='lat' dir='ltr'>disjectos</span> <span class='ocrx_word' id='word_1_370' title='bbox 608 2385 663 2403; x_wconf 89' lang='lat' dir='ltr'>esse</span> <span class='ocrx_word' id='word_1_371' title='bbox 676 2397 684 2411; x_wconf 88' lang='lat'>‚</span> <span class='ocrx_word' id='word_1_372' title='bbox 698 2382 727 2403; x_wconf 89' lang='lat' dir='ltr'>ut</span> <span class='ocrx_word' id='word_1_373' title='bbox 747 2383 832 2404; x_wconf 90' lang='lat' dir='ltr'>essent</span> 
     </span>
     <span class='ocr_line' id='line_1_51' title="bbox 92 2417 831 2448; baseline 0.004 -3"><span class='ocrx_word' id='word_1_374' title='bbox 92 2418 165 2446; x_wconf 87' lang='lat' dir='ltr'>orbis</span> <span class='ocrx_word' id='word_1_375' title='bbox 179 2417 312 2445; x_wconf 80' lang='lat' dir='ltr'>doctores.</span> <span class='ocrx_word' id='word_1_376' title='bbox 327 2424 361 2446; x_wconf 81' lang='lat' dir='ltr'>V.</span> <span class='ocrx_word' id='word_1_377' title='bbox 378 2423 440 2446; x_wconf 89' lang='grc'>100.</span> <span class='ocrx_word' id='word_1_378' title='bbox 452 2417 562 2446; x_wconf 79' lang='lat' dir='ltr'>Judaeos</span> <span class='ocrx_word' id='word_1_379' title='bbox 578 2419 605 2446; x_wconf 89' lang='lat' dir='ltr'>in</span> <span class='ocrx_word' id='word_1_380' title='bbox 617 2429 722 2446; x_wconf 83' lang='lat' dir='ltr'>omnem</span> <span class='ocrx_word' id='word_1_381' title='bbox 735 2426 831 2448; x_wconf 88' lang='lat' dir='ltr'>terram</span> 
     </span>
     <span class='ocr_line' id='line_1_52' title="bbox 93 2459 832 2499; baseline 0.001 -10"><span class='ocrx_word' id='word_1_382' title='bbox 93 2461 168 2489; x_wconf 86' lang='lat' dir='ltr'>abire</span> <span class='ocrx_word' id='word_1_383' title='bbox 184 2460 312 2499; x_wconf 87' lang='lat' dir='ltr'>oportuit,</span> <span class='ocrx_word' id='word_1_384' title='bbox 328 2466 356 2487; x_wconf 92' lang='lat' dir='ltr'>ut</span> <span class='ocrx_word' id='word_1_385' title='bbox 369 2459 486 2498; x_wconf 89' lang='lat' dir='ltr'>propriis</span> <span class='ocrx_word' id='word_1_386' title='bbox 502 2461 586 2489; x_wconf 91' lang='lat' dir='ltr'>oculis</span> <span class='ocrx_word' id='word_1_387' title='bbox 603 2468 737 2489; x_wconf 86' lang='lat' dir='ltr'>cernerent</span> <span class='ocrx_word' id='word_1_388' title='bbox 749 2462 832 2490; x_wconf 87' lang='lat' dir='ltr'>Chri-</span> 
     </span>
     <span class='ocr_line' id='line_1_53' title="bbox 94 2503 830 2535; baseline 0 -1"><span class='ocrx_word' id='word_1_389' title='bbox 94 2512 167 2535; x_wconf 89' lang='lat' dir='ltr'>stum</span> <span class='ocrx_word' id='word_1_390' title='bbox 187 2505 221 2532; x_wconf 89' lang='lat' dir='ltr'>ab</span> <span class='ocrx_word' id='word_1_391' title='bbox 236 2504 360 2533; x_wconf 89' lang='lat' dir='ltr'>omnihus</span> <span class='ocrx_word' id='word_1_392' title='bbox 380 2503 497 2532; x_wconf 84' lang='lat' dir='ltr'>adorari.</span> <span class='ocrx_word' id='word_1_393' title='bbox 526 2511 571 2533; x_wconf 93' lang='lat'>111.</span> <span class='ocrx_word' id='word_1_394' title='bbox 591 2510 654 2533; x_wconf 83' lang='lat'>115.</span> <span class='ocrx_word' id='word_1_395' title='bbox 672 2515 698 2534; x_wconf 82' lang='lat' dir='ltr'>E.</span> <span class='ocrx_word' id='word_1_396' title='bbox 722 2517 748 2533; x_wconf 85' lang='lat' dir='ltr'>A.</span> <span class='ocrx_word' id='word_1_397' title='bbox 768 2511 830 2534; x_wconf 86' lang='lat'>116.</span> 
     </span>
     <span class='ocr_line' id='line_1_54' title="bbox 94 2547 832 2589; baseline 0.001 -12"><span class='ocrx_word' id='word_1_398' title='bbox 94 2548 252 2578; x_wconf 79' lang='lat' dir='ltr'>Judaeorum</span> <span class='ocrx_word' id='word_1_399' title='bbox 267 2548 349 2576; x_wconf 74' lang='lat' dir='ltr'>nullae</span> <span class='ocrx_word' id='word_1_400' title='bbox 369 2555 447 2576; x_wconf 80' lang='lat' dir='ltr'>certae</span> <span class='ocrx_word' id='word_1_401' title='bbox 469 2547 552 2576; x_wconf 87' lang='lat' dir='ltr'>sedes.</span> <span class='ocrx_word' id='word_1_402' title='bbox 577 2555 609 2577; x_wconf 70' lang='grc' dir='ltr'>Υ.</span> <span class='ocrx_word' id='word_1_403' title='bbox 626 2553 670 2577; x_wconf 88' lang='lat'>97.</span> <span class='ocrx_word' id='word_1_404' title='bbox 687 2549 764 2578; x_wconf 83' lang='lat' dir='ltr'>Illam</span> <span class='ocrx_word' id='word_1_405' title='bbox 778 2551 832 2589; x_wconf 81' lang='lat' dir='ltr'>eje-</span> 
     </span>
     <span class='ocr_line' id='line_1_55' title="bbox 96 2591 831 2632; baseline 0.003 -11"><span class='ocrx_word' id='word_1_406' title='bbox 96 2593 209 2621; x_wconf 88' lang='lat' dir='ltr'>ctionem</span> <span class='ocrx_word' id='word_1_407' title='bbox 229 2598 252 2620; x_wconf 91' lang='lat' dir='ltr'>et</span> <span class='ocrx_word' id='word_1_408' title='bbox 274 2591 464 2630; x_wconf 81' lang='lat' dir='ltr'>dispersionem</span> <span class='ocrx_word' id='word_1_409' title='bbox 489 2592 667 2630; x_wconf 64' lang='lat' dir='ltr'>praedixerant</span> <span class='ocrx_word' id='word_1_410' title='bbox 689 2593 831 2632; x_wconf 75' lang='lat' dir='ltr'>prophetae.</span> 
     </span>
    </p>
   </div>
   <div class='ocr_carea' id='block_1_3' title="bbox 872 202 1628 2633">
    <p class='ocr_par' dir='ltr' id='par_1_4' title="bbox 872 202 1624 1438">
     <span class='ocr_line' id='line_1_56' title="bbox 1538 202 1607 249; baseline -0.014 -14"><span class='ocrx_word' id='word_1_411' title='bbox 1538 202 1607 249; x_wconf 67' lang='lat'>295</span> 
     </span>
     <span class='ocr_line' id='line_1_57' title="bbox 872 273 1617 312; baseline -0.008 -5"><span class='ocrx_word' id='word_1_412' title='bbox 872 286 892 307; x_wconf 91' lang='lat'>1.</span> <span class='ocrx_word' id='word_1_413' title='bbox 921 282 986 307; x_wconf 86' lang='lat'>689.</span> <span class='ocrx_word' id='word_1_414' title='bbox 1016 280 1080 305; x_wconf 82' lang='lat'>692.</span> <span class='ocrx_word' id='word_1_415' title='bbox 1106 287 1132 303; x_wconf 96' lang='lat' dir='ltr'>A.</span> <span class='ocrx_word' id='word_1_416' title='bbox 1158 278 1223 304; x_wconf 88' lang='lat'>693.</span> <span class='ocrx_word' id='word_1_417' title='bbox 1249 274 1384 303; x_wconf 85' lang='lat' dir='ltr'>Postrema</span> <span class='ocrx_word' id='word_1_418' title='bbox 1404 273 1461 302; x_wconf 79' lang='lat' dir='ltr'>baec</span> <span class='ocrx_word' id='word_1_419' title='bbox 1475 274 1617 312; x_wconf 84' lang='lat' dir='ltr'>captivitas</span> 
     </span>
     <span class='ocr_line' id='line_1_58' title="bbox 872 317 1616 358; baseline -0.004 -10"><span class='ocrx_word' id='word_1_420' title='bbox 872 331 1020 358; x_wconf 83' lang='lat' dir='ltr'>numquam</span> <span class='ocrx_word' id='word_1_421' title='bbox 1033 320 1112 347; x_wconf 85' lang='lat' dir='ltr'>finem</span> <span class='ocrx_word' id='word_1_422' title='bbox 1126 325 1165 346; x_wconf 87' lang='lat' dir='ltr'>est</span> <span class='ocrx_word' id='word_1_423' title='bbox 1180 317 1315 346; x_wconf 86' lang='lat' dir='ltr'>habitura.</span> <span class='ocrx_word' id='word_1_424' title='bbox 1331 324 1353 346; x_wconf 87' lang='grc'>1.</span> <span class='ocrx_word' id='word_1_425' title='bbox 1374 322 1440 346; x_wconf 87' lang='lat'>795.</span> <span class='ocrx_word' id='word_1_426' title='bbox 1456 328 1483 345; x_wconf 76' lang='lat' dir='ltr'>A.</span> <span class='ocrx_word' id='word_1_427' title='bbox 1502 324 1535 345; x_wconf 87' lang='lat' dir='ltr'>V.</span> <span class='ocrx_word' id='word_1_428' title='bbox 1554 322 1616 345; x_wconf 87' lang='lat'>103.</span> 
     </span>
     <span class='ocr_line' id='line_1_59' title="bbox 873 360 1619 398; baseline -0.007 -6"><span class='ocrx_word' id='word_1_429' title='bbox 873 364 1026 393; x_wconf 83' lang='lat' dir='ltr'>Christiana</span> <span class='ocrx_word' id='word_1_430' title='bbox 1049 362 1115 390; x_wconf 83' lang='lat' dir='ltr'>fides</span> <span class='ocrx_word' id='word_1_431' title='bbox 1139 361 1248 391; x_wconf 84' lang='lat' dir='ltr'>Judaeos</span> <span class='ocrx_word' id='word_1_432' title='bbox 1275 360 1399 389; x_wconf 87' lang='lat' dir='ltr'>meliores</span> <span class='ocrx_word' id='word_1_433' title='bbox 1421 360 1526 396; x_wconf 77' lang='lat' dir='ltr'>effecit,</span> <span class='ocrx_word' id='word_1_434' title='bbox 1552 371 1619 398; x_wconf 89' lang='lat' dir='ltr'>quo-</span> 
     </span>
     <span class='ocr_line' id='line_1_60' title="bbox 873 404 1620 441; baseline -0.007 -5"><span class='ocrx_word' id='word_1_435' title='bbox 873 408 962 436; x_wconf 90' lang='lat' dir='ltr'>modo.</span> <span class='ocrx_word' id='word_1_436' title='bbox 978 415 999 436; x_wconf 93' lang='lat'>1.</span> <span class='ocrx_word' id='word_1_437' title='bbox 1015 411 1080 436; x_wconf 85' lang='lat'>693.</span> <span class='ocrx_word' id='word_1_438' title='bbox 1095 418 1121 434; x_wconf 86' lang='lat' dir='ltr'>A.</span> <span class='ocrx_word' id='word_1_439' title='bbox 1139 410 1203 436; x_wconf 81' lang='lat'>694.</span> <span class='ocrx_word' id='word_1_440' title='bbox 1216 404 1620 441; x_wconf 75' lang='lat' dir='ltr'>Judaei,immetlicabilimorbo</span> 
     </span>
     <span class='ocr_line' id='line_1_61' title="bbox 874 449 1617 486; baseline -0.005 -7"><span class='ocrx_word' id='word_1_441' title='bbox 874 451 977 486; x_wconf 79' lang='lat' dir='ltr'>affecti,</span> <span class='ocrx_word' id='word_1_442' title='bbox 996 449 1208 478; x_wconf 81' lang='lat' dir='ltr'>misericordiam</span> <span class='ocrx_word' id='word_1_443' title='bbox 1234 460 1286 478; x_wconf 90' lang='lat' dir='ltr'>non</span> <span class='ocrx_word' id='word_1_444' title='bbox 1301 449 1455 477; x_wconf 84' lang='lat' dir='ltr'>admittunt.</span> <span class='ocrx_word' id='word_1_445' title='bbox 1476 455 1509 477; x_wconf 73' lang='lat' dir='ltr'>V.</span> <span class='ocrx_word' id='word_1_446' title='bbox 1526 453 1572 477; x_wconf 87' lang='lat'>41.</span> <span class='ocrx_word' id='word_1_447' title='bbox 1590 458 1617 475; x_wconf 89' lang='lat' dir='ltr'>n.</span> 
     </span>
     <span class='ocr_line' id='line_1_62' title="bbox 873 491 1620 532; baseline -0.005 -10"><span class='ocrx_word' id='word_1_448' title='bbox 873 495 996 523; x_wconf 80' lang='lat' dir='ltr'>Deseruit</span> <span class='ocrx_word' id='word_1_449' title='bbox 1006 494 1076 522; x_wconf 86' lang='lat' dir='ltr'>enim</span> <span class='ocrx_word' id='word_1_450' title='bbox 1088 503 1132 521; x_wconf 89' lang='lat' dir='ltr'>eos</span> <span class='ocrx_word' id='word_1_451' title='bbox 1141 494 1225 521; x_wconf 86' lang='lat' dir='ltr'>sancti</span> <span class='ocrx_word' id='word_1_452' title='bbox 1239 493 1358 532; x_wconf 82' lang='lat' dir='ltr'>Spiritus</span> <span class='ocrx_word' id='word_1_453' title='bbox 1370 491 1466 531; x_wconf 74' lang='lat' dir='ltr'>gratia.</span> <span class='ocrx_word' id='word_1_454' title='bbox 1481 499 1499 520; x_wconf 87' lang='lat' dir='ltr'>I.</span> <span class='ocrx_word' id='word_1_455' title='bbox 1514 496 1578 519; x_wconf 85' lang='lat'>808.</span> <span class='ocrx_word' id='word_1_456' title='bbox 1592 503 1620 519; x_wconf 75' lang='lat' dir='ltr'>A.</span> 
     </span>
     <span class='ocr_line' id='line_1_63' title="bbox 875 534 1621 575; baseline -0.007 -8"><span class='ocrx_word' id='word_1_457' title='bbox 875 539 996 568; x_wconf 67' lang='lat' dir='ltr'>veritate</span> <span class='ocrx_word' id='word_1_458' title='bbox 1010 537 1134 566; x_wconf 89' lang='lat' dir='ltr'>omnibus</span> <span class='ocrx_word' id='word_1_459' title='bbox 1149 536 1294 575; x_wconf 79' lang='lat' dir='ltr'>patefacta,</span> <span class='ocrx_word' id='word_1_460' title='bbox 1311 536 1337 564; x_wconf 90' lang='lat' dir='ltr'>in</span> <span class='ocrx_word' id='word_1_461' title='bbox 1354 536 1450 564; x_wconf 88' lang='lat' dir='ltr'>umbra</span> <span class='ocrx_word' id='word_1_462' title='bbox 1464 534 1556 563; x_wconf 85' lang='lat' dir='ltr'>sedent</span> <span class='ocrx_word' id='word_1_463' title='bbox 1569 557 1577 571; x_wconf 82' lang='lat'>‚</span> <span class='ocrx_word' id='word_1_464' title='bbox 1596 541 1621 562; x_wconf 89' lang='lat' dir='ltr'>ct</span> 
     </span>
     <span class='ocr_line' id='line_1_64' title="bbox 874 580 1621 622; baseline -0.005 -11"><span class='ocrx_word' id='word_1_465' title='bbox 874 583 1047 622; x_wconf 80' lang='lat' dir='ltr'>solejustitiae</span> <span class='ocrx_word' id='word_1_466' title='bbox 1059 589 1145 610; x_wconf 87' lang='lat' dir='ltr'>totum</span> <span class='ocrx_word' id='word_1_467' title='bbox 1154 582 1244 610; x_wconf 90' lang='lat' dir='ltr'>orbem</span> <span class='ocrx_word' id='word_1_468' title='bbox 1258 582 1421 617; x_wconf 84' lang='lat' dir='ltr'>illustrante,</span> <span class='ocrx_word' id='word_1_469' title='bbox 1434 580 1469 608; x_wconf 91' lang='lat' dir='ltr'>ad</span> <span class='ocrx_word' id='word_1_470' title='bbox 1482 580 1621 608; x_wconf 79' lang='lat' dir='ltr'>lucernam</span> 
     </span>
     <span class='ocr_line' id='line_1_65' title="bbox 874 624 1621 656; baseline -0.005 -1"><span class='ocrx_word' id='word_1_471' title='bbox 874 626 1001 656; x_wconf 88' lang='lat' dir='ltr'>assident.</span> <span class='ocrx_word' id='word_1_472' title='bbox 1016 633 1063 655; x_wconf 76' lang='lat' dir='ltr'>IV.</span> <span class='ocrx_word' id='word_1_473' title='bbox 1079 630 1126 654; x_wconf 83' lang='grc'>46.</span> <span class='ocrx_word' id='word_1_474' title='bbox 1144 637 1169 654; x_wconf 85' lang='lat' dir='ltr'>c.</span> <span class='ocrx_word' id='word_1_475' title='bbox 1199 631 1262 654; x_wconf 83' lang='lat'>109.</span> <span class='ocrx_word' id='word_1_476' title='bbox 1281 637 1305 653; x_wconf 83' lang='lat' dir='ltr'>c.</span> <span class='ocrx_word' id='word_1_477' title='bbox 1322 626 1386 653; x_wconf 90' lang='lat' dir='ltr'>Post</span> <span class='ocrx_word' id='word_1_478' title='bbox 1402 624 1504 653; x_wconf 82' lang='lat' dir='ltr'>Christi</span> <span class='ocrx_word' id='word_1_479' title='bbox 1528 634 1621 652; x_wconf 86' lang='lat' dir='ltr'>necem</span> 
     </span>
     <span class='ocr_line' id='line_1_66' title="bbox 875 669 1619 707; baseline -0.003 -9"><span class='ocrx_word' id='word_1_480' title='bbox 875 669 1080 698; x_wconf 83' lang='lat' dir='ltr'>miserabiliores</span> <span class='ocrx_word' id='word_1_481' title='bbox 1103 676 1245 698; x_wconf 77' lang='lat' dir='ltr'>evaserunt</span> <span class='ocrx_word' id='word_1_482' title='bbox 1256 690 1263 703; x_wconf 87' lang='lat'>‚</span> <span class='ocrx_word' id='word_1_483' title='bbox 1292 679 1384 707; x_wconf 86' lang='lat' dir='ltr'>quare.</span> <span class='ocrx_word' id='word_1_484' title='bbox 1400 675 1431 696; x_wconf 84' lang='lat' dir='ltr'>v.</span> <span class='ocrx_word' id='word_1_485' title='bbox 1457 673 1504 699; x_wconf 94' lang='lat'>97.</span> <span class='ocrx_word' id='word_1_486' title='bbox 1535 679 1560 696; x_wconf 84' lang='lat' dir='ltr'>e.</span> <span class='ocrx_word' id='word_1_487' title='bbox 1590 678 1619 696; x_wconf 83' lang='lat'>1).</span> 
     </span>
     <span class='ocr_line' id='line_1_67' title="bbox 876 714 1618 743; baseline -0.001 0"><span class='ocrx_word' id='word_1_488' title='bbox 876 715 1009 743; x_wconf 86' lang='lat' dir='ltr'>Omnibus</span> <span class='ocrx_word' id='word_1_489' title='bbox 1024 714 1178 743; x_wconf 88' lang='lat' dir='ltr'>hominibus</span> <span class='ocrx_word' id='word_1_490' title='bbox 1192 714 1380 742; x_wconf 83' lang='lat' dir='ltr'>adversantur.</span> <span class='ocrx_word' id='word_1_491' title='bbox 1398 721 1446 742; x_wconf 79' lang='grc' dir='ltr'>ΧΙ.</span> <span class='ocrx_word' id='word_1_492' title='bbox 1464 717 1528 742; x_wconf 82' lang='grc'>512.</span> <span class='ocrx_word' id='word_1_493' title='bbox 1546 723 1573 741; x_wconf 84' lang='lat' dir='ltr'>n.</span> <span class='ocrx_word' id='word_1_494' title='bbox 1592 723 1618 742; x_wconf 78' lang='grc' dir='ltr'>Ε.</span> 
     </span>
     <span class='ocr_line' id='line_1_68' title="bbox 876 757 1620 797; baseline -0.004 -11"><span class='ocrx_word' id='word_1_495' title='bbox 876 759 906 787; x_wconf 87' lang='grc'>111</span> <span class='ocrx_word' id='word_1_496' title='bbox 921 757 978 786; x_wconf 89' lang='lat' dir='ltr'>dies</span> <span class='ocrx_word' id='word_1_497' title='bbox 993 759 1095 797; x_wconf 89' lang='lat' dir='ltr'>pejores</span> <span class='ocrx_word' id='word_1_498' title='bbox 1111 758 1179 786; x_wconf 83' lang='lat' dir='ltr'>fiunt</span> <span class='ocrx_word' id='word_1_499' title='bbox 1205 768 1246 786; x_wconf 89' lang='lat' dir='ltr'>res</span> <span class='ocrx_word' id='word_1_500' title='bbox 1261 768 1364 786; x_wconf 82' lang='lat' dir='ltr'>eorum.</span> <span class='ocrx_word' id='word_1_501' title='bbox 1378 764 1411 785; x_wconf 76' lang='lat' dir='ltr'>V.</span> <span class='ocrx_word' id='word_1_502' title='bbox 1430 761 1494 785; x_wconf 90' lang='lat'>102.</span> <span class='ocrx_word' id='word_1_503' title='bbox 1513 768 1537 784; x_wconf 80' lang='lat' dir='ltr'>A.</span> <span class='ocrx_word' id='word_1_504' title='bbox 1558 761 1620 784; x_wconf 88' lang='grc'>103.</span> 
     </span>
     <span class='ocr_line' id='line_1_69' title="bbox 878 800 1622 841; baseline -0.004 -11"><span class='ocrx_word' id='word_1_505' title='bbox 878 802 1026 841; x_wconf 84' lang='lat' dir='ltr'>Prophetas</span> <span class='ocrx_word' id='word_1_506' title='bbox 1041 812 1092 830; x_wconf 85' lang='lat' dir='ltr'>non</span> <span class='ocrx_word' id='word_1_507' title='bbox 1108 802 1178 830; x_wconf 88' lang='lat' dir='ltr'>ultra</span> <span class='ocrx_word' id='word_1_508' title='bbox 1193 801 1302 830; x_wconf 85' lang='lat' dir='ltr'>habent.</span> <span class='ocrx_word' id='word_1_509' title='bbox 1322 807 1354 829; x_wconf 71' lang='lat' dir='ltr'>v.</span> <span class='ocrx_word' id='word_1_510' title='bbox 1371 805 1416 828; x_wconf 79' lang='lat'>98.</span> <span class='ocrx_word' id='word_1_511' title='bbox 1436 800 1514 828; x_wconf 86' lang='lat' dir='ltr'>Ritus</span> <span class='ocrx_word' id='word_1_512' title='bbox 1530 810 1622 827; x_wconf 88' lang='lat' dir='ltr'>eorum</span> 
     </span>
     <span class='ocr_line' id='line_1_70' title="bbox 878 842 1621 884; baseline -0.005 -10"><span class='ocrx_word' id='word_1_513' title='bbox 878 845 1000 884; x_wconf 83' lang='lat' dir='ltr'>abrogati</span> <span class='ocrx_word' id='word_1_514' title='bbox 1014 852 1086 874; x_wconf 88' lang='lat' dir='ltr'>sunt.</span> <span class='ocrx_word' id='word_1_515' title='bbox 1102 853 1122 874; x_wconf 95' lang='grc'>1.</span> <span class='ocrx_word' id='word_1_516' title='bbox 1137 850 1204 873; x_wconf 81' lang='grc'>744.</span> <span class='ocrx_word' id='word_1_517' title='bbox 1222 856 1249 873; x_wconf 85' lang='lat' dir='ltr'>A.</span> <span class='ocrx_word' id='word_1_518' title='bbox 1267 849 1330 872; x_wconf 88' lang='grc'>810.</span> <span class='ocrx_word' id='word_1_519' title='bbox 1348 853 1375 871; x_wconf 82' lang='grc' dir='ltr'>Ε.</span> <span class='ocrx_word' id='word_1_520' title='bbox 1390 842 1472 881; x_wconf 79' lang='lat' dir='ltr'>Apud</span> <span class='ocrx_word' id='word_1_521' title='bbox 1488 843 1559 881; x_wconf 83' lang='lat' dir='ltr'>ipsos</span> <span class='ocrx_word' id='word_1_522' title='bbox 1570 853 1621 871; x_wconf 87' lang='lat' dir='ltr'>nec</span> 
     </span>
     <span class='ocr_line' id='line_1_71' title="bbox 878 887 1619 928; baseline -0.003 -12"><span class='ocrx_word' id='word_1_523' title='bbox 878 899 994 928; x_wconf 81' lang='lat' dir='ltr'>azyma,</span> <span class='ocrx_word' id='word_1_524' title='bbox 1019 899 1066 916; x_wconf 86' lang='lat' dir='ltr'>nec</span> <span class='ocrx_word' id='word_1_525' title='bbox 1082 887 1179 927; x_wconf 79' lang='lat' dir='ltr'>pascha</span> <span class='ocrx_word' id='word_1_526' title='bbox 1204 887 1348 915; x_wconf 82' lang='lat' dir='ltr'>invenitur.</span> <span class='ocrx_word' id='word_1_527' title='bbox 1371 893 1394 918; x_wconf 84' lang='grc' dir='ltr'>Ι.</span> <span class='ocrx_word' id='word_1_528' title='bbox 1421 890 1485 913; x_wconf 91' lang='grc'>744.</span> <span class='ocrx_word' id='word_1_529' title='bbox 1504 897 1531 913; x_wconf 68' lang='lat' dir='ltr'>a.</span> <span class='ocrx_word' id='word_1_530' title='bbox 1547 896 1570 913; x_wconf 88' lang='lat' dir='ltr'>B.</span> <span class='ocrx_word' id='word_1_531' title='bbox 1586 893 1619 914; x_wconf 89' lang='grc'>11.</span> 
     </span>
     <span class='ocr_line' id='line_1_72' title="bbox 879 929 1623 968; baseline -0.005 -7"><span class='ocrx_word' id='word_1_532' title='bbox 879 937 942 961; x_wconf 82' lang='grc'>452.</span> <span class='ocrx_word' id='word_1_533' title='bbox 959 943 986 960; x_wconf 90' lang='lat' dir='ltr'>D.</span> <span class='ocrx_word' id='word_1_534' title='bbox 1000 937 1064 961; x_wconf 84' lang='lat'>464.</span> <span class='ocrx_word' id='word_1_535' title='bbox 1084 943 1110 961; x_wconf 81' lang='lat' dir='ltr'>c.</span> <span class='ocrx_word' id='word_1_536' title='bbox 1139 938 1164 960; x_wconf 86' lang='lat' dir='ltr'>et</span> <span class='ocrx_word' id='word_1_537' title='bbox 1178 931 1267 959; x_wconf 82' lang='lat' dir='ltr'>omnia</span> <span class='ocrx_word' id='word_1_538' title='bbox 1285 930 1320 958; x_wconf 85' lang='lat' dir='ltr'>ad</span> <span class='ocrx_word' id='word_1_539' title='bbox 1337 929 1494 968; x_wconf 79' lang='lat' dir='ltr'>religionem</span> <span class='ocrx_word' id='word_1_540' title='bbox 1507 936 1623 968; x_wconf 87' lang='lat' dir='ltr'>spectan-</span> 
     </span>
     <span class='ocr_line' id='line_1_73' title="bbox 878 974 1624 1004; baseline -0.004 0"><span class='ocrx_word' id='word_1_541' title='bbox 878 976 916 1004; x_wconf 84' lang='lat' dir='ltr'>tia</span> <span class='ocrx_word' id='word_1_542' title='bbox 927 976 1031 1004; x_wconf 87' lang='lat' dir='ltr'>sublata</span> <span class='ocrx_word' id='word_1_543' title='bbox 1046 983 1117 1004; x_wconf 88' lang='lat' dir='ltr'>sunt.</span> <span class='ocrx_word' id='word_1_544' title='bbox 1134 983 1154 1004; x_wconf 91' lang='lat' dir='ltr'>I.</span> <span class='ocrx_word' id='word_1_545' title='bbox 1169 981 1233 1004; x_wconf 90' lang='lat'>710.</span> <span class='ocrx_word' id='word_1_546' title='bbox 1247 985 1273 1003; x_wconf 91' lang='lat' dir='ltr'>c.</span> <span class='ocrx_word' id='word_1_547' title='bbox 1289 979 1353 1002; x_wconf 88' lang='lat'>711.</span> <span class='ocrx_word' id='word_1_548' title='bbox 1371 978 1435 1001; x_wconf 85' lang='lat'>764.</span> <span class='ocrx_word' id='word_1_549' title='bbox 1451 984 1475 1002; x_wconf 78' lang='grc'>1).</span> <span class='ocrx_word' id='word_1_550' title='bbox 1490 984 1516 1001; x_wconf 88' lang='lat' dir='ltr'>c.</span> <span class='ocrx_word' id='word_1_551' title='bbox 1533 974 1624 1002; x_wconf 78' lang='lat' dir='ltr'>Sacer-</span> 
     </span>
     <span class='ocr_line' id='line_1_74' title="bbox 879 1019 1620 1058; baseline -0.003 -10"><span class='ocrx_word' id='word_1_552' title='bbox 879 1019 955 1048; x_wconf 90' lang='lat' dir='ltr'>dotes</span> <span class='ocrx_word' id='word_1_553' title='bbox 970 1019 1042 1058; x_wconf 80' lang='lat' dir='ltr'>apnd</span> <span class='ocrx_word' id='word_1_554' title='bbox 1063 1019 1170 1049; x_wconf 81' lang='lat' dir='ltr'>Judaeos</span> <span class='ocrx_word' id='word_1_555' title='bbox 1185 1029 1240 1046; x_wconf 86' lang='lat' dir='ltr'>esse</span> <span class='ocrx_word' id='word_1_556' title='bbox 1255 1028 1305 1046; x_wconf 92' lang='lat' dir='ltr'>non</span> <span class='ocrx_word' id='word_1_557' title='bbox 1324 1023 1445 1056; x_wconf 87' lang='lat' dir='ltr'>possunt.</span> <span class='ocrx_word' id='word_1_558' title='bbox 1470 1024 1492 1044; x_wconf 94' lang='lat'>1.</span> <span class='ocrx_word' id='word_1_559' title='bbox 1511 1022 1576 1046; x_wconf 82' lang='lat'>811.</span> <span class='ocrx_word' id='word_1_560' title='bbox 1594 1027 1620 1046; x_wconf 79' lang='grc' dir='ltr'>Ε.</span> 
     </span>
     <span class='ocr_line' id='line_1_75' title="bbox 881 1061 1622 1102; baseline -0.005 -10"><span class='ocrx_word' id='word_1_561' title='bbox 881 1068 946 1092; x_wconf 83' lang='grc'>812.</span> <span class='ocrx_word' id='word_1_562' title='bbox 964 1065 1061 1102; x_wconf 81' lang='lat' dir='ltr'>Legem</span> <span class='ocrx_word' id='word_1_563' title='bbox 1078 1069 1166 1091; x_wconf 83' lang='lat' dir='ltr'>tamen</span> <span class='ocrx_word' id='word_1_564' title='bbox 1180 1061 1300 1090; x_wconf 84' lang='lat' dir='ltr'>strictius</span> <span class='ocrx_word' id='word_1_565' title='bbox 1317 1061 1397 1089; x_wconf 81' lang='lat' dir='ltr'>etiam</span> <span class='ocrx_word' id='word_1_566' title='bbox 1418 1070 1488 1089; x_wconf 90' lang='lat' dir='ltr'>nunc</span> <span class='ocrx_word' id='word_1_567' title='bbox 1506 1067 1622 1089; x_wconf 75' lang='lat' dir='ltr'>servant.</span> 
     </span>
     <span class='ocr_line' id='line_1_76' title="bbox 882 1111 1621 1135; baseline -0.005 0"><span class='ocrx_word' id='word_1_568' title='bbox 882 1114 902 1135; x_wconf 97' lang='grc' dir='ltr'>Ι.</span> <span class='ocrx_word' id='word_1_569' title='bbox 929 1111 992 1135; x_wconf 86' lang='lat'>500.</span> <span class='ocrx_word' id='word_1_570' title='bbox 1010 1118 1036 1134; x_wconf 94' lang='lat' dir='ltr'>c.</span> <span class='ocrx_word' id='word_1_571' title='bbox 1051 1111 1116 1135; x_wconf 85' lang='lat'>718.</span> <span class='ocrx_word' id='word_1_572' title='bbox 1134 1117 1159 1132; x_wconf 76' lang='lat' dir='ltr'>A.</span> <span class='ocrx_word' id='word_1_573' title='bbox 1196 1111 1221 1132; x_wconf 91' lang='lat' dir='ltr'>et</span> <span class='ocrx_word' id='word_1_574' title='bbox 1242 1114 1358 1132; x_wconf 73' lang='lat' dir='ltr'>maxime</span> <span class='ocrx_word' id='word_1_575' title='bbox 1380 1113 1621 1132; x_wconf 78' lang='lat' dir='ltr'>eircumcisionem.</span> 
     </span>
     <span class='ocr_line' id='line_1_77' title="bbox 882 1147 1624 1186; baseline -0.005 -8"><span class='ocrx_word' id='word_1_576' title='bbox 882 1157 930 1180; x_wconf 78' lang='lat' dir='ltr'>IV.</span> <span class='ocrx_word' id='word_1_577' title='bbox 946 1155 1010 1178; x_wconf 82' lang='grc'>464.</span> <span class='ocrx_word' id='word_1_578' title='bbox 1026 1161 1052 1178; x_wconf 86' lang='lat' dir='ltr'>c.</span> <span class='ocrx_word' id='word_1_579' title='bbox 1069 1148 1240 1178; x_wconf 84' lang='lat' dir='ltr'>Judaicarum</span> <span class='ocrx_word' id='word_1_580' title='bbox 1256 1158 1345 1176; x_wconf 89' lang='lat' dir='ltr'>rerum</span> <span class='ocrx_word' id='word_1_581' title='bbox 1364 1147 1444 1175; x_wconf 86' lang='lat' dir='ltr'>finem</span> <span class='ocrx_word' id='word_1_582' title='bbox 1460 1148 1531 1184; x_wconf 85' lang='lat' dir='ltr'>fore,</span> <span class='ocrx_word' id='word_1_583' title='bbox 1550 1158 1624 1186; x_wconf 57' lang='lat' dir='ltr'>prai-</span> 
     </span>
     <span class='ocr_line' id='line_1_78' title="bbox 883 1190 1623 1231; baseline -0.005 -9"><span class='ocrx_word' id='word_1_584' title='bbox 883 1193 986 1222; x_wconf 87' lang='lat' dir='ltr'>dictum</span> <span class='ocrx_word' id='word_1_585' title='bbox 1001 1204 1016 1220; x_wconf 89' lang='lat' dir='ltr'>a</span> <span class='ocrx_word' id='word_1_586' title='bbox 1030 1192 1177 1231; x_wconf 88' lang='lat' dir='ltr'>prophetis.</span> <span class='ocrx_word' id='word_1_587' title='bbox 1201 1199 1222 1219; x_wconf 93' lang='grc' dir='ltr'>Ι.</span> <span class='ocrx_word' id='word_1_588' title='bbox 1247 1196 1310 1219; x_wconf 84' lang='grc'>693.</span> <span class='ocrx_word' id='word_1_589' title='bbox 1338 1190 1428 1220; x_wconf 72' lang='lat' dir='ltr'>Judaei</span> <span class='ocrx_word' id='word_1_590' title='bbox 1441 1191 1570 1229; x_wconf 83' lang='lat' dir='ltr'>templum</span> <span class='ocrx_word' id='word_1_591' title='bbox 1582 1201 1623 1219; x_wconf 88' lang='lat' dir='ltr'>re-</span> 
     </span>
     <span class='ocr_line' id='line_1_79' title="bbox 882 1234 1624 1273; baseline -0.004 -8"><span class='ocrx_word' id='word_1_592' title='bbox 882 1244 1003 1265; x_wconf 83' lang='lat' dir='ltr'>staurare</span> <span class='ocrx_word' id='word_1_593' title='bbox 1016 1237 1112 1264; x_wconf 85' lang='lat' dir='ltr'>frustra</span> <span class='ocrx_word' id='word_1_594' title='bbox 1130 1234 1322 1273; x_wconf 76' lang='lat' dir='ltr'>aggrediuntur</span> <span class='ocrx_word' id='word_1_595' title='bbox 1340 1234 1390 1262; x_wconf 88' lang='lat' dir='ltr'>sub</span> <span class='ocrx_word' id='word_1_596' title='bbox 1407 1234 1555 1269; x_wconf 83' lang='lat' dir='ltr'>Hadriano,</span> <span class='ocrx_word' id='word_1_597' title='bbox 1573 1235 1624 1262; x_wconf 91' lang='lat' dir='ltr'>sub</span> 
     </span>
     <span class='ocr_line' id='line_1_80' title="bbox 882 1278 1622 1313; baseline -0.003 -4"><span class='ocrx_word' id='word_1_598' title='bbox 882 1280 1055 1309; x_wconf 84' lang='lat' dir='ltr'>Constantino</span> <span class='ocrx_word' id='word_1_599' title='bbox 1068 1300 1076 1313; x_wconf 92' lang='lat'><strong><em>,</em></strong></span> <span class='ocrx_word' id='word_1_600' title='bbox 1095 1286 1119 1307; x_wconf 90' lang='lat' dir='ltr'>ct</span> <span class='ocrx_word' id='word_1_601' title='bbox 1141 1278 1191 1306; x_wconf 88' lang='lat' dir='ltr'>sub</span> <span class='ocrx_word' id='word_1_602' title='bbox 1207 1278 1325 1307; x_wconf 78' lang='lat' dir='ltr'>Juliano.</span> <span class='ocrx_word' id='word_1_603' title='bbox 1352 1285 1372 1306; x_wconf 88' lang='lat'>1.</span> <span class='ocrx_word' id='word_1_604' title='bbox 1391 1283 1455 1306; x_wconf 84' lang='lat'>709.</span> <span class='ocrx_word' id='word_1_605' title='bbox 1473 1283 1536 1306; x_wconf 88' lang='lat'>789.</span> <span class='ocrx_word' id='word_1_606' title='bbox 1556 1284 1622 1309; x_wconf 86' lang='grc'>790.</span> 
     </span>
     <span class='ocr_line' id='line_1_81' title="bbox 883 1321 1624 1360; baseline -0.001 -9"><span class='ocrx_word' id='word_1_607' title='bbox 883 1328 947 1351; x_wconf 81' lang='grc'>796.</span> <span class='ocrx_word' id='word_1_608' title='bbox 961 1323 1069 1352; x_wconf 85' lang='lat' dir='ltr'>Juliano</span> <span class='ocrx_word' id='word_1_609' title='bbox 1080 1321 1330 1360; x_wconf 79' lang='lat' dir='ltr'>impe1·ante‚Judaei</span> <span class='ocrx_word' id='word_1_610' title='bbox 1342 1331 1397 1350; x_wconf 89' lang='lat' dir='ltr'>sese</span> <span class='ocrx_word' id='word_1_611' title='bbox 1407 1331 1468 1349; x_wconf 91' lang='lat' dir='ltr'>cum</span> <span class='ocrx_word' id='word_1_612' title='bbox 1479 1321 1624 1359; x_wconf 81' lang='lat' dir='ltr'>gentilibus</span> 
     </span>
     <span class='ocr_line' id='line_1_82' title="bbox 879 1365 1624 1405; baseline -0.001 -10"><span class='ocrx_word' id='word_1_613' title='bbox 879 1366 1047 1405; x_wconf 80' lang='lat' dir='ltr'>jungebant,</span> <span class='ocrx_word' id='word_1_614' title='bbox 1068 1372 1093 1393; x_wconf 92' lang='lat' dir='ltr'>et</span> <span class='ocrx_word' id='word_1_615' title='bbox 1117 1365 1226 1393; x_wconf 91' lang='lat' dir='ltr'>illorum</span> <span class='ocrx_word' id='word_1_616' title='bbox 1247 1375 1331 1393; x_wconf 87' lang='lat' dir='ltr'>mores</span> <span class='ocrx_word' id='word_1_617' title='bbox 1359 1365 1543 1395; x_wconf 85' lang='lat' dir='ltr'>sectabantur.</span> <span class='ocrx_word' id='word_1_618' title='bbox 1568 1373 1624 1394; x_wconf 69' lang='lat' dir='ltr'>VII.</span> 
     </span>
     <span class='ocr_line' id='line_1_83' title="bbox 884 1414 1036 1438; baseline -0.007 0"><span class='ocrx_word' id='word_1_619' title='bbox 884 1414 946 1438; x_wconf 84' lang='lat'>520.</span> <span class='ocrx_word' id='word_1_620' title='bbox 964 1421 990 1438; x_wconf 81' lang='lat' dir='ltr'>E.</span> <span class='ocrx_word' id='word_1_621' title='bbox 1008 1420 1036 1437; x_wconf 79' lang='lat' dir='ltr'>A.</span> 
     </span>
    </p>

    <p class='ocr_par' dir='ltr' id='par_1_5' title="bbox 882 1456 1628 2633">
     <span class='ocr_line' id='line_1_84' title="bbox 921 1456 1620 1493; baseline 0.003 -8"><span class='ocrx_word' id='word_1_622' title='bbox 921 1457 1022 1493; x_wconf 82' lang='lat' dir='ltr'>Judaei,</span> <span class='ocrx_word' id='word_1_623' title='bbox 1034 1457 1135 1485; x_wconf 83' lang='lat' dir='ltr'>inimici</span> <span class='ocrx_word' id='word_1_624' title='bbox 1148 1457 1242 1491; x_wconf 83' lang='lat' dir='ltr'>nostri,</span> <span class='ocrx_word' id='word_1_625' title='bbox 1251 1456 1448 1486; x_wconf 79' lang='lat' dir='ltr'>librosVeteriS</span> <span class='ocrx_word' id='word_1_626' title='bbox 1455 1458 1620 1487; x_wconf 81' lang='lat' dir='ltr'>Testamenti</span> 
     </span>
     <span class='ocr_line' id='line_1_85' title="bbox 883 1501 1624 1540; baseline 0 -10"><span class='ocrx_word' id='word_1_627' title='bbox 883 1508 989 1530; x_wconf 85' lang='lat' dir='ltr'>servant</span> <span class='ocrx_word' id='word_1_628' title='bbox 1001 1501 1073 1540; x_wconf 87' lang='lat' dir='ltr'>apud</span> <span class='ocrx_word' id='word_1_629' title='bbox 1083 1511 1118 1529; x_wconf 83' lang='lat' dir='ltr'>se.</span> <span class='ocrx_word' id='word_1_630' title='bbox 1136 1508 1153 1529; x_wconf 90' lang='lat' dir='ltr'>I.</span> <span class='ocrx_word' id='word_1_631' title='bbox 1169 1506 1235 1529; x_wconf 90' lang='lat'>700.</span> <span class='ocrx_word' id='word_1_632' title='bbox 1252 1511 1278 1530; x_wconf 83' lang='lat' dir='ltr'>c.</span> <span class='ocrx_word' id='word_1_633' title='bbox 1297 1507 1330 1528; x_wconf 82' lang='lat' dir='ltr'>V.</span> <span class='ocrx_word' id='word_1_634' title='bbox 1348 1505 1410 1528; x_wconf 88' lang='lat'>191.</span> <span class='ocrx_word' id='word_1_635' title='bbox 1427 1511 1451 1528; x_wconf 87' lang='lat' dir='ltr'>B.</span> <span class='ocrx_word' id='word_1_636' title='bbox 1466 1511 1490 1529; x_wconf 87' lang='lat' dir='ltr'>c.</span> <span class='ocrx_word' id='word_1_637' title='bbox 1508 1501 1624 1539; x_wconf 83' lang='lat' dir='ltr'>[deoque</span> 
     </span>
     <span class='ocr_line' id='line_1_86' title="bbox 884 1544 1623 1583; baseline 0.001 -10"><span class='ocrx_word' id='word_1_638' title='bbox 884 1545 970 1583; x_wconf 87' lang='lat' dir='ltr'>magis</span> <span class='ocrx_word' id='word_1_639' title='bbox 987 1544 1124 1583; x_wconf 83' lang='lat' dir='ltr'>culpandi.</span> <span class='ocrx_word' id='word_1_640' title='bbox 1143 1551 1165 1573; x_wconf 89' lang='grc'>1.</span> <span class='ocrx_word' id='word_1_641' title='bbox 1181 1549 1245 1572; x_wconf 82' lang='grc'>724.</span> <span class='ocrx_word' id='word_1_642' title='bbox 1264 1544 1327 1572; x_wconf 83' lang='grc'>11105</span> <span class='ocrx_word' id='word_1_643' title='bbox 1344 1544 1452 1581; x_wconf 81' lang='lat' dir='ltr'>legunt,</span> <span class='ocrx_word' id='word_1_644' title='bbox 1473 1551 1497 1572; x_wconf 90' lang='lat' dir='ltr'>et</span> <span class='ocrx_word' id='word_1_645' title='bbox 1512 1555 1562 1573; x_wconf 87' lang='lat' dir='ltr'>non</span> <span class='ocrx_word' id='word_1_646' title='bbox 1580 1546 1623 1574; x_wconf 83' lang='lat' dir='ltr'>in-</span> 
     </span>
     <span class='ocr_line' id='line_1_87' title="bbox 885 1587 1624 1627; baseline -0.001 -10"><span class='ocrx_word' id='word_1_647' title='bbox 885 1589 1017 1627; x_wconf 87' lang='lat' dir='ltr'>telligunt.</span> <span class='ocrx_word' id='word_1_648' title='bbox 1039 1595 1072 1617; x_wconf 68' lang='lat' dir='ltr'>V.</span> <span class='ocrx_word' id='word_1_649' title='bbox 1091 1593 1153 1616; x_wconf 86' lang='grc'>191.</span> <span class='ocrx_word' id='word_1_650' title='bbox 1174 1598 1199 1615; x_wconf 85' lang='lat' dir='ltr'>c.</span> <span class='ocrx_word' id='word_1_651' title='bbox 1217 1587 1346 1626; x_wconf 78' lang='lat' dir='ltr'>injuriose</span> <span class='ocrx_word' id='word_1_652' title='bbox 1361 1594 1386 1615; x_wconf 91' lang='lat' dir='ltr'>ct</span> <span class='ocrx_word' id='word_1_653' title='bbox 1401 1598 1461 1618; x_wconf 87' lang='lat' dir='ltr'>cum</span> <span class='ocrx_word' id='word_1_654' title='bbox 1479 1588 1624 1626; x_wconf 81' lang='lat' dir='ltr'>ignominia</span> 
     </span>
     <span class='ocr_line' id='line_1_88' title="bbox 886 1632 1624 1672; baseline -0.003 -9"><span class='ocrx_word' id='word_1_655' title='bbox 886 1641 999 1663; x_wconf 89' lang='lat' dir='ltr'>tractant</span> <span class='ocrx_word' id='word_1_656' title='bbox 1021 1635 1134 1672; x_wconf 84' lang='lat' dir='ltr'>Moysen</span> <span class='ocrx_word' id='word_1_657' title='bbox 1153 1639 1178 1660; x_wconf 92' lang='lat' dir='ltr'>et</span> <span class='ocrx_word' id='word_1_658' title='bbox 1197 1632 1353 1671; x_wconf 81' lang='lat' dir='ltr'>prophetas.</span> <span class='ocrx_word' id='word_1_659' title='bbox 1373 1639 1392 1660; x_wconf 90' lang='lat'>1.</span> <span class='ocrx_word' id='word_1_660' title='bbox 1411 1637 1474 1661; x_wconf 79' lang='lat'>725.</span> <span class='ocrx_word' id='word_1_661' title='bbox 1491 1644 1518 1661; x_wconf 79' lang='lat' dir='ltr'>c.</span> <span class='ocrx_word' id='word_1_662' title='bbox 1536 1634 1624 1662; x_wconf 70' lang='lat' dir='ltr'>Judaei</span> 
     </span>
     <span class='ocr_line' id='line_1_89' title="bbox 886 1676 1625 1716; baseline -0.001 -10"><span class='ocrx_word' id='word_1_663' title='bbox 886 1677 1020 1716; x_wconf 89' lang='lat' dir='ltr'>quomodo</span> <span class='ocrx_word' id='word_1_664' title='bbox 1043 1676 1209 1705; x_wconf 83' lang='lat' dir='ltr'>confutandi.</span> <span class='ocrx_word' id='word_1_665' title='bbox 1233 1683 1278 1704; x_wconf 72' lang='lat' dir='ltr'>VI.</span> <span class='ocrx_word' id='word_1_666' title='bbox 1301 1681 1345 1704; x_wconf 83' lang='lat'>22.</span> <span class='ocrx_word' id='word_1_667' title='bbox 1364 1687 1389 1705; x_wconf 75' lang='grc' dir='ltr'>Β.</span> <span class='ocrx_word' id='word_1_668' title='bbox 1413 1676 1456 1704; x_wconf 72' lang='lat' dir='ltr'>Ex</span> <span class='ocrx_word' id='word_1_669' title='bbox 1476 1677 1625 1715; x_wconf 86' lang='lat' dir='ltr'>Scripturis</span> 
     </span>
     <span class='ocr_line' id='line_1_90' title="bbox 885 1720 1623 1760; baseline 0 -10"><span class='ocrx_word' id='word_1_670' title='bbox 885 1723 1087 1760; x_wconf 85' lang='lat' dir='ltr'>impugnantur.</span> <span class='ocrx_word' id='word_1_671' title='bbox 1101 1728 1147 1749; x_wconf 68' lang='lat' dir='ltr'>VI.</span> <span class='ocrx_word' id='word_1_672' title='bbox 1164 1724 1224 1748; x_wconf 82' lang='lat'>127.</span> <span class='ocrx_word' id='word_1_673' title='bbox 1238 1730 1262 1748; x_wconf 86' lang='lat' dir='ltr'>e.</span> <span class='ocrx_word' id='word_1_674' title='bbox 1275 1730 1304 1747; x_wconf 87' lang='lat' dir='ltr'>n.</span> <span class='ocrx_word' id='word_1_675' title='bbox 1317 1720 1366 1747; x_wconf 91' lang='lat' dir='ltr'>Per</span> <span class='ocrx_word' id='word_1_676' title='bbox 1376 1720 1525 1758; x_wconf 87' lang='lat' dir='ltr'>psalmum,</span> <span class='ocrx_word' id='word_1_677' title='bbox 1538 1722 1623 1750; x_wconf 64' lang='lat' dir='ltr'>Dixit</span> 
     </span>
     <span class='ocr_line' id='line_1_91' title="bbox 885 1763 1625 1799; baseline 0 -6"><span class='ocrx_word' id='word_1_678' title='bbox 885 1766 1041 1799; x_wconf 84' lang='lat' dir='ltr'>Dominus,</span> <span class='ocrx_word' id='word_1_679' title='bbox 1057 1763 1237 1792; x_wconf 82' lang='lat' dir='ltr'>confutantur.</span> <span class='ocrx_word' id='word_1_680' title='bbox 1252 1770 1284 1791; x_wconf 63' lang='lat' dir='ltr'>V.</span> <span class='ocrx_word' id='word_1_681' title='bbox 1300 1767 1364 1790; x_wconf 79' lang='lat'>298.</span> <span class='ocrx_word' id='word_1_682' title='bbox 1377 1774 1402 1794; x_wconf 76' lang='grc' dir='ltr'>Β,</span> <span class='ocrx_word' id='word_1_683' title='bbox 1417 1768 1480 1791; x_wconf 87' lang='lat'>299.</span> <span class='ocrx_word' id='word_1_684' title='bbox 1496 1765 1625 1793; x_wconf 81' lang='lat' dir='ltr'>Dicebant</span> 
     </span>
     <span class='ocr_line' id='line_1_92' title="bbox 886 1807 1625 1844; baseline 0.001 -8"><span class='ocrx_word' id='word_1_685' title='bbox 886 1808 956 1836; x_wconf 88' lang='lat' dir='ltr'>illud</span> <span class='ocrx_word' id='word_1_686' title='bbox 966 1807 1089 1842; x_wconf 55' lang='lat' dir='ltr'>Das-ldis,</span> <span class='ocrx_word' id='word_1_687' title='bbox 1102 1809 1184 1835; x_wconf 58' lang='lat' dir='ltr'>Dixit</span> <span class='ocrx_word' id='word_1_688' title='bbox 1201 1808 1346 1834; x_wconf 77' lang='lat' dir='ltr'>Dominus</span> <span class='ocrx_word' id='word_1_689' title='bbox 1358 1808 1484 1835; x_wconf 81' lang='lat' dir='ltr'>Domino</span> <span class='ocrx_word' id='word_1_690' title='bbox 1497 1819 1569 1844; x_wconf 80' lang='lat' dir='ltr'>meo,</span> <span class='ocrx_word' id='word_1_691' title='bbox 1583 1809 1625 1838; x_wconf 80' lang='lat' dir='ltr'>vel</span> 
     </span>
     <span class='ocr_line' id='line_1_93' title="bbox 886 1850 1623 1889; baseline 0.001 -8"><span class='ocrx_word' id='word_1_692' title='bbox 886 1852 921 1881; x_wconf 78' lang='lat' dir='ltr'>de</span> <span class='ocrx_word' id='word_1_693' title='bbox 934 1852 1088 1886; x_wconf 83' lang='lat' dir='ltr'>Abraham,</span> <span class='ocrx_word' id='word_1_694' title='bbox 1103 1851 1146 1879; x_wconf 78' lang='lat' dir='ltr'>vel</span> <span class='ocrx_word' id='word_1_695' title='bbox 1165 1850 1198 1879; x_wconf 84' lang='lat' dir='ltr'>de</span> <span class='ocrx_word' id='word_1_696' title='bbox 1209 1850 1358 1878; x_wconf 79' lang='lat' dir='ltr'>Zorohabel</span> <span class='ocrx_word' id='word_1_697' title='bbox 1370 1851 1492 1889; x_wconf 79' lang='lat' dir='ltr'>intelligi.</span> <span class='ocrx_word' id='word_1_698' title='bbox 1509 1859 1541 1880; x_wconf 67' lang='lat' dir='ltr'>V.</span> <span class='ocrx_word' id='word_1_699' title='bbox 1559 1857 1623 1882; x_wconf 83' lang='lat'>299.</span> 
     </span>
     <span class='ocr_line' id='line_1_94' title="bbox 887 1894 1624 1934; baseline 0.001 -10"><span class='ocrx_word' id='word_1_700' title='bbox 887 1907 914 1925; x_wconf 86' lang='lat' dir='ltr'>D.</span> <span class='ocrx_word' id='word_1_701' title='bbox 929 1907 954 1924; x_wconf 82' lang='lat' dir='ltr'>E.</span> <span class='ocrx_word' id='word_1_702' title='bbox 971 1896 1025 1924; x_wconf 83' lang='lat' dir='ltr'>Alii</span> <span class='ocrx_word' id='word_1_703' title='bbox 1038 1895 1072 1923; x_wconf 89' lang='lat' dir='ltr'>dc</span> <span class='ocrx_word' id='word_1_704' title='bbox 1090 1895 1189 1934; x_wconf 86' lang='lat' dir='ltr'>populo</span> <span class='ocrx_word' id='word_1_705' title='bbox 1202 1895 1283 1923; x_wconf 74' lang='lat' dir='ltr'>verba</span> <span class='ocrx_word' id='word_1_706' title='bbox 1300 1894 1356 1922; x_wconf 76' lang='lat' dir='ltr'>haec</span> <span class='ocrx_word' id='word_1_707' title='bbox 1369 1894 1624 1934; x_wconf 82' lang='lat' dir='ltr'>interpretabantur.</span> 
     </span>
     <span class='ocr_line' id='line_1_95' title="bbox 887 1938 1625 1969; baseline 0.001 -1"><span class='ocrx_word' id='word_1_708' title='bbox 887 1947 917 1968; x_wconf 75' lang='lat' dir='ltr'>V.</span> <span class='ocrx_word' id='word_1_709' title='bbox 940 1945 1004 1968; x_wconf 86' lang='lat'>299.</span> <span class='ocrx_word' id='word_1_710' title='bbox 1027 1950 1055 1968; x_wconf 69' lang='lat' dir='ltr'>a.</span> <span class='ocrx_word' id='word_1_711' title='bbox 1079 1949 1103 1967; x_wconf 77' lang='grc' dir='ltr'>Β.</span> <span class='ocrx_word' id='word_1_712' title='bbox 1128 1943 1191 1967; x_wconf 89' lang='lat'>300.</span> <span class='ocrx_word' id='word_1_713' title='bbox 1211 1938 1299 1968; x_wconf 79' lang='lat' dir='ltr'>Judaei</span> <span class='ocrx_word' id='word_1_714' title='bbox 1319 1939 1500 1967; x_wconf 84' lang='lat' dir='ltr'>confutantur.</span> <span class='ocrx_word' id='word_1_715' title='bbox 1526 1947 1559 1968; x_wconf 71' lang='lat' dir='ltr'>v.</span> <span class='ocrx_word' id='word_1_716' title='bbox 1580 1945 1625 1969; x_wconf 77' lang='grc'>93.</span> 
     </span>
     <span class='ocr_line' id='line_1_96' title="bbox 885 1985 1625 2013; baseline 0.001 -1"><span class='ocrx_word' id='word_1_717' title='bbox 885 1994 912 2012; x_wconf 85' lang='lat' dir='ltr'>c.</span> <span class='ocrx_word' id='word_1_718' title='bbox 937 1995 964 2012; x_wconf 88' lang='lat' dir='ltr'>D.</span> <span class='ocrx_word' id='word_1_719' title='bbox 990 1990 1052 2012; x_wconf 91' lang='grc'>100.</span> <span class='ocrx_word' id='word_1_720' title='bbox 1071 1991 1127 2012; x_wconf 80' lang='lat' dir='ltr'>vu.</span> <span class='ocrx_word' id='word_1_721' title='bbox 1147 1988 1212 2011; x_wconf 82' lang='lat'>739.</span> <span class='ocrx_word' id='word_1_722' title='bbox 1236 1995 1261 2011; x_wconf 92' lang='lat' dir='ltr'>A.</span> <span class='ocrx_word' id='word_1_723' title='bbox 1286 1990 1354 2011; x_wconf 80' lang='lat' dir='ltr'>VIII.</span> <span class='ocrx_word' id='word_1_724' title='bbox 1380 1988 1443 2012; x_wconf 85' lang='lat'>283.</span> <span class='ocrx_word' id='word_1_725' title='bbox 1467 1985 1586 2012; x_wconf 78' lang='lat' dir='ltr'>maxime</span> <span class='ocrx_word' id='word_1_726' title='bbox 1610 1996 1625 2013; x_wconf 86' lang='lat' dir='ltr'>a</span> 
     </span>
     <span class='ocr_line' id='line_1_97' title="bbox 886 2027 1624 2066; baseline 0.001 -10"><span class='ocrx_word' id='word_1_727' title='bbox 886 2028 980 2056; x_wconf 88' lang='lat' dir='ltr'>Paulo.</span> <span class='ocrx_word' id='word_1_728' title='bbox 1006 2035 1066 2056; x_wconf 77' lang='lat' dir='ltr'>XII.</span> <span class='ocrx_word' id='word_1_729' title='bbox 1089 2032 1134 2055; x_wconf 88' lang='lat'>36.</span> <span class='ocrx_word' id='word_1_730' title='bbox 1157 2038 1186 2056; x_wconf 84' lang='lat' dir='ltr'>n.</span> <span class='ocrx_word' id='word_1_731' title='bbox 1206 2032 1252 2055; x_wconf 90' lang='grc'>37.</span> <span class='ocrx_word' id='word_1_732' title='bbox 1275 2027 1374 2055; x_wconf 87' lang='lat' dir='ltr'>Contra</span> <span class='ocrx_word' id='word_1_733' title='bbox 1396 2027 1504 2056; x_wconf 78' lang='lat' dir='ltr'>Judaeos</span> <span class='ocrx_word' id='word_1_734' title='bbox 1524 2029 1624 2066; x_wconf 77' lang='lat' dir='ltr'>agitur.</span> 
     </span>
     <span class='ocr_line' id='line_1_98' title="bbox 886 2070 1623 2103; baseline 0.001 -4"><span class='ocrx_word' id='word_1_735' title='bbox 886 2078 942 2099; x_wconf 77' lang='lat' dir='ltr'>VII.</span> <span class='ocrx_word' id='word_1_736' title='bbox 957 2075 1021 2099; x_wconf 84' lang='lat'>472.</span> <span class='ocrx_word' id='word_1_737' title='bbox 1041 2070 1172 2100; x_wconf 90' lang='lat' dir='ltr'>Validum</span> <span class='ocrx_word' id='word_1_738' title='bbox 1186 2077 1277 2099; x_wconf 84' lang='lat' dir='ltr'>contra</span> <span class='ocrx_word' id='word_1_739' title='bbox 1291 2070 1352 2098; x_wconf 89' lang='lat' dir='ltr'>illos</span> <span class='ocrx_word' id='word_1_740' title='bbox 1364 2070 1455 2099; x_wconf 78' lang='lat' dir='ltr'>telum.</span> <span class='ocrx_word' id='word_1_741' title='bbox 1473 2078 1516 2099; x_wconf 72' lang='lat' dir='ltr'>VI.</span> <span class='ocrx_word' id='word_1_742' title='bbox 1532 2076 1578 2100; x_wconf 80' lang='lat'>25.</span> <span class='ocrx_word' id='word_1_743' title='bbox 1596 2083 1623 2103; x_wconf 82' lang='lat' dir='ltr'>E.</span> 
     </span>
     <span class='ocr_line' id='line_1_99' title="bbox 886 2113 1625 2153; baseline 0.003 -10"><span class='ocrx_word' id='word_1_744' title='bbox 886 2119 930 2143; x_wconf 84' lang='lat'>26.</span> <span class='ocrx_word' id='word_1_745' title='bbox 953 2114 1038 2142; x_wconf 77' lang='lat' dir='ltr'>Aliud</span> <span class='ocrx_word' id='word_1_746' title='bbox 1062 2121 1152 2142; x_wconf 85' lang='lat' dir='ltr'>contra</span> <span class='ocrx_word' id='word_1_747' title='bbox 1173 2114 1283 2143; x_wconf 74' lang='lat' dir='ltr'>Judaeos</span> <span class='ocrx_word' id='word_1_748' title='bbox 1300 2113 1404 2152; x_wconf 84' lang='lat' dir='ltr'>insigne</span> <span class='ocrx_word' id='word_1_749' title='bbox 1424 2123 1625 2153; x_wconf 80' lang='lat' dir='ltr'>argumentum.</span> 
     </span>
     <span class='ocr_line' id='line_1_100' title="bbox 887 2157 1624 2197; baseline 0.003 -11"><span class='ocrx_word' id='word_1_750' title='bbox 887 2165 932 2186; x_wconf 79' lang='lat' dir='ltr'>VI.</span> <span class='ocrx_word' id='word_1_751' title='bbox 951 2162 996 2186; x_wconf 85' lang='lat'>27.</span> <span class='ocrx_word' id='word_1_752' title='bbox 1017 2168 1045 2185; x_wconf 86' lang='lat' dir='ltr'>n.</span> <span class='ocrx_word' id='word_1_753' title='bbox 1067 2162 1112 2186; x_wconf 87' lang='lat'>28.</span> <span class='ocrx_word' id='word_1_754' title='bbox 1132 2157 1289 2186; x_wconf 80' lang='lat' dir='ltr'>Judaeorum</span> <span class='ocrx_word' id='word_1_755' title='bbox 1308 2158 1458 2186; x_wconf 78' lang='lat' dir='ltr'>occurritur</span> <span class='ocrx_word' id='word_1_756' title='bbox 1481 2159 1624 2197; x_wconf 89' lang='lat' dir='ltr'>objectioni</span> 
     </span>
     <span class='ocr_line' id='line_1_101' title="bbox 886 2200 1622 2232; baseline 0.003 -2"><span class='ocrx_word' id='word_1_757' title='bbox 886 2201 954 2230; x_wconf 90' lang='lat' dir='ltr'>circa</span> <span class='ocrx_word' id='word_1_758' title='bbox 969 2211 1061 2230; x_wconf 78' lang='lat' dir='ltr'>vocem</span> <span class='ocrx_word' id='word_1_759' title='bbox 1078 2200 1248 2228; x_wconf 81' lang='lat' dir='ltr'>Emmanuel.</span> <span class='ocrx_word' id='word_1_760' title='bbox 1266 2207 1310 2228; x_wconf 65' lang='lat' dir='ltr'>VI.</span> <span class='ocrx_word' id='word_1_761' title='bbox 1330 2205 1374 2228; x_wconf 88' lang='lat'>19.</span> <span class='ocrx_word' id='word_1_762' title='bbox 1394 2211 1422 2228; x_wconf 88' lang='lat' dir='ltr'>n.</span> <span class='ocrx_word' id='word_1_763' title='bbox 1442 2207 1485 2230; x_wconf 84' lang='lat'>18.</span> <span class='ocrx_word' id='word_1_764' title='bbox 1505 2209 1561 2231; x_wconf 77' lang='lat' dir='ltr'>VII.</span> <span class='ocrx_word' id='word_1_765' title='bbox 1577 2208 1622 2232; x_wconf 87' lang='lat'>87.</span> 
     </span>
     <span class='ocr_line' id='line_1_102' title="bbox 885 2244 1625 2283; baseline 0.003 -10"><span class='ocrx_word' id='word_1_766' title='bbox 885 2244 1044 2274; x_wconf 82' lang='lat' dir='ltr'>Judaeorum</span> <span class='ocrx_word' id='word_1_767' title='bbox 1069 2244 1167 2282; x_wconf 84' lang='lat' dir='ltr'>pascha</span> <span class='ocrx_word' id='word_1_768' title='bbox 1191 2244 1331 2282; x_wconf 78' lang='lat' dir='ltr'>impugnat</span> <span class='ocrx_word' id='word_1_769' title='bbox 1352 2244 1570 2283; x_wconf 84' lang='lat' dir='ltr'>Chrysostomus.</span> <span class='ocrx_word' id='word_1_770' title='bbox 1593 2254 1625 2275; x_wconf 85' lang='grc' dir='ltr'>ΙΙ.</span> 
     </span>
     <span class='ocr_line' id='line_1_103' title="bbox 885 2287 1626 2326; baseline 0.004 -10"><span class='ocrx_word' id='word_1_771' title='bbox 885 2293 948 2317; x_wconf 68' lang='grc'>452.</span> <span class='ocrx_word' id='word_1_772' title='bbox 960 2292 1023 2316; x_wconf 80' lang='grc'>463.</span> <span class='ocrx_word' id='word_1_773' title='bbox 1040 2294 1066 2315; x_wconf 75' lang='lat' dir='ltr'>A.</span> <span class='ocrx_word' id='word_1_774' title='bbox 1078 2289 1211 2326; x_wconf 86' lang='lat' dir='ltr'>Tempore</span> <span class='ocrx_word' id='word_1_775' title='bbox 1221 2288 1250 2316; x_wconf 85' lang='lat' dir='ltr'>S.</span> <span class='ocrx_word' id='word_1_776' title='bbox 1265 2287 1382 2316; x_wconf 84' lang='lat' dir='ltr'>doctoris</span> <span class='ocrx_word' id='word_1_777' title='bbox 1391 2289 1481 2318; x_wconf 80' lang='lat' dir='ltr'>Judaei</span> <span class='ocrx_word' id='word_1_778' title='bbox 1493 2300 1581 2319; x_wconf 86' lang='lat' dir='ltr'>arcam</span> <span class='ocrx_word' id='word_1_779' title='bbox 1599 2301 1626 2319; x_wconf 89' lang='lat' dir='ltr'>se</span> 
     </span>
     <span class='ocr_line' id='line_1_104' title="bbox 882 2331 1626 2372; baseline 0.007 -13"><span class='ocrx_word' id='word_1_780' title='bbox 882 2331 1041 2372; x_wconf 86' lang='lat' dir='ltr'>jactitabant</span> <span class='ocrx_word' id='word_1_781' title='bbox 1051 2331 1159 2359; x_wconf 85' lang='lat' dir='ltr'>habere.</span> <span class='ocrx_word' id='word_1_782' title='bbox 1172 2339 1191 2360; x_wconf 91' lang='lat' dir='ltr'>I.</span> <span class='ocrx_word' id='word_1_783' title='bbox 1208 2337 1272 2360; x_wconf 86' lang='lat'>807.</span> <span class='ocrx_word' id='word_1_784' title='bbox 1291 2333 1439 2361; x_wconf 84' lang='lat' dir='ltr'>c.Peeunia</span> <span class='ocrx_word' id='word_1_785' title='bbox 1448 2334 1594 2372; x_wconf 88' lang='lat' dir='ltr'>pollebant.</span> <span class='ocrx_word' id='word_1_786' title='bbox 1606 2342 1626 2363; x_wconf 93' lang='grc'>1.</span> 
     </span>
     <span class='ocr_line' id='line_1_105' title="bbox 885 2375 1627 2416; baseline 0.003 -12"><span class='ocrx_word' id='word_1_787' title='bbox 885 2380 950 2404; x_wconf 89' lang='grc'>709.</span> <span class='ocrx_word' id='word_1_788' title='bbox 969 2386 996 2403; x_wconf 76' lang='lat' dir='ltr'>A.</span> <span class='ocrx_word' id='word_1_789' title='bbox 1012 2375 1052 2402; x_wconf 80' lang='lat' dir='ltr'>Ah</span> <span class='ocrx_word' id='word_1_790' title='bbox 1064 2375 1188 2403; x_wconf 85' lang='lat' dir='ltr'>omnibus</span> <span class='ocrx_word' id='word_1_791' title='bbox 1204 2375 1329 2413; x_wconf 88' lang='lat' dir='ltr'>undique</span> <span class='ocrx_word' id='word_1_792' title='bbox 1341 2376 1441 2404; x_wconf 85' lang='lat' dir='ltr'>tributa</span> <span class='ocrx_word' id='word_1_793' title='bbox 1452 2377 1579 2416; x_wconf 84' lang='lat' dir='ltr'>colligens</span> <span class='ocrx_word' id='word_1_794' title='bbox 1590 2378 1627 2405; x_wconf 89' lang='lat' dir='ltr'>il-</span> 
     </span>
     <span class='ocr_line' id='line_1_106' title="bbox 885 2419 1624 2458; baseline 0.005 -10"><span class='ocrx_word' id='word_1_795' title='bbox 885 2420 973 2448; x_wconf 86' lang='lat' dir='ltr'>lorum</span> <span class='ocrx_word' id='word_1_796' title='bbox 983 2419 1144 2458; x_wconf 71' lang='lat' dir='ltr'>patriarcha,</span> <span class='ocrx_word' id='word_1_797' title='bbox 1160 2419 1304 2447; x_wconf 88' lang='lat' dir='ltr'>immensos</span> <span class='ocrx_word' id='word_1_798' title='bbox 1314 2420 1466 2458; x_wconf 81' lang='lat' dir='ltr'>possidebat</span> <span class='ocrx_word' id='word_1_799' title='bbox 1475 2422 1624 2452; x_wconf 85' lang='lat' dir='ltr'>thesauros.</span> 
     </span>
     <span class='ocr_line' id='line_1_107' title="bbox 885 2463 1627 2497; baseline 0.007 -7"><span class='ocrx_word' id='word_1_800' title='bbox 885 2465 929 2492; x_wconf 84' lang='lat' dir='ltr'>Ib.</span> <span class='ocrx_word' id='word_1_801' title='bbox 945 2463 1078 2491; x_wconf 77' lang='lat' dir='ltr'>Rudiores</span> <span class='ocrx_word' id='word_1_802' title='bbox 1094 2463 1263 2491; x_wconf 86' lang='lat' dir='ltr'>Christianos</span> <span class='ocrx_word' id='word_1_803' title='bbox 1282 2464 1418 2492; x_wconf 89' lang='lat' dir='ltr'>terriculis</span> <span class='ocrx_word' id='word_1_804' title='bbox 1436 2466 1589 2497; x_wconf 77' lang='lat' dir='ltr'>movebant.</span> <span class='ocrx_word' id='word_1_805' title='bbox 1607 2475 1627 2496; x_wconf 92' lang='lat'>1.</span> 
     </span>
     <span class='ocr_line' id='line_1_108' title="bbox 885 2507 1626 2546; baseline 0.005 -11"><span class='ocrx_word' id='word_1_806' title='bbox 885 2507 1081 2536; x_wconf 68' lang='lat' dir='ltr'>722.A.Choros</span> <span class='ocrx_word' id='word_1_807' title='bbox 1089 2507 1223 2543; x_wconf 87' lang='lat' dir='ltr'>mollium,</span> <span class='ocrx_word' id='word_1_808' title='bbox 1234 2514 1368 2546; x_wconf 87' lang='lat' dir='ltr'>stupratas</span> <span class='ocrx_word' id='word_1_809' title='bbox 1383 2509 1566 2545; x_wconf 83' lang='lat' dir='ltr'>mulierculas,</span> <span class='ocrx_word' id='word_1_810' title='bbox 1578 2511 1626 2539; x_wconf 89' lang='lat' dir='ltr'>ho-</span> 
     </span>
     <span class='ocr_line' id='line_1_109' title="bbox 886 2551 1626 2593; baseline 0.007 -15"><span class='ocrx_word' id='word_1_811' title='bbox 886 2551 970 2579; x_wconf 82' lang='lat' dir='ltr'>mines</span> <span class='ocrx_word' id='word_1_812' title='bbox 987 2551 1113 2585; x_wconf 86' lang='lat' dir='ltr'>scenicos,</span> <span class='ocrx_word' id='word_1_813' title='bbox 1127 2561 1157 2579; x_wconf 85' lang='lat' dir='ltr'>ac</span> <span class='ocrx_word' id='word_1_814' title='bbox 1170 2551 1301 2580; x_wconf 87' lang='lat' dir='ltr'>theatrum</span> <span class='ocrx_word' id='word_1_815' title='bbox 1323 2553 1478 2581; x_wconf 75' lang='lat' dir='ltr'>universum</span> <span class='ocrx_word' id='word_1_816' title='bbox 1493 2554 1526 2582; x_wconf 86' lang='lat' dir='ltr'>ad</span> <span class='ocrx_word' id='word_1_817' title='bbox 1546 2565 1626 2593; x_wconf 89' lang='lat' dir='ltr'>syna-</span> 
     </span>
     <span class='ocr_line' id='line_1_110' title="bbox 887 2595 1628 2633; baseline 0.005 -10"><span class='ocrx_word' id='word_1_818' title='bbox 887 2595 1396 2633; x_wconf 76' lang='lat' dir='ltr'>gogamtrahcbant‚1.720.ss..ludaici</span> <span class='ocrx_word' id='word_1_819' title='bbox 1421 2597 1488 2626; x_wconf 81' lang='lat' dir='ltr'>ritus</span> <span class='ocrx_word' id='word_1_820' title='bbox 1509 2608 1560 2626; x_wconf 84' lang='lat' dir='ltr'>nou</span> <span class='ocrx_word' id='word_1_821' title='bbox 1581 2598 1628 2627; x_wconf 87' lang='lat' dir='ltr'>ob-</span> 
     </span>
    </p>
   </div>
  </div>
 </body>
</html>
